2767 4492
255 293 311 475 1333
318 397 375 460 ine
388 397 548 474 praefixum
562 401 614 470 est,
628 395 686 456 nisi
700 305 934 471 manlios
948 395 1090 456 socialiter
1098 391 1315 470 praestandum

256 500 290 544 ac
309 484 362 542 rite
376 483 611 558 promovendum.
633 483 664 542 ld
678 497 747 541 vero
762 481 888 542 maxime
904 481 1000 540 locum
1014 480 1101 540 babet
1121 479 1152 539 in
1168 480 1316 554 religione

255 569 379 628 revelata
393 574 421 628 et
435 567 535 628 dbristi
550 567 691 640 Ecclesia,
708 567 740 625 in
755 582 812 640 qna
826 567 894 625 ordo
909 570 938 626 ct
951 565 1122 625 oeconomia
1136 574 1317 638 supernatu-

254 653 323 712 ralis
333 652 448 712 omnino
463 657 514 712 est.
528 652 568 712 lix
583 667 639 725 qno
656 651 687 710 flt
701 656 733 710 ut
747 666 854 711 munus
864 651 927 711 eins
942 650 1201 725 oematnrproprie
1216 651 1252 710 in
1262 651 1316 709 ad·

254 737 463 796 ministratione
479 738 586 812 gratiae
600 741 629 795 et
642 737 739 796 divim
750 736 828 795 cnltn
843 736 880 795 ad
893 736 944 795 llei
958 735 1081 809 gloriam
1096 739 1124 794 ct
1137 741 1315 809 supernatu-

255 821 345 882 ralem
360 823 481 882 salutem
495 822 657 882 animarum
671 821 895 896 procurandam,
912 836 946 880 ac
961 821 987 880 si
1001 819 1075 893 alia,
1090 835 1165 893 qnae
1178 819 1317 878 bumana

254 913 337 982 sunt,
354 908 482 981 attinglt3
501 908 531 967 in
547 913 659 966 tantum
674 906 806 980 attingit,
824 907 856 966 in
871 912 1012 981 qnantum
1026 905 1094 964 bnie
1108 917 1197 979 scopo
1211 919 1316 964 neces·

255 993 331 1052 saria
342 998 409 1053 sunt
422 998 471 1052 ant
486 993 584 1052 saltem
600 994 762 1052 conferunt.
775 993 855 1051 Unde
869 993 1018 1066 Apostolus
1032 990 1185 1050 sacerdotii
1198 1003 1316 1050 munus

255 1077 379 1137 declarat
393 1077 438 1136 bis
449 1077 556 1136 verbis:
573 1077 673 1136 Omnis
688 1076 820 1151 pontisera
833 1093 869 1136 aa
885 1075 1055 1135 bominibm
1068 1081 1247 1150 assumptas
1255 1091 1316 1150 pro

256 1163 423 1224 fwrrriuibus
438 1164 628 1223 constituitur
642 1164 733 1238 iniis,
747 1179 823 1237 quac
835 1163 961 1222 suntad
976 1163 1071 1222 Doara
1086 1165 1112 1220 l.
1123 1163 1196 1221 Tum
1212 1179 1334 1238 meros,

255 1248 418 1321 ministros,
446 1248 495 1322 qui
509 1248 649 1308 Ecclesiae
665 1249 799 1308 militiam
814 1249 982 1322 efformant,
1008 1249 1146 1306 admonet
1167 1263 1210 1306 ne
1222 1248 1315 1306 rebus

256 1334 433 1409 temporariis
447 1350 477 1394 se
492 1334 686 1394 immisceant:
703 1333 792 1392 Nemo
806 1334 942 1393 militaus
957 1333 1011 1392 liu
1027 1333 1162 1409 implicat
1176 1349 1209 1391 sc
1223 1349 1314 1408 rccqo·

245 1419 305 1478 tiis
320 1419 531 1488 sacerdoribus,
542 1428 576 1479 ut
590 1421 616 1478 ci
627 1420 744 1494 placem
756 1421 806 1479 aui
819 1436 849 1478 sc
864 1419 1001 1496 probavit
1016 1422 1041 1478 2.
1056 1418 1173 1488 Quoties
1188 1434 1265 1478 vem
1279 1421 1314 1478 de

255 1503 338 1564 bonis
363 1505 447 1564 liuius
462 1505 535 1564 vitae
550 1505 678 1578 disserit,
703 1504 776 1563 nibil
802 1505 980 1579 frequentius
1000 1504 1132 1564 fidelibus
1155 1504 1311 1578 inculcat,

255 1603 342 1663 qnam
353 1595 385 1647 nt
399 1590 466 1650 inde
480 1590 608 1648 animum
623 1590 801 1663 abstrahant,
818 1595 904 1664 atquo
919 1590 1027 1649 altioris
1041 1589 1110 1648 boni
1124 1589 1187 1648 sint
1200 1605 1315 1650 memo

253 1687 314 1732 res:
329 1673 385 1743 Oui
400 1681 532 1733 utuntur
542 1674 593 1732 lroc
606 1674 719 1733 mundo
737 1682 894 1748 tamquam
907 1690 970 1734 aaa
982 1681 1112 1733 utantur
1127 1676 1153 1748 ⁵3
1174 1673 1247 1733 Non
1261 1675 1315 1733 fro-

255 1756 353 1816 benius
369 1757 415 1816 liic
430 1766 598 1818 mausum
612 1760 768 1827 ciuitatem,
785 1759 834 1817 cca
848 1761 989 1833 suturam
1003 1759 1194 1835 inquirimus
1211 1763 1242 1832 *ς
1262 1760 1315 1818 Ab·

253 1849 389 1915 acqantcs
403 1843 583 1917 mpietatem
597 1849 623 1902 ot
637 1843 805 1903 caccabata
819 1844 965 1904 amictoria
978 1845 1072 1903 sobria
1087 1852 1113 1902 et
1126 1844 1210 1903 trista
1225 1853 1256 1904 ct
1268 1847 1316 1920 pic

253 1926 390 1984 sinamus
405 1927 438 1985 ia
453 1927 505 1986 boc
519 1928 647 1995 aarum,
665 1937 843 2003 aspectantes
865 1930 980 1989 beatam
997 1945 1078 2005 mam
1099 1937 1126 1987 ct
1143 1930 1317 1988 macutum

253 2011 366 2086 qloriaa
384 2013 489 2086 ruaqni
504 2013 554 2070 fici
570 2016 594 2070 ³.
611 2013 651 2071 En
667 2029 778 2088 scopos,
796 2015 843 2075 cni
858 2015 955 2074 fideles
970 2014 1153 2088 adlaborant3
1171 2031 1212 2074 en
1230 2017 1316 2091 spiri·

255 2101 300 2154 tus
314 2095 471 2170 Ecclesiae;
492 2113 528 2155 en
543 2097 672 2156 doctrina
692 2115 780 2172 qnam
793 2100 878 2159 nobis
897 2099 1075 2158 tradidemnt
1090 2099 1236 2173 Apostoli.
1264 2101 1315 2170 Qui

255 2195 320 2238 vcro
333 2181 857 2258 eontrariuminsinuant,reli„n‘onem
869 2184 1015 2244 exdivina
1027 2184 1239 2243 inhumanam
1251 2201 1316 2245 eon·
1359 2176 1360 2227 l

255 2269 384 2337 vertunt,
401 2266 488 2325 inimo
504 2267 590 2327 etiam
604 2268 731 2327 bumana
745 2269 909 2328 inferiorem
923 2268 1069 2343 efficiunt3
1089 2268 1247 2342 siquidem
1261 2319 1269 2344 ‚
1285 2275 1316 2328 nl
1358 2264 1360 2323 l

254 2347 329 2422 dixi,
346 2349 421 2409 intra
434 2350 511 2425 ipsos
526 2358 643 2412 naturae
660 2353 797 2412 terminos
811 2353 911 2427 religio
925 2369 984 2412 non
999 2353 1076 2412 alind
1091 2359 1207 2427 specim
1224 2371 1316 2429 qnam
1357 2360 1358 2417 l

253 2431 303 2492 Dci
321 2435 430 2494 cultum
449 2441 641 2496 etaeternam
660 2438 786 2497 bominis
803 2438 979 2499 beatitatem.
1002 2439 1098 2497 &tera
1118 2453 1212 2513 vero,
1241 2456 1317 2515 qnae
1356 2460 1357 2511 ,

251 2525 430 2593 praesentem
450 2521 614 2582 felicitatem
639 2523 760 2582 attinent
779 2529 808 2582 ct
824 2529 939 2583 mutuas
956 2523 1105 2582 bominum
1126 2522 1315 2599 relationes,
1355 2574 1356 2607 ,

252 2619 310 2663 non
329 2605 365 2663 ad
379 2605 542 2665 societatem
558 2607 784 2667 Ecclesiasticam
804 2608 854 2668 sed
874 2607 988 2668 civilem
1004 2608 1159 2682 pertinent.
1182 2607 1317 2668 Maxima
1354 2650 1356 2703 p

252 2695 349 2748 antem
363 2694 405 2750 cst
419 2692 593 2765 perturbatio
607 2693 756 2767 utriusque
769 2693 912 2752 societatis
927 2693 1025 2766 finem,
1039 2691 1158 2766 limites,
1174 2694 1224 2753 mi
1231 2695 1318 2754 niste

252 2773 339 2832 steria
354 2774 478 2834 invicem
493 2777 665 2837 confundere
681 2783 731 2836 aut
745 2782 930 2838 commutare.
1353 2746 1355 2799 ι

287 2859 318 2917 ld
335 2874 402 2919 vero
419 2875 476 2919 non
493 2865 569 2920 vetet
587 2863 740 2936 quominus
758 2864 858 2937 religio
877 2869 1026 2938 umquam
1041 2861 1181 2922 ellectum
1203 2880 1316 2927 secun
1352 2840 1354 2893 ἱ

253 2941 384 3022 darium,
402 2945 437 3003 ab
458 2945 520 3019 ipsa
539 2953 724 3022 manantem,
738 2948 902 3008 felicitatem
921 2950 1009 3008 etiam
1025 2947 1112 3007 buius
1128 2948 1216 3009 vitae
1231 2958 1263 3011 et
1278 2954 1316 3011 ci·
1351 2935 1353 2988 l

255 3028 340 3086 rilem
359 3029 528 3103 populorum
547 3033 688 3093 culturam
708 3035 843 3108 respiciat
858 3036 882 3093 ⁶.
904 3035 993 3093 immo
1012 3033 1037 3092 si
1055 3047 1103 3092 ras
1120 3033 1232 3095 sedulo
1252 3053 1316 3112 per·

254 3113 412 3189 pendatur,
434 3116 494 3175 sola
515 3118 671 3177 ortbodona
696 3119 795 3193 religio
812 3126 966 3192 utrumqne
985 3118 1084 3192 gignit.
1109 3117 1184 3177 llam
1207 3121 1238 3180 si
1256 3122 1316 3180 rita

253 3213 388 3274 praesens
405 3201 518 3260 futurae
536 3208 580 3262 est
598 3204 684 3262 veluti
703 3203 881 3279 praeparatio
899 3208 928 3264 et
945 3203 1082 3276 medinm,
1103 3203 1129 3262 si
1150 3206 1260 3266 media
1280 3223 1316 3267 ex

254 3283 312 3344 fine
338 3285 547 3364 diiudicentur,
567 3289 592 3350 si
614 3289 760 3363 dispositio
784 3289 901 3365 praevia
927 3287 1050 3350 subiecti
1068 3301 1106 3346 ex
1124 3289 1316 3362 perfectione

298 3427 309 3476 ⁴
329 3431 365 3479 affl
380 3429 450 3481 Helm
466 3451 486 3481 0.
503 3433 527 3482 3·

298 3507 313 3554 2
328 3509 351 3555 2.
367 3509 404 3557 Ad
420 3512 478 3558 Tim.
491 3513 514 3558 2.
532 3509 556 3558 i.

297 3583 346 3632 dl.
363 3587 399 3634 Ad
414 3590 467 3635 Cor.
484 3587 508 3634 7.
524 3588 547 3636 l.

298 3657 363 3709 lla
377 3665 448 3711 Helr.
461 3665 499 3712 lb.
518 3663 556 3713 lt.
624 3715 626 3718 .

297 3733 529 3790 clarisonas.

251 3811 557 3948 miwdmmprqurm
570 3833 669 3888 requam
682 3818 728 3876 bot
743 3822 766 3876 cl
779 3817 898 3875 tuatim
911 3817 971 3883 risa
985 3820 1008 3874 rt
1021 3817 1076 3873 laet
1091 3818 1178 3875 mais
1189 3823 1316 3880 mactes
