2767 4492
240 281 292 346 lut
564 289 792 342 uarmnrsrcaa
807 289 955 342 serenare

239 389 283 444 tas
296 381 369 442 ratio
378 385 422 442 est
435 384 593 456 opportuna
607 381 808 454 phaenomeni,
826 396 884 440 non
901 396 968 441 rero
977 375 1148 455 quiaomnis
1162 376 1296 442 sensatio

239 469 271 526 in
285 466 403 528 cerebro
413 465 472 539 ilat,
488 463 563 538 quod
577 463 761 522 vehementer
774 463 965 524 conscientiae
982 471 1130 540 repugnat.
1142 467 1200 524 llac
1209 467 1297 525 enim

214 585 216 596 =
240 552 376 632 docemur
390 549 580 609 sensationem
597 547 756 622 quamlibet
770 549 801 606 in
815 550 932 624 proprio
941 550 1041 623 perlici
1056 551 1196 624 sensorio;
1212 551 1293 624 quod

240 633 434 693 testimonium
448 633 473 691 si
488 632 536 690 lric
556 631 639 705 fallit,
662 632 761 690 nescio
776 648 828 691 cur
847 648 940 708 aequo
954 633 1017 693 iure
1036 633 1067 692 in
1081 634 1184 692 ceteris
1201 633 1296 693 etiam

240 734 300 778 non
313 715 480 789 mentiatur;
497 721 582 790 atqm
596 715 637 774 ita
646 715 678 774 in
693 715 910 790 scepticismum
923 717 972 776 det
981 717 1088 791 lapsus.

275 800 436 873 Acceditut
445 800 671 859 adversariorum
680 800 858 859 ratiocinatio
867 801 899 859 in
909 801 987 875 ipsos
996 802 1085 860 etiam
1094 802 1218 874 torqueri
1225 816 1295 875 pos·

241 886 287 945 sit.
304 886 375 944 llam
393 884 418 943 si
432 883 539 943 inferre
552 884 619 943 licet
633 883 825 943 sensationem
834 882 866 942 in
880 885 997 944 cerebro
1011 885 1122 958 perlici,
1140 891 1295 959 propterea

241 969 317 1043 quod
331 967 469 1041 ‘corrupto
484 967 600 1026 cerebro
620 968 744 1026 sensatio
758 968 867 1041 delicit,
888 969 952 1042 pari
978 969 1088 1028 ratione
1108 985 1194 1028 exeo
1214 971 1294 1044 quod

239 1053 380 1129 corruptis
392 1053 507 1126 organis
522 1052 645 1111 sensatio
658 1051 773 1126 desinit,
783 1054 827 1112 tas
837 1053 891 1111 erit
903 1053 1043 1113 deducere
1052 1055 1243 1114 sensationem
1257 1053 1293 1114 in

242 1139 356 1212 organis
372 1136 509 1196 exerceri.

278 1223 439 1283 Secundum
454 1227 663 1296 argumentum,
680 1222 757 1296 quod
771 1223 866 1281 aiebat
880 1221 999 1296 inteligi
1009 1231 1068 1282 non
1077 1239 1160 1298 posse
1171 1239 1292 1298 quomo·

241 1308 278 1367 do
292 1323 343 1366 ens
358 1307 480 1380 simplex
494 1311 523 1365 et
537 1306 650 1365 linitum
660 1307 710 1366 toti
724 1307 836 1381 corpori
851 1308 888 1366 sit
902 1323 1048 1382 praesens,
1060 1309 1221 1382 speciosum
1235 1314 1289 1381 est,

242 1392 293 1450 sed
303 1391 429 1465 pondere
443 1395 536 1450 uacat.
552 1391 621 1448 dam
632 1391 769 1449 sidicitur
784 1406 844 1450 non
856 1405 940 1465 posse
956 1391 1093 1465 intelligi,
1110 1392 1165 1450 hoc
1180 1397 1293 1451 tanmm

240 1491 335 1548 sensu,
352 1479 492 1549 quatenus
505 1474 606 1534 modus
621 1475 683 1533 eius
703 1481 828 1548 nequeat
853 1475 985 1534 distincte
1004 1477 1216 1549 comprehendi,
1236 1491 1293 1535 nec

240 1559 339 1619 sensili
354 1559 450 1632 aliqua
465 1559 590 1632 imagine
608 1559 826 1632 repraesentari
844 1559 874 1618 id
887 1559 971 1633 [ultro
999 1559 1162 1618 latebimnr.
1186 1560 1293 1618 ilerum

239 1659 299 1703 non
311 1643 378 1702 inde
391 1643 512 1702 infertur
525 1657 588 1724 reni
601 1643 696 1717 ipsam
709 1644 895 1702 reiiciendam
909 1659 981 1702 esse.
1004 1643 1091 1702 Secus
1111 1644 1204 1702 multa
1221 1643 1290 1717 alia,

241 1727 405 1802 ceteroquin
418 1725 545 1799 indubia,
561 1727 623 1800 pari
646 1727 757 1786 ratione
778 1728 1013 1802 repudiarentur,
1040 1733 1189 1802 propterea
1212 1728 1293 1801 quod

161 1879 164 1884 ¹
241 1829 294 1872 nec
309 1812 512 1886 imaginatione
526 1813 627 1872 reterri
650 1819 778 1886 possunt,
800 1829 854 1872 nec
870 1815 987 1874 notione
1011 1813 1137 1887 undique
1157 1813 1294 1872 distincta

241 1893 388 1971 explicari.
405 1897 530 1956 Proiecto
544 1897 727 1971 creationem,
743 1903 877 1956 naturam
892 1897 1024 1972 spiritus,
1035 1897 1211 1957 iunctionem
1230 1898 1294 1957 ani-

241 1981 364 2040 inicum
379 1996 506 2055 corpore,
517 1980 717 2058 intellectionis
732 1981 886 2054 originem,
895 1981 1028 2043 idearum
1037 1982 1210 2054 sociotatem,
1225 1981 1294 2046 alia-

241 2079 296 2135 que
310 2071 455 2140 sexcenta,
471 2080 525 2123 nec
550 2064 751 2138 imaginamur,
773 2080 827 2123 nec
845 2066 963 2124 modurn
988 2082 1044 2139 quo
1063 2073 1129 2124 sunt
1152 2071 1202 2124 aut
1220 2065 1294 2125 liunt

242 2148 348 2207 directe
362 2148 545 2223 percipimus
563 2154 591 2207 et
607 2153 702 2207 umen
718 2163 847 2207 eanemo
863 2149 986 2222 prudens
1004 2149 1158 2208 inficiatur.
1178 2150 1184 2206 ἶ

278 2233 393 2301 Quodsi
407 2234 456 2292 illa
470 2233 623 2308 propositio
638 2232 777 2306 accipitur
790 2233 845 2292 lroc
859 2233 915 2292 alio
930 2249 1025 2308 sensu,
1047 2238 1188 2307 quatenus
1203 2233 1290 2292 nimi-

242 2331 307 2375 rum
320 2332 383 2377 rem
396 2317 523 2377 iudicare
534 2331 568 2376 ac
577 2322 674 2376 mente
684 2318 833 2391 concipere
842 2332 1028 2391 nequeamus,
1041 2317 1195 2376 falsissima
1209 2333 1288 2393 pror·

183 2458 187 2467 ,
243 2417 291 2461 sus
305 2405 357 2462 est.
373 2403 444 2462 Nam
464 2402 500 2460 ad
515 2400 653 2461 iudicium
667 2400 744 2474 quod
767 2401 881 2473 attinet,
908 2416 943 2460 ea
964 2401 1089 2474 protecto
1102 2402 1288 2473 iudicantur,

241 2502 315 2561 quae
329 2486 372 2546 uel
388 2486 552 2546 immediate
561 2489 667 2560 patent,
679 2485 725 2544 rel
738 2501 776 2544 ex
789 2485 917 2560 legitima
931 2487 1147 2545 ratiocinatione
1161 2486 1289 2545 inierun-

226 2580 297 2634 .tur.
314 2571 506 2631 Praesentiam
522 2585 587 2629 vero
602 2569 692 2627 animi
707 2569 739 2626 in
756 2573 812 2627 toto
827 2584 945 2642 corpore
959 2570 1089 2644 legitima
1104 2569 1291 2630 ratiocinatio

242 2671 279 2713 ne
294 2655 408 2713 suaderi
421 2655 542 2714 inferius
556 2653 687 2713 elucebit.
715 2652 755 2710 lld
776 2659 954 2727 conceptum·
966 2663 1063 2712 autem
1086 2653 1192 2713 mentis
1217 2655 1292 2728 qnod

242 2744 359 2814 spectat,
375 2755 410 2798 ee
424 2744 534 2797 tantum
549 2738 660 2812 concipi
674 2743 830 2812 nequeunt,
847 2753 920 2811 quae
940 2739 1159 2812 repugnantiam
1175 2738 1292 2798 sibiim·

242 2823 358 2898 plicant.
374 2824 432 2882 liae
448 2829 544 2882 autem
559 2822 588 2881 in
602 2838 633 2882 re
647 2821 756 2882 nullam
767 2822 862 2896 rigere
875 2824 1095 2897 repugnantiam
1108 2824 1291 2897 perspicuum

243 2913 295 2965 est.
312 2909 381 2966 Nam
395 2907 584 2981 repugnantia
597 2908 643 2966 vel
653 2907 720 2966 inde
736 2913 912 2982 exsurgeret,
929 2908 1005 2982 quod
1019 2909 1134 2966 animus
1149 2913 1193 2967 est
1207 2907 1290 2966 ineu-

243 2995 341 3049 tensus
362 2995 390 3049 et
404 2991 441 3048 ab
464 2991 542 3050 omni
556 2991 681 3065 partium
695 2992 875 3051 concretione
888 2991 970 3065 liber,
991 2991 1036 3050 rel
1056 3006 1095 3050 ex
1108 3006 1141 3050 eo
1163 2991 1239 3065 quod
1260 2991 1291 3049 fi-

243 3075 305 3133 nita
319 3080 430 3134 constat
443 3076 581 3134 realitate.
597 3076 700 3136 Neutro
721 3093 758 3136 ex
777 3077 870 3152 capite
893 3077 992 3136 oritur.
1015 3078 1142 3150 Namque
1166 3076 1192 3135 si
1210 3089 1290 3150 repu-

243 3164 344 3232 gnaret
357 3159 682 3234 inextensumpluribus
697 3158 783 3227 simul
797 3161 897 3220 adesso
909 3161 987 3234 locis;
1000 3165 1167 3234 sequeretur
1183 3165 1288 3233 aperte,

242 3243 332 3303 Deum
345 3244 433 3304 etiam
456 3243 514 3318 (qni
537 3247 612 3304 certe
635 3245 803 3305 inextensus
817 3247 869 3319 est)
893 3245 998 3319 ubique
1021 3259 1164 3305 essenon
1187 3257 1289 3316 posse,

243 3329 319 3404 quod
333 3329 411 3389 enim
424 3344 476 3404 per
486 3345 516 3388 se
526 3335 674 3404 repugnat,
689 3330 720 3388 id
737 3346 775 3388 ne
790 3330 847 3389 Deo
865 3330 982 3404 quidem
1000 3329 1116 3389 attribui
1131 3331 1230 3402 potest.
1257 3329 1291 3386 at

244 3415 309 3487 quis
323 3415 426 3473 audeat
439 3414 565 3473 drinam
580 3413 802 3474 immensitatem
815 3415 857 3473 sic
877 3414 933 3473 leri
952 3413 1068 3473 brachio
1086 3411 1292 3488 pessumdaret
1371 3452 1372 3455 ,

279 3497 409 3572 Atileus,
433 3499 575 3572 inquient,
602 3497 731 3556 infinitus
753 3503 805 3555 est.
831 3499 938 3557 idcirco
956 3498 1086 3572 pluribus
1107 3498 1188 3557 adest
1211 3495 1289 3555 locis.

246 3577 347 3641 uonna
360 3597 428 3642 rere
442 3581 560 3654 animus,
570 3581 714 3640 humanus
727 3579 867 3640 limitibus
882 3581 1079 3655 adstringitur.

224 3777 229 3784 '
247 3794 256 3818 e
276 3757 365 3838 corpore
376 3777 431 3826 lass.
444 3781 540 3842 Cumque
550 3795 611 3826 mans
625 3779 719 3842 discerpi
730 3779 753 3824 in
770 3783 842 3842 partes
852 3782 874 3826 ot
884 3780 952 3829 diridi
963 3784 1071 3844 nequem,
1084 3779 1127 3827 erit
1135 3793 1162 3826 ca
1171 3778 1206 3825 ris
1215 3778 1294 3824 mentis

246 3869 257 3894 a
277 3851 408 3912 irumanens,
428 3855 586 3918 adeoqu01erit
605 3860 648 3902 tota
667 3870 730 3902 meus
751 3855 811 3902 velut
830 3856 952 3903 entoleclria
970 3857 1042 3918 prima
1060 3856 1138 3902 intimo
1153 3855 1194 3901 toti
1212 3852 1296 3916 corpori

151 3933 154 3939 '
242 3947 255 3982 ‚a
272 3943 374 3993 praesens
390 3929 535 3992 omnibusque
548 3931 646 3992 partibus
660 3935 713 3979 tota.
729 3952 738 3975 ι
755 3934 830 3982 Elem.
847 3935 978 3994 areopago.
995 3949 1017 3994 p.
1035 3932 1060 3995 5,
1077 3947 1097 3979 e.
1116 3931 1141 3994 2,
1157 3945 1192 3994 pr.
1208 3929 1248 3977 21.
