<?xml version="1.0" encoding="UTF-8"?>
<!DOCTYPE html PUBLIC "-//W3C//DTD XHTML 1.0 Transitional//EN"
    "http://www.w3.org/TR/xhtml1/DTD/xhtml1-transitional.dtd">
<html xmlns="http://www.w3.org/1999/xhtml" xml:lang="en" lang="en">
 <head>
  <title>
</title>
<meta http-equiv="Content-Type" content="text/html;charset=utf-8" />
  <meta name='ocr-system' content='tesseract 3.04.00' />
  <meta name='ocr-capabilities' content='ocr_page ocr_carea ocr_par ocr_line ocrx_word'/>
</head>
<body>
  <div class='ocr_page' id='page_1' title='image "./institutionesph00libegoog_0301.png"; bbox 0 0 2767 4492; ppageno 0'>
   <div class='ocr_carea' id='block_1_1' title="bbox 418 331 1143 402">
    <p class='ocr_par' dir='ltr' id='par_1_1' title="bbox 418 331 1143 402">
     <span class='ocr_line' id='line_1_1' title="bbox 418 331 1143 402; baseline 0.003 -4"><span class='ocrx_word' id='word_1_1' title='bbox 418 331 821 401; x_wconf 67' lang='lat' dir='ltr'>irascatur-cosmometra</span> <span class='ocrx_word' id='word_1_2' title='bbox 1108 337 1143 402; x_wconf 79' lang='lat'>57</span> 
     </span>
    </p>
   </div>
   <div class='ocr_carea' id='block_1_2' title="bbox 82 435 1142 3892">
    <p class='ocr_par' dir='ltr' id='par_1_2' title="bbox 94 435 1141 936">
     <span class='ocr_line' id='line_1_2' title="bbox 98 435 1141 515; baseline 0.004 -18"><span class='ocrx_word' id='word_1_3' title='bbox 98 435 207 513; x_wconf 80' lang='lat' dir='ltr'>integre</span> <span class='ocrx_word' id='word_1_4' title='bbox 221 441 346 511; x_wconf 81' lang='lat' dir='ltr'>servata,</span> <span class='ocrx_word' id='word_1_5' title='bbox 362 443 395 498; x_wconf 93' lang='lat' dir='ltr'>ut</span> <span class='ocrx_word' id='word_1_6' title='bbox 408 439 560 499; x_wconf 89' lang='lat' dir='ltr'>Brocchius</span> <span class='ocrx_word' id='word_1_7' title='bbox 574 440 745 513; x_wconf 87' lang='lat' dir='ltr'>persuadere</span> <span class='ocrx_word' id='word_1_8' title='bbox 764 439 819 498; x_wconf 87' lang='lat' dir='ltr'>sihi</span> <span class='ocrx_word' id='word_1_9' title='bbox 838 441 963 515; x_wconf 79' lang='lat' dir='ltr'><strong>nequeat</strong></span> <span class='ocrx_word' id='word_1_10' title='bbox 980 454 1016 499; x_wconf 92' lang='lat' dir='ltr'>ea</span> <span class='ocrx_word' id='word_1_11' title='bbox 1032 439 1141 501; x_wconf 86' lang='lat' dir='ltr'>telluris</span> 
     </span>
     <span class='ocr_line' id='line_1_3' title="bbox 98 524 1140 599; baseline 0.003 -16"><span class='ocrx_word' id='word_1_12' title='bbox 98 529 186 583; x_wconf 88' lang='lat' dir='ltr'>strata</span> <span class='ocrx_word' id='word_1_13' title='bbox 199 529 309 584; x_wconf 80' lang='lat' dir='ltr'>vetusta</span> <span class='ocrx_word' id='word_1_14' title='bbox 326 524 415 582; x_wconf 90' lang='lat' dir='ltr'>nimis</span> <span class='ocrx_word' id='word_1_15' title='bbox 431 524 549 584; x_wconf 86' lang='lat' dir='ltr'>exordia</span> <span class='ocrx_word' id='word_1_16' title='bbox 571 525 721 599; x_wconf 78' lang='lat' dir='ltr'>cepisset.</span> <span class='ocrx_word' id='word_1_17' title='bbox 738 525 864 584; x_wconf 87' lang='lat' dir='ltr'>lamvero</span> <span class='ocrx_word' id='word_1_18' title='bbox 884 531 997 584; x_wconf 89' lang='lat' dir='ltr'>terrena</span> <span class='ocrx_word' id='word_1_19' title='bbox 1017 525 1067 584; x_wconf 88' lang='lat' dir='ltr'>illa</span> <span class='ocrx_word' id='word_1_20' title='bbox 1087 541 1140 586; x_wconf 88' lang='lat' dir='ltr'>nec</span> 
     </span>
     <span class='ocr_line' id='line_1_4' title="bbox 95 608 1135 690; baseline 0.001 -22"><span class='ocrx_word' id='word_1_21' title='bbox 95 623 161 670; x_wconf 88' lang='lat' dir='ltr'>ossa</span> <span class='ocrx_word' id='word_1_22' title='bbox 175 608 319 690; x_wconf 78' lang='lat' dir='ltr'>exhibent,</span> <span class='ocrx_word' id='word_1_23' title='bbox 336 625 390 668; x_wconf 92' lang='lat' dir='ltr'>neo</span> <span class='ocrx_word' id='word_1_24' title='bbox 404 625 491 682; x_wconf 85' lang='lat' dir='ltr'>opera</span> <span class='ocrx_word' id='word_1_25' title='bbox 505 610 641 677; x_wconf 85' lang='lat' dir='ltr'>humana,</span> <span class='ocrx_word' id='word_1_26' title='bbox 651 624 706 668; x_wconf 91' lang='lat' dir='ltr'>nec</span> <span class='ocrx_word' id='word_1_27' title='bbox 720 609 807 667; x_wconf 89' lang='lat' dir='ltr'>etiam</span> <span class='ocrx_word' id='word_1_28' title='bbox 816 615 911 684; x_wconf 86' lang='lat' dir='ltr'>partes</span> <span class='ocrx_word' id='word_1_29' title='bbox 921 609 994 668; x_wconf 89' lang='lat' dir='ltr'>ullas</span> <span class='ocrx_word' id='word_1_30' title='bbox 1009 610 1135 684; x_wconf 85' lang='lat' dir='ltr'>reliquas</span> 
     </span>
     <span class='ocr_line' id='line_1_5' title="bbox 95 693 1138 769; baseline 0.001 -17"><span class='ocrx_word' id='word_1_31' title='bbox 95 693 246 752; x_wconf 88' lang='lat' dir='ltr'>simiarum</span> <span class='ocrx_word' id='word_1_32' title='bbox 260 699 309 753; x_wconf 91' lang='lat' dir='ltr'>aut</span> <span class='ocrx_word' id='word_1_33' title='bbox 327 693 544 769; x_wconf 90' lang='lat' dir='ltr'>quadrupedum</span> <span class='ocrx_word' id='word_1_34' title='bbox 559 709 660 752; x_wconf 88' lang='lat' dir='ltr'>carnes</span> <span class='ocrx_word' id='word_1_35' title='bbox 677 693 854 766; x_wconf 82' lang='lat' dir='ltr'>vorantium3</span> <span class='ocrx_word' id='word_1_36' title='bbox 878 695 1008 768; x_wconf 82' lang='lat' dir='ltr'>quamvis</span> <span class='ocrx_word' id='word_1_37' title='bbox 1023 695 1138 754; x_wconf 91' lang='lat' dir='ltr'>residua</span> 
     </span>
     <span class='ocr_line' id='line_1_6' title="bbox 94 776 1140 853; baseline 0.003 -18"><span class='ocrx_word' id='word_1_38' title='bbox 94 776 186 836; x_wconf 88' lang='lat' dir='ltr'>muita</span> <span class='ocrx_word' id='word_1_39' title='bbox 199 778 380 853; x_wconf 81' lang='lat' dir='ltr'>suppeditent</span> <span class='ocrx_word' id='word_1_40' title='bbox 394 777 516 837; x_wconf 92' lang='lat' dir='ltr'>aliorum</span> <span class='ocrx_word' id='word_1_41' title='bbox 525 779 636 837; x_wconf 90' lang='lat' dir='ltr'>entium</span> <span class='ocrx_word' id='word_1_42' title='bbox 646 778 834 837; x_wconf 89' lang='lat' dir='ltr'>terrestrium.</span> <span class='ocrx_word' id='word_1_43' title='bbox 847 777 919 851; x_wconf 87' lang='lat' dir='ltr'>Ergo</span> <span class='ocrx_word' id='word_1_44' title='bbox 929 793 983 838; x_wconf 86' lang='lat' dir='ltr'>nec</span> <span class='ocrx_word' id='word_1_45' title='bbox 993 779 1077 839; x_wconf 85' lang='lat' dir='ltr'>homo</span> <span class='ocrx_word' id='word_1_46' title='bbox 1086 794 1140 838; x_wconf 89' lang='lat' dir='ltr'>nec</span> 
     </span>
     <span class='ocr_line' id='line_1_7' title="bbox 95 859 811 936; baseline 0 -16"><span class='ocrx_word' id='word_1_47' title='bbox 95 859 182 921; x_wconf 86' lang='lat' dir='ltr'>bmta</span> <span class='ocrx_word' id='word_1_48' title='bbox 195 863 366 936; x_wconf 79' lang='lat' dir='ltr'>perfectiora</span> <span class='ocrx_word' id='word_1_49' title='bbox 382 862 496 936; x_wconf 87' lang='lat' dir='ltr'>tongam</span> <span class='ocrx_word' id='word_1_50' title='bbox 511 869 679 922; x_wconf 84' lang='lat' dir='ltr'>vetustatem</span> <span class='ocrx_word' id='word_1_51' title='bbox 695 862 811 921; x_wconf 88' lang='lat' dir='ltr'>habent.</span> 
     </span>
    </p>

    <p class='ocr_par' dir='ltr' id='par_1_3' title="bbox 89 945 1142 1526">
     <span class='ocr_line' id='line_1_8' title="bbox 128 945 1138 1024; baseline 0.005 -20"><span class='ocrx_word' id='word_1_52' title='bbox 128 945 356 1014; x_wconf 83' lang='lat' dir='ltr'>Ininierioribus</span> <span class='ocrx_word' id='word_1_53' title='bbox 366 948 462 1006; x_wconf 85' lang='lat' dir='ltr'>stratis</span> <span class='ocrx_word' id='word_1_54' title='bbox 476 947 635 1007; x_wconf 78' lang='lat' dir='ltr'>fossiliieris</span> <span class='ocrx_word' id='word_1_55' title='bbox 649 947 836 1006; x_wconf 86' lang='lat' dir='ltr'>inveniuntur</span> <span class='ocrx_word' id='word_1_56' title='bbox 849 947 963 1022; x_wconf 88' lang='lat' dir='ltr'>plantae</span> <span class='ocrx_word' id='word_1_57' title='bbox 979 954 1138 1024; x_wconf 81' lang='lat' dir='ltr'>terrestres3</span> 
     </span>
     <span class='ocr_line' id='line_1_9' title="bbox 93 1029 1141 1107; baseline 0.001 -17"><span class='ocrx_word' id='word_1_58' title='bbox 93 1031 144 1090; x_wconf 88' lang='lat' dir='ltr'>sad</span> <span class='ocrx_word' id='word_1_59' title='bbox 158 1031 271 1090; x_wconf 77' lang='grc'><strong>1111111111</strong></span> <span class='ocrx_word' id='word_1_60' title='bbox 286 1029 407 1104; x_wconf 90' lang='lat' dir='ltr'>animal,</span> <span class='ocrx_word' id='word_1_61' title='bbox 424 1033 550 1107; x_wconf 88' lang='lat' dir='ltr'>exceptis</span> <span class='ocrx_word' id='word_1_62' title='bbox 566 1033 705 1105; x_wconf 82' lang='lat' dir='ltr'>aquaticis</span> <span class='ocrx_word' id='word_1_63' title='bbox 724 1031 859 1090; x_wconf 86' lang='lat' dir='ltr'>ctassinm</span> <span class='ocrx_word' id='word_1_64' title='bbox 878 1033 1061 1092; x_wconf 87' lang='lat' dir='ltr'>deteriorum.</span> <span class='ocrx_word' id='word_1_65' title='bbox 1078 1035 1141 1092; x_wconf 87' lang='lat' dir='ltr'>uot-</span> 
     </span>
     <span class='ocr_line' id='line_1_10' title="bbox 93 1115 1142 1191; baseline 0.003 -17"><span class='ocrx_word' id='word_1_66' title='bbox 93 1131 151 1190; x_wconf 89' lang='lat' dir='ltr'>que</span> <span class='ocrx_word' id='word_1_67' title='bbox 166 1129 235 1174; x_wconf 84' lang='lat' dir='ltr'>vero</span> <span class='ocrx_word' id='word_1_68' title='bbox 248 1115 338 1174; x_wconf 89' lang='lat' dir='ltr'>maris</span> <span class='ocrx_word' id='word_1_69' title='bbox 352 1116 474 1189; x_wconf 78' lang='lat' dir='ltr'>vestigia</span> <span class='ocrx_word' id='word_1_70' title='bbox 491 1117 716 1191; x_wconf 88' lang='lat' dir='ltr'>conspiciuntur.</span> <span class='ocrx_word' id='word_1_71' title='bbox 734 1116 811 1174; x_wconf 88' lang='lat' dir='ltr'>Unde</span> <span class='ocrx_word' id='word_1_72' title='bbox 830 1116 943 1175; x_wconf 84' lang='lat' dir='ltr'>videtur</span> <span class='ocrx_word' id='word_1_73' title='bbox 963 1117 1045 1176; x_wconf 88' lang='lat' dir='ltr'>tellus</span> <span class='ocrx_word' id='word_1_74' title='bbox 1060 1118 1142 1178; x_wconf 89' lang='lat' dir='ltr'>initio</span> 
     </span>
     <span class='ocr_line' id='line_1_11' title="bbox 91 1200 1135 1276; baseline 0.004 -18"><span class='ocrx_word' id='word_1_75' title='bbox 91 1200 176 1274; x_wconf 82' lang='lat' dir='ltr'>aqrds</span> <span class='ocrx_word' id='word_1_76' title='bbox 189 1207 321 1274; x_wconf 89' lang='lat' dir='ltr'>cooperta</span> <span class='ocrx_word' id='word_1_77' title='bbox 334 1200 435 1273; x_wconf 82' lang='lat' dir='ltr'>tuisse,</span> <span class='ocrx_word' id='word_1_78' title='bbox 455 1203 531 1276; x_wconf 85' lang='lat' dir='ltr'>quod</span> <span class='ocrx_word' id='word_1_79' title='bbox 545 1201 703 1274; x_wconf 81' lang='lat' dir='ltr'>generatim</span> <span class='ocrx_word' id='word_1_80' title='bbox 720 1207 779 1258; x_wconf 93' lang='lat' dir='ltr'>tum</span> <span class='ocrx_word' id='word_1_81' title='bbox 796 1201 905 1274; x_wconf 82' lang='lat' dir='ltr'>geotogi</span> <span class='ocrx_word' id='word_1_82' title='bbox 922 1212 982 1260; x_wconf 90' lang='lat' dir='ltr'>turn</span> <span class='ocrx_word' id='word_1_83' title='bbox 997 1203 1135 1276; x_wconf 88' lang='lat' dir='ltr'>interpre-</span> 
     </span>
     <span class='ocr_line' id='line_1_12' title="bbox 91 1284 1140 1359; baseline 0.003 -16"><span class='ocrx_word' id='word_1_84' title='bbox 91 1287 135 1343; x_wconf 88' lang='lat' dir='ltr'>tes</span> <span class='ocrx_word' id='word_1_85' title='bbox 149 1284 315 1344; x_wconf 83' lang='lat' dir='ltr'>divinarum</span> <span class='ocrx_word' id='word_1_86' title='bbox 330 1285 541 1359; x_wconf 81' lang='lat' dir='ltr'>scripturarum</span> <span class='ocrx_word' id='word_1_87' title='bbox 555 1285 718 1342; x_wconf 91' lang='lat' dir='ltr'>admittunt.</span> <span class='ocrx_word' id='word_1_88' title='bbox 736 1285 807 1357; x_wconf 81' lang='lat' dir='ltr'>Ergo</span> <span class='ocrx_word' id='word_1_89' title='bbox 822 1285 981 1344; x_wconf 82' lang='lat' dir='ltr'>animantia</span> <span class='ocrx_word' id='word_1_90' title='bbox 996 1287 1140 1346; x_wconf 87' lang='lat' dir='ltr'>terrestria</span> 
     </span>
     <span class='ocr_line' id='line_1_13' title="bbox 90 1369 1141 1444; baseline 0.002 -17"><span class='ocrx_word' id='word_1_91' title='bbox 90 1383 151 1428; x_wconf 92' lang='lat' dir='ltr'>non</span> <span class='ocrx_word' id='word_1_92' title='bbox 160 1385 274 1444; x_wconf 78' lang='lat' dir='ltr'>semper</span> <span class='ocrx_word' id='word_1_93' title='bbox 286 1371 455 1441; x_wconf 84' lang='lat' dir='ltr'>extiterunt,</span> <span class='ocrx_word' id='word_1_94' title='bbox 467 1375 713 1442; x_wconf 88' lang='lat' dir='ltr'>etconsequenter</span> <span class='ocrx_word' id='word_1_95' title='bbox 727 1374 873 1428; x_wconf 87' lang='lat' dir='ltr'>aeternam</span> <span class='ocrx_word' id='word_1_96' title='bbox 884 1369 1024 1442; x_wconf 83' lang='lat' dir='ltr'>originem</span> <span class='ocrx_word' id='word_1_97' title='bbox 1033 1369 1141 1429; x_wconf 89' lang='lat' dir='ltr'>habere</span> 
     </span>
     <span class='ocr_line' id='line_1_14' title="bbox 89 1459 297 1526; baseline -0.01 -14"><span class='ocrx_word' id='word_1_98' title='bbox 89 1469 151 1513; x_wconf 89' lang='lat' dir='ltr'>non</span> <span class='ocrx_word' id='word_1_99' title='bbox 165 1459 297 1526; x_wconf 89' lang='lat' dir='ltr'>possunt.</span> 
     </span>
    </p>

    <p class='ocr_par' dir='ltr' id='par_1_4' title="bbox 82 1533 1142 3134">
     <span class='ocr_line' id='line_1_15' title="bbox 126 1533 1141 1612; baseline 0 -16"><span class='ocrx_word' id='word_1_100' title='bbox 126 1537 257 1610; x_wconf 88' lang='lat' dir='ltr'>Denique</span> <span class='ocrx_word' id='word_1_101' title='bbox 278 1537 493 1597; x_wconf 87' lang='lat' dir='ltr'>observationes</span> <span class='ocrx_word' id='word_1_102' title='bbox 508 1533 607 1596; x_wconf 85' lang='lat' dir='ltr'>omne&#39;s</span> <span class='ocrx_word' id='word_1_103' title='bbox 626 1539 778 1598; x_wconf 89' lang='lat' dir='ltr'>ostendunt</span> <span class='ocrx_word' id='word_1_104' title='bbox 792 1540 823 1598; x_wconf 91' lang='lat' dir='ltr'>in</span> <span class='ocrx_word' id='word_1_105' title='bbox 841 1539 1026 1612; x_wconf 91' lang='lat' dir='ltr'>productione</span> <span class='ocrx_word' id='word_1_106' title='bbox 1044 1553 1141 1596; x_wconf 90' lang='lat' dir='ltr'>rerum</span> 
     </span>
     <span class='ocr_line' id='line_1_16' title="bbox 87 1621 1142 1696; baseline 0.001 -17"><span class='ocrx_word' id='word_1_107' title='bbox 87 1635 258 1695; x_wconf 91' lang='lat' dir='ltr'>processum</span> <span class='ocrx_word' id='word_1_108' title='bbox 272 1621 362 1680; x_wconf 85' lang='grc'><strong>1111111</strong></span> <span class='ocrx_word' id='word_1_109' title='bbox 377 1621 413 1679; x_wconf 88' lang='lat' dir='ltr'>ab</span> <span class='ocrx_word' id='word_1_110' title='bbox 429 1621 604 1695; x_wconf 82' lang='lat' dir='ltr'>imperfectis</span> <span class='ocrx_word' id='word_1_111' title='bbox 618 1622 655 1681; x_wconf 86' lang='lat' dir='ltr'>ad</span> <span class='ocrx_word' id='word_1_112' title='bbox 667 1623 793 1696; x_wconf 76' lang='lat' dir='ltr'>perfecta</span> <span class='ocrx_word' id='word_1_113' title='bbox 808 1629 893 1696; x_wconf 87' lang='lat' dir='ltr'>atque</span> <span class='ocrx_word' id='word_1_114' title='bbox 908 1623 939 1682; x_wconf 90' lang='lat' dir='ltr'>iu</span> <span class='ocrx_word' id='word_1_115' title='bbox 955 1623 999 1680; x_wconf 86' lang='grc'><strong>1111</strong></span> <span class='ocrx_word' id='word_1_116' title='bbox 1014 1637 1031 1680; x_wconf 92' lang='lat' dir='ltr'>a</span> <span class='ocrx_word' id='word_1_117' title='bbox 1045 1623 1142 1680; x_wconf 90' lang='lat' dir='ltr'>minus</span> 
     </span>
     <span class='ocr_line' id='line_1_17' title="bbox 87 1706 1142 1780; baseline 0 -16"><span class='ocrx_word' id='word_1_118' title='bbox 87 1706 226 1780; x_wconf 84' lang='lat' dir='ltr'>perfectis</span> <span class='ocrx_word' id='word_1_119' title='bbox 241 1706 277 1764; x_wconf 92' lang='lat' dir='ltr'>ad</span> <span class='ocrx_word' id='word_1_120' title='bbox 292 1706 471 1780; x_wconf 84' lang='lat' dir='ltr'>perfectiora.</span> <span class='ocrx_word' id='word_1_121' title='bbox 489 1706 522 1764; x_wconf 85' lang='lat' dir='ltr'>lit</span> <span class='ocrx_word' id='word_1_122' title='bbox 538 1707 652 1764; x_wconf 89' lang='lat' dir='ltr'>sanein</span> <span class='ocrx_word' id='word_1_123' title='bbox 671 1708 792 1766; x_wconf 86' lang='lat' dir='ltr'>terrenis</span> <span class='ocrx_word' id='word_1_124' title='bbox 811 1723 884 1780; x_wconf 85' lang='lat' dir='ltr'>quae</span> <span class='ocrx_word' id='word_1_125' title='bbox 900 1713 966 1765; x_wconf 91' lang='lat' dir='ltr'>ante</span> <span class='ocrx_word' id='word_1_126' title='bbox 981 1707 1038 1764; x_wconf 88' lang='lat' dir='ltr'>alia</span> <span class='ocrx_word' id='word_1_127' title='bbox 1058 1707 1142 1766; x_wconf 46' lang='lat' dir='ltr'>effer*</span> 
     </span>
     <span class='ocr_line' id='line_1_18' title="bbox 87 1791 1141 1866; baseline 0.001 -17"><span class='ocrx_word' id='word_1_128' title='bbox 87 1796 169 1849; x_wconf 90' lang='lat' dir='ltr'>mata</span> <span class='ocrx_word' id='word_1_129' title='bbox 182 1791 324 1864; x_wconf 83' lang='lat' dir='ltr'>videntur,</span> <span class='ocrx_word' id='word_1_130' title='bbox 337 1792 440 1850; x_wconf 90' lang='lat' dir='ltr'>desunt</span> <span class='ocrx_word' id='word_1_131' title='bbox 453 1793 571 1851; x_wconf 93' lang='lat' dir='ltr'>omnino</span> <span class='ocrx_word' id='word_1_132' title='bbox 585 1791 694 1850; x_wconf 81' lang='lat' dir='ltr'>tonsilia</span> <span class='ocrx_word' id='word_1_133' title='bbox 709 1791 852 1866; x_wconf 82' lang='lat' dir='ltr'>organica.</span> <span class='ocrx_word' id='word_1_134' title='bbox 871 1791 898 1850; x_wconf 82' lang='lat' dir='ltr'>si</span> <span class='ocrx_word' id='word_1_135' title='bbox 913 1792 953 1850; x_wconf 89' lang='lat' dir='ltr'>ita</span> <span class='ocrx_word' id='word_1_136' title='bbox 964 1797 1016 1865; x_wconf 90' lang='lat' dir='ltr'>est,</span> <span class='ocrx_word' id='word_1_137' title='bbox 1035 1791 1141 1865; x_wconf 81' lang='lat' dir='ltr'>princi-</span> 
     </span>
     <span class='ocr_line' id='line_1_19' title="bbox 86 1875 1140 1950; baseline 0.001 -17"><span class='ocrx_word' id='word_1_138' title='bbox 86 1875 137 1950; x_wconf 82' lang='lat' dir='ltr'>&#39;pio</span> <span class='ocrx_word' id='word_1_139' title='bbox 156 1891 214 1934; x_wconf 92' lang='lat' dir='ltr'>non</span> <span class='ocrx_word' id='word_1_140' title='bbox 231 1876 388 1935; x_wconf 81' lang='lat' dir='ltr'>extiterunt</span> <span class='ocrx_word' id='word_1_141' title='bbox 404 1877 462 1934; x_wconf 91' lang='lat' dir='ltr'>nisi</span> <span class='ocrx_word' id='word_1_142' title='bbox 481 1892 601 1950; x_wconf 87' lang='lat' dir='ltr'>corpora</span> <span class='ocrx_word' id='word_1_143' title='bbox 620 1876 763 1950; x_wconf 79' lang='lat' dir='ltr'>simplicia</span> <span class='ocrx_word' id='word_1_144' title='bbox 778 1876 823 1934; x_wconf 88' lang='grc'><strong>1111</strong></span> <span class='ocrx_word' id='word_1_145' title='bbox 843 1876 1037 1935; x_wconf 85' lang='lat' dir='ltr'>elementaria.</span> <span class='ocrx_word' id='word_1_146' title='bbox 1059 1877 1140 1936; x_wconf 88' lang='lat' dir='ltr'>Nunc</span> 
     </span>
     <span class='ocr_line' id='line_1_20' title="bbox 89 1960 1139 2034; baseline 0.002 -16"><span class='ocrx_word' id='word_1_147' title='bbox 89 1964 189 2019; x_wconf 90' lang='lat' dir='ltr'>contra</span> <span class='ocrx_word' id='word_1_148' title='bbox 208 1960 258 2019; x_wconf 83' lang='lat' dir='ltr'>vix</span> <span class='ocrx_word' id='word_1_149' title='bbox 278 1964 416 2034; x_wconf 91' lang='lat' dir='ltr'>apparent</span> <span class='ocrx_word' id='word_1_150' title='bbox 433 1961 575 2020; x_wconf 89' lang='lat' dir='ltr'>eiusmodi</span> <span class='ocrx_word' id='word_1_151' title='bbox 594 1961 785 2033; x_wconf 87' lang='lat' dir='ltr'>substantiae,</span> <span class='ocrx_word' id='word_1_152' title='bbox 811 1960 867 2018; x_wconf 91' lang='lat' dir='ltr'>nisi</span> <span class='ocrx_word' id='word_1_153' title='bbox 891 1975 937 2018; x_wconf 88' lang='lat' dir='ltr'>ars</span> <span class='ocrx_word' id='word_1_154' title='bbox 956 1966 1005 2019; x_wconf 90' lang='lat' dir='ltr'>aut</span> <span class='ocrx_word' id='word_1_155' title='bbox 1022 1960 1139 2020; x_wconf 77' lang='lat' dir='ltr'>fortuito</span> 
     </span>
     <span class='ocr_line' id='line_1_21' title="bbox 88 2045 1138 2120; baseline -0.002 -16"><span class='ocrx_word' id='word_1_156' title='bbox 88 2045 231 2119; x_wconf 88' lang='lat' dir='ltr'>quaedam</span> <span class='ocrx_word' id='word_1_157' title='bbox 245 2060 333 2104; x_wconf 90' lang='lat' dir='ltr'>cansa</span> <span class='ocrx_word' id='word_1_158' title='bbox 347 2062 396 2104; x_wconf 86' lang='lat' dir='ltr'>eas</span> <span class='ocrx_word' id='word_1_159' title='bbox 407 2046 518 2120; x_wconf 75' lang='lat' dir='ltr'>analysi</span> <span class='ocrx_word' id='word_1_160' title='bbox 529 2046 663 2103; x_wconf 83' lang='lat' dir='ltr'>extrahat</span> <span class='ocrx_word' id='word_1_161' title='bbox 670 2061 708 2103; x_wconf 86' lang='lat' dir='ltr'>ex</span> <span class='ocrx_word' id='word_1_162' title='bbox 717 2045 816 2102; x_wconf 83' lang='lat' dir='ltr'>mixtis</span> <span class='ocrx_word' id='word_1_163' title='bbox 826 2045 872 2103; x_wconf 88' lang='lat' dir='ltr'>vel</span> <span class='ocrx_word' id='word_1_164' title='bbox 888 2045 1061 2118; x_wconf 90' lang='lat' dir='ltr'>compositis.</span> <span class='ocrx_word' id='word_1_165' title='bbox 1075 2046 1138 2104; x_wconf 83' lang='lat' dir='ltr'>Gor·</span> 
     </span>
     <span class='ocr_line' id='line_1_22' title="bbox 87 2129 1139 2204; baseline -0.002 -16"><span class='ocrx_word' id='word_1_166' title='bbox 87 2144 167 2202; x_wconf 84' lang='lat' dir='ltr'>pora,</span> <span class='ocrx_word' id='word_1_167' title='bbox 185 2145 259 2203; x_wconf 88' lang='lat' dir='ltr'>quae</span> <span class='ocrx_word' id='word_1_168' title='bbox 273 2130 367 2201; x_wconf 88' lang='lat' dir='ltr'>magis</span> <span class='ocrx_word' id='word_1_169' title='bbox 381 2129 530 2187; x_wconf 90' lang='lat' dir='ltr'>abundant</span> <span class='ocrx_word' id='word_1_170' title='bbox 540 2130 572 2187; x_wconf 93' lang='lat' dir='ltr'>in</span> <span class='ocrx_word' id='word_1_171' title='bbox 587 2136 692 2187; x_wconf 87' lang='lat' dir='ltr'>natura</span> <span class='ocrx_word' id='word_1_172' title='bbox 701 2135 730 2188; x_wconf 91' lang='lat' dir='ltr'>et</span> <span class='ocrx_word' id='word_1_173' title='bbox 743 2130 839 2188; x_wconf 88' lang='lat' dir='ltr'>minus</span> <span class='ocrx_word' id='word_1_174' title='bbox 854 2145 940 2204; x_wconf 87' lang='lat' dir='ltr'>quam</span> <span class='ocrx_word' id='word_1_175' title='bbox 956 2135 1139 2190; x_wconf 81' lang='grc'><strong>1111111111]-</strong></span> 
     </span>
     <span class='ocr_line' id='line_1_23' title="bbox 86 2213 1138 2288; baseline 0 -18"><span class='ocrx_word' id='word_1_176' title='bbox 86 2213 261 2288; x_wconf 90' lang='lat' dir='ltr'>positionem</span> <span class='ocrx_word' id='word_1_177' title='bbox 276 2213 458 2287; x_wconf 87' lang='lat' dir='ltr'>participant,</span> <span class='ocrx_word' id='word_1_178' title='bbox 471 2228 505 2271; x_wconf 92' lang='lat' dir='ltr'>ea</span> <span class='ocrx_word' id='word_1_179' title='bbox 515 2219 664 2286; x_wconf 85' lang='lat' dir='ltr'>suntquae</span> <span class='ocrx_word' id='word_1_180' title='bbox 678 2213 780 2271; x_wconf 86' lang='lat' dir='ltr'>saltem</span> <span class='ocrx_word' id='word_1_181' title='bbox 794 2219 1030 2286; x_wconf 85' lang='lat' dir='ltr'>coagmentantur</span> <span class='ocrx_word' id='word_1_182' title='bbox 1039 2227 1077 2272; x_wconf 85' lang='lat' dir='ltr'>ex</span> <span class='ocrx_word' id='word_1_183' title='bbox 1086 2213 1138 2270; x_wconf 91' lang='lat' dir='ltr'>du·</span> 
     </span>
     <span class='ocr_line' id='line_1_24' title="bbox 84 2297 1138 2372; baseline 0 -18"><span class='ocrx_word' id='word_1_184' title='bbox 84 2297 157 2372; x_wconf 89' lang='lat' dir='ltr'>ptici</span> <span class='ocrx_word' id='word_1_185' title='bbox 171 2297 329 2369; x_wconf 81' lang='lat' dir='ltr'>element03</span> <span class='ocrx_word' id='word_1_186' title='bbox 345 2302 378 2355; x_wconf 93' lang='lat' dir='ltr'>ut</span> <span class='ocrx_word' id='word_1_187' title='bbox 393 2312 477 2370; x_wconf 87' lang='lat' dir='ltr'>aqua,</span> <span class='ocrx_word' id='word_1_188' title='bbox 495 2313 542 2355; x_wconf 82' lang='lat' dir='ltr'>ex.</span> <span class='ocrx_word' id='word_1_189' title='bbox 554 2312 597 2370; x_wconf 89' lang='lat' dir='ltr'>gr.</span> <span class='ocrx_word' id='word_1_190' title='bbox 614 2297 707 2370; x_wconf 86' lang='lat' dir='ltr'>tellus,</span> <span class='ocrx_word' id='word_1_191' title='bbox 723 2303 808 2371; x_wconf 82' lang='lat' dir='ltr'>atque</span> <span class='ocrx_word' id='word_1_192' title='bbox 824 2298 869 2356; x_wconf 88' lang='lat' dir='ltr'>his</span> <span class='ocrx_word' id='word_1_193' title='bbox 885 2298 999 2370; x_wconf 88' lang='lat' dir='ltr'>similia,</span> <span class='ocrx_word' id='word_1_194' title='bbox 1016 2313 1138 2371; x_wconf 91' lang='lat' dir='ltr'>quorum</span> 
     </span>
     <span class='ocr_line' id='line_1_25' title="bbox 85 2379 1137 2456; baseline 0 -16"><span class='ocrx_word' id='word_1_195' title='bbox 85 2379 229 2440; x_wconf 84' lang='lat' dir='ltr'>nonnulla</span> <span class='ocrx_word' id='word_1_196' title='bbox 247 2381 359 2439; x_wconf 81' lang='lat' dir='ltr'>nicetio</span> <span class='ocrx_word' id='word_1_197' title='bbox 376 2382 440 2455; x_wconf 75' lang='lat' dir='ltr'>stne</span> <span class='ocrx_word' id='word_1_198' title='bbox 458 2386 609 2450; x_wconf 86' lang='lat' dir='ltr'>vocantur,</span> <span class='ocrx_word' id='word_1_199' title='bbox 626 2382 683 2440; x_wconf 89' lang='lat' dir='ltr'>alia</span> <span class='ocrx_word' id='word_1_200' title='bbox 701 2383 800 2456; x_wconf 81' lang='lat' dir='ltr'>oepdn</span> <span class='ocrx_word' id='word_1_201' title='bbox 818 2382 976 2440; x_wconf 76' lang='lat' dir='ltr'>metoliton.</span> <span class='ocrx_word' id='word_1_202' title='bbox 994 2381 1053 2440; x_wconf 89' lang='lat' dir='ltr'>iam</span> <span class='ocrx_word' id='word_1_203' title='bbox 1069 2395 1137 2440; x_wconf 84' lang='lat' dir='ltr'>vero</span> 
     </span>
     <span class='ocr_line' id='line_1_26' title="bbox 84 2465 1138 2540; baseline -0.002 -16"><span class='ocrx_word' id='word_1_204' title='bbox 84 2465 161 2524; x_wconf 90' lang='lat' dir='ltr'>haec</span> <span class='ocrx_word' id='word_1_205' title='bbox 170 2481 208 2523; x_wconf 81' lang='lat' dir='ltr'>ex</span> <span class='ocrx_word' id='word_1_206' title='bbox 223 2466 422 2524; x_wconf 88' lang='lat' dir='ltr'>combustione</span> <span class='ocrx_word' id='word_1_207' title='bbox 437 2473 628 2540; x_wconf 82' lang='lat' dir='ltr'>generantnr3</span> <span class='ocrx_word' id='word_1_208' title='bbox 645 2472 730 2540; x_wconf 84' lang='lat' dir='ltr'>atque</span> <span class='ocrx_word' id='word_1_209' title='bbox 740 2467 803 2526; x_wconf 91' lang='lat' dir='ltr'>ideo</span> <span class='ocrx_word' id='word_1_210' title='bbox 815 2468 894 2525; x_wconf 81' lang='lat' dir='ltr'>iuxta</span> <span class='ocrx_word' id='word_1_211' title='bbox 905 2467 983 2538; x_wconf 89' lang='lat' dir='ltr'>leges</span> <span class='ocrx_word' id='word_1_212' title='bbox 992 2466 1138 2523; x_wconf 75' lang='lat' dir='ltr'>naturales</span> 
     </span>
     <span class='ocr_line' id='line_1_27' title="bbox 85 2549 1138 2626; baseline -0.001 -18"><span class='ocrx_word' id='word_1_213' title='bbox 85 2550 206 2608; x_wconf 81' lang='lat' dir='ltr'>formari</span> <span class='ocrx_word' id='word_1_214' title='bbox 228 2550 309 2609; x_wconf 88' lang='lat' dir='ltr'>aliter</span> <span class='ocrx_word' id='word_1_215' title='bbox 326 2551 530 2624; x_wconf 79' lang='lat' dir='ltr'>nequiverunt,</span> <span class='ocrx_word' id='word_1_216' title='bbox 548 2551 648 2610; x_wconf 79' lang='lat' dir='ltr'>nisisi</span> <span class='ocrx_word' id='word_1_217' title='bbox 667 2552 897 2626; x_wconf 85' lang='lat' dir='ltr'>conflagrationis</span> <span class='ocrx_word' id='word_1_218' title='bbox 919 2551 1068 2608; x_wconf 89' lang='lat' dir='ltr'>cuiusdam</span> <span class='ocrx_word' id='word_1_219' title='bbox 1085 2549 1138 2607; x_wconf 90' lang='lat' dir='ltr'>inr-</span> 
     </span>
     <span class='ocr_line' id='line_1_28' title="bbox 84 2635 1135 2710; baseline 0.001 -17"><span class='ocrx_word' id='word_1_220' title='bbox 84 2649 214 2693; x_wconf 89' lang='lat' dir='ltr'>mensae.</span> <span class='ocrx_word' id='word_1_221' title='bbox 231 2635 301 2694; x_wconf 87' lang='lat' dir='ltr'>Hinc</span> <span class='ocrx_word' id='word_1_222' title='bbox 325 2635 455 2709; x_wconf 85' lang='lat' dir='ltr'>sequitur</span> <span class='ocrx_word' id='word_1_223' title='bbox 469 2635 570 2694; x_wconf 85' lang='lat' dir='ltr'>orbem</span> <span class='ocrx_word' id='word_1_224' title='bbox 586 2641 693 2705; x_wconf 87' lang='lat' dir='ltr'>terrae,</span> <span class='ocrx_word' id='word_1_225' title='bbox 714 2645 870 2710; x_wconf 87' lang='lat' dir='ltr'>antequam</span> <span class='ocrx_word' id='word_1_226' title='bbox 894 2636 930 2694; x_wconf 90' lang='lat' dir='ltr'>ad</span> <span class='ocrx_word' id='word_1_227' title='bbox 954 2641 1135 2709; x_wconf 88' lang='lat' dir='ltr'>praesentem</span> 
     </span>
     <span class='ocr_line' id='line_1_29' title="bbox 85 2719 1135 2794; baseline -0.003 -15"><span class='ocrx_word' id='word_1_228' title='bbox 85 2726 194 2779; x_wconf 90' lang='lat' dir='ltr'>statum</span> <span class='ocrx_word' id='word_1_229' title='bbox 208 2720 364 2792; x_wconf 84' lang='lat' dir='ltr'>accederet,</span> <span class='ocrx_word' id='word_1_230' title='bbox 382 2721 509 2794; x_wconf 82' lang='lat' dir='ltr'>undique</span> <span class='ocrx_word' id='word_1_231' title='bbox 523 2719 759 2794; x_wconf 82' lang='lat' dir='ltr'>conflagravisse3</span> <span class='ocrx_word' id='word_1_232' title='bbox 771 2723 802 2778; x_wconf 91' lang='lat' dir='ltr'>in</span> <span class='ocrx_word' id='word_1_233' title='bbox 813 2735 869 2793; x_wconf 90' lang='lat' dir='ltr'>quo</span> <span class='ocrx_word' id='word_1_234' title='bbox 879 2725 954 2778; x_wconf 89' lang='lat' dir='ltr'>statu</span> <span class='ocrx_word' id='word_1_235' title='bbox 969 2719 1047 2778; x_wconf 92' lang='lat' dir='ltr'>nulla</span> <span class='ocrx_word' id='word_1_236' title='bbox 1058 2724 1135 2777; x_wconf 89' lang='lat' dir='ltr'>certe</span> 
     </span>
     <span class='ocr_line' id='line_1_30' title="bbox 84 2803 1136 2878; baseline -0.004 -16"><span class='ocrx_word' id='word_1_237' title='bbox 84 2803 230 2878; x_wconf 90' lang='lat' dir='ltr'>possibilis</span> <span class='ocrx_word' id='word_1_238' title='bbox 244 2804 299 2862; x_wconf 89' lang='lat' dir='ltr'>init</span> <span class='ocrx_word' id='word_1_239' title='bbox 313 2806 371 2863; x_wconf 83' lang='lat' dir='ltr'>vita</span> <span class='ocrx_word' id='word_1_240' title='bbox 385 2804 578 2863; x_wconf 80' lang='lat' dir='ltr'>animalisve!</span> <span class='ocrx_word' id='word_1_241' title='bbox 594 2806 744 2877; x_wconf 82' lang='lat' dir='ltr'>vegetatio.</span> <span class='ocrx_word' id='word_1_242' title='bbox 762 2805 825 2860; x_wconf 85' lang='lat' dir='ltr'>Fuit</span> <span class='ocrx_word' id='word_1_243' title='bbox 839 2805 926 2874; x_wconf 87' lang='lat' dir='ltr'>igitur</span> <span class='ocrx_word' id='word_1_244' title='bbox 941 2809 1062 2876; x_wconf 88' lang='lat' dir='ltr'>tempus,</span> <span class='ocrx_word' id='word_1_245' title='bbox 1080 2817 1136 2874; x_wconf 83' lang='lat' dir='ltr'>quo</span> 
     </span>
     <span class='ocr_line' id='line_1_31' title="bbox 85 2885 1135 2962; baseline -0.005 -16"><span class='ocrx_word' id='word_1_246' title='bbox 85 2888 167 2946; x_wconf 92' lang='lat' dir='ltr'>nulla</span> <span class='ocrx_word' id='word_1_247' title='bbox 181 2888 235 2947; x_wconf 88' lang='lat' dir='ltr'>init</span> <span class='ocrx_word' id='word_1_248' title='bbox 254 2905 340 2962; x_wconf 85' lang='lat' dir='ltr'>super</span> <span class='ocrx_word' id='word_1_249' title='bbox 359 2889 466 2947; x_wconf 80' lang='lat' dir='ltr'>faciem</span> <span class='ocrx_word' id='word_1_250' title='bbox 486 2893 578 2945; x_wconf 89' lang='lat' dir='ltr'>terrae</span> <span class='ocrx_word' id='word_1_251' title='bbox 599 2887 760 2944; x_wconf 88' lang='lat' dir='ltr'>substantia</span> <span class='ocrx_word' id='word_1_252' title='bbox 779 2887 879 2944; x_wconf 84' lang='grc'><strong>11111111</strong></span> <span class='ocrx_word' id='word_1_253' title='bbox 894 2901 944 2943; x_wconf 90' lang='grc'><strong>1111</strong></span> <span class='ocrx_word' id='word_1_254' title='bbox 963 2885 1078 2956; x_wconf 85' lang='lat' dir='ltr'>organis</span> <span class='ocrx_word' id='word_1_255' title='bbox 1092 2885 1135 2941; x_wconf 89' lang='lat' dir='ltr'>in-</span> 
     </span>
     <span class='ocr_line' id='line_1_32' title="bbox 84 2963 1135 3042; baseline -0.006 -11"><span class='ocrx_word' id='word_1_256' title='bbox 84 2978 203 3032; x_wconf 88' lang='lat' dir='ltr'>structa.</span> <span class='ocrx_word' id='word_1_257' title='bbox 220 2972 302 3030; x_wconf 83' lang='lat' dir='ltr'>Nulla</span> <span class='ocrx_word' id='word_1_258' title='bbox 314 2963 403 3042; x_wconf 86' lang='lat' dir='ltr'>igitur</span> <span class='ocrx_word' id='word_1_259' title='bbox 417 2987 456 3029; x_wconf 80' lang='grc'>111</span> <span class='ocrx_word' id='word_1_260' title='bbox 469 2972 517 3028; x_wconf 85' lang='lat' dir='ltr'>his</span> <span class='ocrx_word' id='word_1_261' title='bbox 530 2971 617 3028; x_wconf 86' lang='lat' dir='ltr'>rebus</span> <span class='ocrx_word' id='word_1_262' title='bbox 632 2974 675 3026; x_wconf 89' lang='lat' dir='ltr'>est</span> <span class='ocrx_word' id='word_1_263' title='bbox 690 2975 821 3040; x_wconf 88' lang='lat' dir='ltr'>aeterna,</span> <span class='ocrx_word' id='word_1_264' title='bbox 838 2969 889 3027; x_wconf 87' lang='lat' dir='ltr'>sed</span> <span class='ocrx_word' id='word_1_265' title='bbox 901 2983 1001 3028; x_wconf 88' lang='lat' dir='ltr'>omnes</span> <span class='ocrx_word' id='word_1_266' title='bbox 1016 2969 1047 3026; x_wconf 94' lang='lat' dir='ltr'>in</span> <span class='ocrx_word' id='word_1_267' title='bbox 1068 2973 1135 3027; x_wconf 88' lang='lat' dir='ltr'>tem-</span> 
     </span>
     <span class='ocr_line' id='line_1_33' title="bbox 82 3054 399 3134; baseline -0.013 -20"><span class='ocrx_word' id='word_1_268' title='bbox 82 3073 155 3134; x_wconf 91' lang='lat' dir='ltr'>pore</span> <span class='ocrx_word' id='word_1_269' title='bbox 174 3054 306 3113; x_wconf 86' lang='lat' dir='ltr'>conditae</span> <span class='ocrx_word' id='word_1_270' title='bbox 323 3059 399 3111; x_wconf 89' lang='lat' dir='ltr'>sunt.</span> 
     </span>
    </p>

    <p class='ocr_par' dir='ltr' id='par_1_5' title="bbox 83 3136 1135 3892">
     <span class='ocr_line' id='line_1_34' title="bbox 121 3136 1135 3213; baseline -0.004 -12"><span class='ocrx_word' id='word_1_271' title='bbox 121 3142 183 3201; x_wconf 87' lang='lat' dir='ltr'>Huc</span> <span class='ocrx_word' id='word_1_272' title='bbox 202 3143 315 3198; x_wconf 89' lang='lat' dir='ltr'>tantum</span> <span class='ocrx_word' id='word_1_273' title='bbox 334 3136 480 3197; x_wconf 89' lang='lat' dir='ltr'>adducunt</span> <span class='ocrx_word' id='word_1_274' title='bbox 496 3136 642 3196; x_wconf 87' lang='lat' dir='ltr'>naturales</span> <span class='ocrx_word' id='word_1_275' title='bbox 662 3137 812 3212; x_wconf 76' lang='lat' dir='ltr'>scientiae,</span> <span class='ocrx_word' id='word_1_276' title='bbox 835 3143 932 3198; x_wconf 89' lang='lat' dir='ltr'>utrum</span> <span class='ocrx_word' id='word_1_277' title='bbox 955 3145 1051 3199; x_wconf 83' lang='lat' dir='ltr'>atrtem</span> <span class='ocrx_word' id='word_1_278' title='bbox 1072 3142 1135 3213; x_wconf 90' lang='lat' dir='ltr'>ipsa</span> 
     </span>
     <span class='ocr_line' id='line_1_35' title="bbox 84 3223 1135 3302; baseline -0.003 -16"><span class='ocrx_word' id='word_1_279' title='bbox 84 3226 163 3302; x_wconf 84' lang='lat' dir='ltr'>gtoni</span> <span class='ocrx_word' id='word_1_280' title='bbox 180 3223 322 3283; x_wconf 88' lang='lat' dir='ltr'>terrestris</span> <span class='ocrx_word' id='word_1_281' title='bbox 341 3224 461 3282; x_wconf 87' lang='lat' dir='ltr'>materia</span> <span class='ocrx_word' id='word_1_282' title='bbox 476 3239 529 3297; x_wconf 87' lang='lat' dir='ltr'>per</span> <span class='ocrx_word' id='word_1_283' title='bbox 546 3237 577 3281; x_wconf 93' lang='lat' dir='ltr'>se</span> <span class='ocrx_word' id='word_1_284' title='bbox 596 3227 739 3296; x_wconf 90' lang='lat' dir='ltr'>spectata,</span> <span class='ocrx_word' id='word_1_285' title='bbox 762 3225 878 3283; x_wconf 87' lang='lat' dir='ltr'>semotis</span> <span class='ocrx_word' id='word_1_286' title='bbox 898 3225 1002 3299; x_wconf 90' lang='lat' dir='ltr'>plantis</span> <span class='ocrx_word' id='word_1_287' title='bbox 1022 3230 1051 3284; x_wconf 90' lang='lat' dir='ltr'>et</span> <span class='ocrx_word' id='word_1_288' title='bbox 1072 3225 1135 3283; x_wconf 89' lang='lat' dir='ltr'>ani·</span> 
     </span>
     <span class='ocr_line' id='line_1_36' title="bbox 83 3307 1135 3383; baseline -0.004 -12"><span class='ocrx_word' id='word_1_289' title='bbox 83 3311 241 3383; x_wconf 87' lang='lat' dir='ltr'>mantibus,</span> <span class='ocrx_word' id='word_1_290' title='bbox 258 3309 347 3368; x_wconf 90' lang='lat' dir='ltr'>immo</span> <span class='ocrx_word' id='word_1_291' title='bbox 362 3314 469 3367; x_wconf 87' lang='lat' dir='ltr'>semota</span> <span class='ocrx_word' id='word_1_292' title='bbox 484 3309 562 3368; x_wconf 91' lang='lat' dir='ltr'>omni</span> <span class='ocrx_word' id='word_1_293' title='bbox 578 3307 607 3366; x_wconf 85' lang='lat' dir='ltr'>vi</span> <span class='ocrx_word' id='word_1_294' title='bbox 622 3314 650 3366; x_wconf 90' lang='lat' dir='ltr'>et</span> <span class='ocrx_word' id='word_1_295' title='bbox 665 3308 837 3382; x_wconf 90' lang='lat' dir='ltr'>organismo,</span> <span class='ocrx_word' id='word_1_296' title='bbox 856 3308 892 3366; x_wconf 89' lang='lat' dir='ltr'>ab</span> <span class='ocrx_word' id='word_1_297' title='bbox 909 3315 1023 3368; x_wconf 90' lang='lat' dir='ltr'>aeterno</span> <span class='ocrx_word' id='word_1_298' title='bbox 1043 3307 1135 3367; x_wconf 90' lang='lat' dir='ltr'>creari</span> 
     </span>
     <span class='ocr_line' id='line_1_37' title="bbox 86 3392 1134 3471; baseline -0.005 -16"><span class='ocrx_word' id='word_1_299' title='bbox 86 3396 222 3471; x_wconf 87' lang='lat' dir='ltr'>potuerit,</span> <span class='ocrx_word' id='word_1_300' title='bbox 240 3395 366 3468; x_wconf 86' lang='lat' dir='ltr'>quaestio</span> <span class='ocrx_word' id='word_1_301' title='bbox 380 3399 424 3452; x_wconf 87' lang='lat' dir='ltr'>est</span> <span class='ocrx_word' id='word_1_302' title='bbox 438 3409 512 3468; x_wconf 88' lang='lat' dir='ltr'>quae</span> <span class='ocrx_word' id='word_1_303' title='bbox 527 3409 587 3452; x_wconf 95' lang='lat' dir='ltr'>non</span> <span class='ocrx_word' id='word_1_304' title='bbox 606 3393 724 3468; x_wconf 82' lang='lat' dir='ltr'>physice</span> <span class='ocrx_word' id='word_1_305' title='bbox 740 3393 791 3452; x_wconf 88' lang='lat' dir='ltr'>sed</span> <span class='ocrx_word' id='word_1_306' title='bbox 812 3398 922 3451; x_wconf 89' lang='lat' dir='ltr'>tantum</span> <span class='ocrx_word' id='word_1_307' title='bbox 939 3392 1134 3467; x_wconf 75' lang='lat' dir='ltr'>metaphysice</span> 
     </span>
     <span class='ocr_line' id='line_1_38' title="bbox 86 3477 1134 3555; baseline -0.003 -17"><span class='ocrx_word' id='word_1_308' title='bbox 86 3481 190 3540; x_wconf 81' lang='lat' dir='ltr'>resolvi</span> <span class='ocrx_word' id='word_1_309' title='bbox 207 3485 308 3555; x_wconf 89' lang='lat' dir='ltr'>potest,</span> <span class='ocrx_word' id='word_1_310' title='bbox 327 3479 373 3538; x_wconf 80' lang='lat' dir='ltr'>vel</span> <span class='ocrx_word' id='word_1_311' title='bbox 393 3478 480 3536; x_wconf 90' lang='lat' dir='ltr'>etiam</span> <span class='ocrx_word' id='word_1_312' title='bbox 500 3477 642 3550; x_wconf 90' lang='lat' dir='ltr'>historice,</span> <span class='ocrx_word' id='word_1_313' title='bbox 664 3494 702 3537; x_wconf 85' lang='lat' dir='ltr'>ex</span> <span class='ocrx_word' id='word_1_314' title='bbox 720 3477 880 3536; x_wconf 86' lang='lat' dir='ltr'>testimonio</span> <span class='ocrx_word' id='word_1_315' title='bbox 900 3477 1070 3552; x_wconf 88' lang='lat' dir='ltr'>praesertim</span> <span class='ocrx_word' id='word_1_316' title='bbox 1090 3493 1134 3535; x_wconf 90' lang='lat' dir='ltr'>sa·</span> 
     </span>
     <span class='ocr_line' id='line_1_39' title="bbox 86 3563 1134 3640; baseline -0.004 -16"><span class='ocrx_word' id='word_1_317' title='bbox 86 3581 201 3625; x_wconf 86' lang='lat' dir='ltr'>orarum</span> <span class='ocrx_word' id='word_1_318' title='bbox 210 3563 430 3640; x_wconf 85' lang='lat' dir='ltr'>scripturarum.</span> <span class='ocrx_word' id='word_1_319' title='bbox 446 3563 512 3623; x_wconf 83' lang='lat' dir='ltr'>Dixi</span> <span class='ocrx_word' id='word_1_320' title='bbox 526 3564 656 3623; x_wconf 79' lang='lat' dir='ltr'>motoria</span> <span class='ocrx_word' id='word_1_321' title='bbox 671 3571 790 3624; x_wconf 82' lang='lat' dir='ltr'>tontum</span> <span class='ocrx_word' id='word_1_322' title='bbox 801 3580 856 3640; x_wconf 83' lang='lat' dir='ltr'>per</span> <span class='ocrx_word' id='word_1_323' title='bbox 870 3580 899 3623; x_wconf 85' lang='lat' dir='ltr'>se</span> <span class='ocrx_word' id='word_1_324' title='bbox 912 3571 1050 3640; x_wconf 83' lang='lat' dir='ltr'>spectato,</span> <span class='ocrx_word' id='word_1_325' title='bbox 1066 3563 1134 3637; x_wconf 84' lang='lat' dir='ltr'>quia</span> 
     </span>
     <span class='ocr_line' id='line_1_40' title="bbox 87 3647 1133 3726; baseline -0.002 -18"><span class='ocrx_word' id='word_1_326' title='bbox 87 3650 113 3708; x_wconf 90' lang='lat' dir='ltr'>si</span> <span class='ocrx_word' id='word_1_327' title='bbox 130 3651 293 3709; x_wconf 92' lang='lat' dir='ltr'>mundanus</span> <span class='ocrx_word' id='word_1_328' title='bbox 311 3651 379 3709; x_wconf 90' lang='lat' dir='ltr'>ordo</span> <span class='ocrx_word' id='word_1_329' title='bbox 397 3650 529 3724; x_wconf 87' lang='lat' dir='ltr'>sumitur,</span> <span class='ocrx_word' id='word_1_330' title='bbox 545 3649 602 3722; x_wconf 88' lang='lat' dir='ltr'>hic,</span> <span class='ocrx_word' id='word_1_331' title='bbox 623 3664 802 3724; x_wconf 85' lang='lat' dir='ltr'>quacumque</span> <span class='ocrx_word' id='word_1_332' title='bbox 817 3665 854 3707; x_wconf 84' lang='lat' dir='ltr'>ex</span> <span class='ocrx_word' id='word_1_333' title='bbox 875 3656 954 3723; x_wconf 88' lang='lat' dir='ltr'>parte</span> <span class='ocrx_word' id='word_1_334' title='bbox 974 3647 1133 3726; x_wconf 81' lang='lat' dir='ltr'>considere·</span> 
     </span>
     <span class='ocr_line' id='line_1_41' title="bbox 89 3733 1133 3808; baseline 0.003 -19"><span class='ocrx_word' id='word_1_335' title='bbox 89 3737 143 3807; x_wconf 91' lang='lat' dir='ltr'>tur,</span> <span class='ocrx_word' id='word_1_336' title='bbox 158 3733 289 3808; x_wconf 82' lang='lat' dir='ltr'>physicas</span> <span class='ocrx_word' id='word_1_337' title='bbox 308 3739 389 3793; x_wconf 90' lang='lat' dir='ltr'>notas</span> <span class='ocrx_word' id='word_1_338' title='bbox 405 3735 487 3793; x_wconf 83' lang='lat' dir='ltr'>otiert</span> <span class='ocrx_word' id='word_1_339' title='bbox 501 3750 576 3808; x_wconf 87' lang='lat' dir='ltr'>qnae</span> <span class='ocrx_word' id='word_1_340' title='bbox 591 3735 653 3792; x_wconf 89' lang='lat' dir='ltr'>eius</span> <span class='ocrx_word' id='word_1_341' title='bbox 671 3749 730 3792; x_wconf 92' lang='lat' dir='ltr'>non</span> <span class='ocrx_word' id='word_1_342' title='bbox 749 3734 834 3792; x_wconf 91' lang='lat' dir='ltr'>modo</span> <span class='ocrx_word' id='word_1_343' title='bbox 850 3733 964 3792; x_wconf 90' lang='lat' dir='ltr'>initium</span> <span class='ocrx_word' id='word_1_344' title='bbox 980 3733 1133 3792; x_wconf 85' lang='lat' dir='ltr'>sedetiam</span> 
     </span>
     <span class='ocr_line' id='line_1_42' title="bbox 86 3817 852 3892; baseline -0.001 -17"><span class='ocrx_word' id='word_1_345' title='bbox 86 3831 145 3876; x_wconf 94' lang='lat' dir='ltr'>non</span> <span class='ocrx_word' id='word_1_346' title='bbox 164 3817 318 3879; x_wconf 85' lang='lat' dir='ltr'>admodum</span> <span class='ocrx_word' id='word_1_347' title='bbox 336 3823 478 3878; x_wconf 86' lang='lat' dir='ltr'>remotam</span> <span class='ocrx_word' id='word_1_348' title='bbox 498 3817 642 3892; x_wconf 80' lang='lat' dir='ltr'>originem</span> <span class='ocrx_word' id='word_1_349' title='bbox 658 3817 852 3878; x_wconf 78' lang='lat' dir='ltr'>manifestant.</span> 
     </span>
    </p>
   </div>
   <div class='ocr_carea' id='block_1_3' title="bbox 131 3997 660 4061">
    <p class='ocr_par' dir='ltr' id='par_1_6' title="bbox 131 3997 660 4061">
     <span class='ocr_line' id='line_1_43' title="bbox 131 3997 660 4061; baseline 0 -17"><span class='ocrx_word' id='word_1_350' title='bbox 131 3997 143 4044; x_wconf 92' lang='grc'>1</span> <span class='ocrx_word' id='word_1_351' title='bbox 167 4000 303 4059; x_wconf 63' lang='lat' dir='ltr'>coenem.</span> <span class='ocrx_word' id='word_1_352' title='bbox 321 4001 384 4050; x_wconf 76' lang='lat' dir='ltr'>roo.</span> <span class='ocrx_word' id='word_1_353' title='bbox 402 3999 556 4061; x_wconf 66' lang='lat' dir='ltr'>numan.</span> <span class='ocrx_word' id='word_1_354' title='bbox 574 3997 660 4047; x_wconf 75' lang='lat' dir='ltr'>moon.</span> 
     </span>
    </p>
   </div>
   <div class='ocr_carea' id='block_1_4' title="bbox 0 0 1388 4492">
    <p class='ocr_par' dir='ltr' id='par_1_7' title="bbox 0 0 1388 4492">
     <span class='ocr_line' id='line_1_44' title="bbox 0 0 1388 4492; baseline 0 5"><span class='ocrx_word' id='word_1_355' title='bbox 0 0 1388 4492; x_wconf 95' lang='lat' dir='ltr'> </span> 
     </span>
    </p>
   </div>
  </div>
 </body>
</html>
