2767 4492
568 263 698 308 cumcun
1128 257 1162 316 ot

118 351 258 412 motivum
273 353 388 424 spectet,
401 349 477 424 quod
486 362 554 424 prae
563 349 698 408 omnibus
706 348 918 412 nobilissimum
926 356 970 413 est
978 358 1008 414 et
1021 369 1088 415 eum
1101 353 1162 416 uia-

118 435 197 495 xima
211 434 274 494 eius
288 435 461 510 perfectione
481 434 605 492 sociatur
620 449 653 492 oc
667 449 741 508 pene
762 435 955 496 contunditur.
971 439 1002 500 ld
1021 442 1100 501 enim
1118 443 1161 519 ip

118 537 183 580 sum
202 521 277 594 quod
293 536 460 594 supremum
474 520 583 579 bonum
597 518 723 578 hominis
737 519 879 593 continet,
895 523 1007 600 adeptio
1022 527 1162 590 nimirum

118 605 212 666 ultimi
226 605 302 679 linis,
319 606 444 664 continet
458 605 543 664 eliam
559 609 722 663 extremum
735 603 818 663 illum
832 606 953 678 gradum
974 609 1088 673 uernae
1102 617 1161 690 gio·

117 691 187 764 riae,
204 691 255 765 qui
270 691 306 749 ab
321 691 435 750 homine
445 689 592 765 procurari
602 695 703 764 potest.
721 689 814 758 Quare
827 688 898 749 dum
906 699 1021 767 propter
1034 714 1098 758 eam
1113 701 1161 762 lto

16 793 18 798 ·
117 791 165 836 mo
175 782 317 852 operatur,
329 776 365 834 ad
376 789 540 852 supremam
550 773 637 834 eliam
647 774 693 838 sui
702 774 906 851 perlectionem
914 792 1014 843 reuera
1022 784 1159 856 graditur,

494 957 497 966 ’
528 951 698 1006 amaremus
716 945 748 1004 v.

302 1119 340 1180 Dc
355 1117 546 1198 applicatione
561 1117 630 1191 lepis
644 1116 684 1175 ad
702 1131 788 1176 cocos
799 1116 972 1192 peculiam,

427 1203 430 1210 ’
491 1217 542 1262 eeu
557 1201 786 1262 decooccicotio.

152 1377 195 1434 63.
212 1361 300 1434 Homo
315 1375 472 1450 praeceptis
490 1373 561 1448 legis
576 1373 705 1432 imbutus
720 1371 790 1448 quid
804 1372 860 1432 sibi
870 1375 1014 1448 agendum
1028 1379 1161 1440 omitten-

116 1461 243 1534 dumoue
256 1459 293 1518 sil
308 1460 453 1519 deliberat.
471 1458 563 1527 Quare
578 1458 625 1517 lex
646 1457 763 1516 moralis
783 1472 914 1516 normam
928 1462 1065 1534 operandi
1086 1479 1162 1524 com-

115 1545 257 1618 plectitur,
266 1551 296 1603 et
304 1543 478 1620 principium
489 1543 559 1603 illud
569 1548 621 1616 est,
633 1542 710 1616 quod
723 1542 835 1616 proprie
846 1543 1047 1604 rectitudinem
1057 1547 1158 1608 huma-

115 1645 170 1688 nae
186 1629 337 1688 voluntatis
356 1629 511 1688 dimetitur.
535 1628 639 1686 ilerum
661 1632 813 1701 praecepto
828 1627 899 1700 legis
918 1628 1093 1690 universalia
1111 1648 1163 1708 per
1257 1635 1261 1644 '

116 1727 147 1770 se
162 1720 241 1785 stret,
260 1719 291 1770 ut
309 1729 346 1771 ex
366 1727 453 1786 supra
471 1712 555 1770 dietis
569 1717 696 1786 apparet.
721 1712 752 1769 Ut
766 1710 854 1784 igitur
868 1727 968 1772 comm
986 1715 1016 1773 vi
1037 1718 1163 1777 actiones

116 1798 274 1871 peculiares
289 1799 360 1856 ratio
374 1798 551 1868 moderetur,
569 1793 613 1854 his
628 1795 772 1870 applicare
789 1795 951 1870 illudebat,
966 1804 1000 1857 ut
1018 1801 1163 1863 dictamen

116 1888 251 1956 exauget
272 1883 511 1953 determinatum,
532 1881 608 1955 quod
632 1880 762 1954 singulas
784 1886 933 1946 concretas
952 1887 981 1942 el
1000 1884 1163 1946 individuas

117 1967 241 2026 actiones
257 1968 398 2042 respiciat.
415 1967 490 2025 Haec
505 1967 600 2040 itaque
616 1965 768 2040 applicatio
783 1965 864 2039 legis,
875 1981 928 2024 seu
941 1968 1060 2028 rationis
1074 1971 1162 2030 dicta·

116 2067 192 2124 meu,
210 2053 285 2125 quod
300 2052 427 2126 praecise
443 2065 497 2109 nos
513 2051 609 2123 dirigit
626 2050 657 2107 in
672 2049 811 2123 peculiari
825 2051 988 2124 operatione
1003 2057 1161 2131 exerendaj

116 2137 478 2205 cottecieotiuuomiuolur.
492 2135 570 2202 Quod
586 2149 690 2192 nomen
707 2133 736 2192 in
752 2135 844 2207 ipsam
859 2135 926 2193 inde
937 2138 1098 2211 proiectum
1108 2148 1159 2216 esi,

117 2221 192 2294 quod
205 2221 326 2279 seleutia
341 2220 378 2278 sit
392 2219 533 2293 quaedam
554 2218 762 2292 principiorum
776 2218 847 2293 legis
866 2235 935 2278 cum
954 2221 1030 2283 iacto
1051 2225 1160 2302 aliquo,

117 2321 168 2363 seu
183 2305 293 2362 actione
308 2308 414 2377 nostra,
434 2307 597 2378 comparate
613 2304 638 2360 l.

153 2390 212 2448 lino
223 2389 289 2447 irinc
300 2388 382 2447 lacile
392 2388 598 2460 intelliguntur.
611 2387 739 2448 Primum
748 2395 808 2462 est,
820 2391 1023 2451 conscientiam
1032 2394 1095 2453 iure
1104 2410 1164 2454 me·

115 2474 226 2550 riteque
244 2473 380 2550 reputo-ut
394 2474 568 2550 procirooot
583 2474 730 2534 actionum
742 2475 906 2556 nuncupari
921 2477 946 2533 2.
956 2477 1028 2536 Nam
1042 2477 1091 2537 lex
1104 2496 1163 2542 mo·

162 2631 172 2675 i
191 2630 294 2693 appositu
307 2631 435 2678 relationem
452 2631 509 2678 inter
524 2631 680 2678 conscientiam
696 2636 718 2677 ct
731 2632 802 2693 iopam
818 2630 914 2678 declarat
927 2633 1007 2679 Saaraa
1023 2632 1058 2677 hia
1074 2633 1162 2681 ambis:

118 2727 127 2750 ι
146 2705 207 2753 L'udc
222 2708 287 2753 eliam
302 2706 365 2753 iacilc
376 2705 509 2768 intelligitur
523 2707 631 2769 quomodo
643 2707 676 2753 lex
686 2707 793 2754 naturalis
807 2711 944 2767 comparatur
954 2707 982 2752 ad
993 2708 1162 2770 conscientiam

118 2803 127 2824 t
146 2781 263 2842 aliquando
277 2783 336 2828 anim
350 2787 467 2828 censentur
482 2797 529 2828 osae
544 2783 620 2845 idem,
637 2786 662 2826 ut
676 2798 702 2827 cx
718 2782 799 2827 Basilio
817 2785 840 2826 et
855 2781 989 2828 Damascene
1005 2799 1071 2846 cupra
1085 2784 1166 2830 retuli-

118 2877 127 2898 ι
146 2871 203 2916 rrius,
219 2857 269 2916 quia
285 2857 418 2901 conscientia
434 2855 490 2902 nihil
505 2857 564 2901 aliud
580 2862 628 2917 est,
645 2871 714 2916 'quam
731 2854 840 2902 dictamen
855 2855 882 2902 dc
897 2857 995 2917 agendis.
1016 2858 1164 2906 Nihilominus

118 2951 127 2974 u
148 2937 218 2975 larrren
234 2930 258 2974 in
274 2931 344 2990 ripere
361 2930 413 2975 hooc
430 2930 473 2976 duo
490 2931 575 2977 diuersa
591 2935 655 2976 aurat:
675 2945 726 2976 nam
742 2930 776 2976 lex
793 2930 847 2976 dicit
861 2931 958 2994 rapulam
974 2936 1103 2996 generaliter
1113 2953 1166 2983 con.

120 3027 128 3050 ι
149 3008 246 3052 atitularu
264 3005 320 3051 circa
336 3003 432 3066 opuntia:
446 3005 579 3052 conscientia
593 3022 645 3052 vero
660 3005 715 3051 elicit
729 3006 837 3054 dictamen
851 3009 971 3070 practicam
984 3011 1008 3056 in
1022 3013 1148 3074 particulari
1156 3030 1163 3075 3

119 3105 127 3125 ι
146 3081 205 3128 uuile
220 3085 292 3145 potius
308 3089 341 3128 osi
355 3083 422 3129 veluti
441 3083 558 3146 applicatio
577 3082 631 3144 lepis
646 3082 673 3128 al
687 3082 819 3144 particulare
839 3100 901 3147 opua.
920 3087 950 3132 En
965 3103 1008 3149 quo
1023 3089 1089 3135 aliam
1104 3089 1165 3135 utut

118 3179 127 3200 ι
146 3159 279 3204 conscientia
294 3157 359 3204 latius
374 3158 464 3221 pateat,
482 3173 546 3220 quam
563 3157 598 3204 lex
617 3157 740 3221 naturaiis3
757 3159 809 3220 qnia
825 3175 868 3206 non
884 3165 970 3208 tantm
984 3161 1079 3226 applicat
1094 3163 1165 3225 legem

120 3255 129 3276 ι
149 3234 270 3280 naturalem
280 3233 342 3297 ‚aed
357 3233 422 3280 etiam
439 3249 598 3297 quamcumque
614 3233 698 3297 aliana,
717 3235 763 3282 siaa
779 3236 877 3283 diuinam
890 3237 937 3284 aira
952 3237 1078 3286 humanam.
1095 3240 1165 3286 Imma

118 3331 127 3352 ι
146 3310 279 3356 conscientia
296 3325 340 3356 non
357 3309 428 3356 aulum
442 3310 552 3373 applicare
567 3310 622 3358 solet
631 3325 705 3358 rerum
719 3311 798 3375 lupam,
810 3312 848 3357 aad
863 3313 929 3359 ctiam
944 3314 1102 3378 existimatam
1120 3333 1164 3378 quo

118 3407 126 3428 ι
146 3385 211 3432 irretio
224 3386 336 3432 interdurn
352 3385 416 3431 datur
431 3387 564 3433 conscientia
580 3402 685 3448 erronea3
701 3386 736 3432 lex
755 3392 828 3433 aulam
849 3403 939 3434 cnonaa
954 3389 1002 3435 dari
1017 3405 1061 3436 non
1076 3395 1161 3452 potest:

118 3483 126 3502 ι
147 3477 197 3508 nem
212 3478 237 3508 eo
252 3462 300 3525 ipso
316 3477 360 3507 nort
375 3462 417 3507 crit
430 3463 465 3508 lox
476 3497 482 3526 ‚
494 3462 553 3525 qnod
567 3464 660 3509 maxima
675 3479 751 3510 aarum
766 3469 799 3510 cat
813 3465 836 3509 in
851 3464 899 3525 lega
914 3465 1007 3511 naturali
1023 3481 1079 3527 quac
1092 3467 1163 3515 &aaa

118 3556 126 3577 ι
146 3537 211 3582 habel
224 3542 342 3583 auctorem.
362 3537 459 3599 Denique
472 3537 506 3584 lox
522 3539 609 3601 propria
625 3538 694 3585 iet-tm
709 3539 736 3587 ria
750 3540 849 3602 spondis,
861 3541 995 3586 conscicntia
1009 3542 1162 3589 autem-ctiam

118 3632 128 3652 ·
144 3617 243 3659 uersatur
259 3613 315 3661 cirea
332 3629 365 3676 ea,
382 3629 437 3676 qtrae
453 3615 496 3659 iarn
512 3613 568 3661 iacta
583 3620 647 3677 aunt3
664 3620 687 3661 cl
701 3615 750 3661 ideo
766 3615 799 3662 ilii
813 3615 918 3664 tribuitur
937 3633 991 3680 non,
1009 3616 1080 3662 mlum
1095 3617 1165 3680 lipara

118 3705 126 3727 ι
149 3687 188 3732 cod
207 3703 316 3752 accusare,
335 3689 454 3750 lesliiieari,
476 3694 497 3735 oi
517 3689 640 3737 deiendara.
661 3711 669 3732 ι
693 3695 728 3738 Dc
750 3694 838 3752 lectona
852 3692 868 3738 l.
888 3693 912 3756 2,
927 3710 946 3739 c.
964 3694 987 3738 5.

162 3762 177 3806 2
194 3763 254 3808 Falso
270 3765 337 3825 igitur
351 3765 479 3812 ileineeeius
495 3765 540 3828 (Dc
553 3768 608 3812 iura
621 3771 671 3814 not.
689 3771 711 3814 et
725 3772 785 3826 peut.
803 3767 819 3813 Ι.
836 3769 859 3831 l,
876 3785 896 3814 c.
912 3769 936 3832 2,
948 3767 974 3833 ᾗ,
991 3768 1032 3833 ta)
1047 3771 1164 3834 reprehen·

115 3835 148 3882 dit
163 3851 199 3883 eos
215 3839 252 3901 qui
268 3840 308 3887 hoc
324 3843 418 3902 repultte
434 3857 512 3888 nosaico
528 3842 673 3892 eonscientiae
692 3844 811 3909 tribuunt,
829 3861 896 3909 quam
910 3847 1007 3907 repostae
1021 3849 1165 3910 applicatio·

874 3920 892 3981 o
