2767 4492
239 293 294 356 tid
370 351 373 361 ,
558 303 787 356 mammetem
801 301 951 356 mmmm

655 478 825 538 inmanius
838 475 872 538 ii.

589 645 629 708 De
640 647 774 708 amur
792 646 930 708 aaran.

274 821 318 882 tc.
334 819 455 882 Medium
469 821 499 881 et
518 818 684 880 intedecnrs
699 818 783 894 quud
800 831 883 893 pons,
902 831 959 891 prm
973 816 1087 876 animus
1101 819 1199 878 noster
1217 831 1287 878 cnm

238 907 377 966 menore
396 905 504 965 mundo
521 904 725 977 communicat,
741 903 929 963 sensibilitate
941 903 1116 976 conductum
1132 917 1207 977 quae
1220 917 1287 978 pro-

238 991 305 1050 inde
317 989 438 1052 facultas
446 995 489 1050 est
502 1003 559 1064 qne
573 1001 692 1064 corpora
705 1002 861 1062 mrumqrre
871 986 1022 1061 matitatas
1030 987 1284 1061 apprehendimus.

238 1075 330 1134 dividi
345 1081 437 1150 potest
459 1074 491 1136 in
505 1079 655 1134 summam
669 1077 698 1133 et
710 1073 865 1146 internam,
881 1077 966 1146 prout
979 1071 1024 1130 ael
1038 1079 1190 1147 corporum
1204 1089 1223 1131 a
1235 1086 1285 1133 ne

237 1159 283 1218 bis
296 1153 504 1233 inunctorum,
521 1158 566 1218 vei
581 1157 708 1233 corporis
721 1155 845 1217 iunonis
860 1171 927 1216 cum
942 1158 1040 1216 anima
1052 1158 1198 1218 coniuncti
1216 1157 1285 1217 atie-

237 1245 345 1304 ctiones
369 1245 492 1320 attingit.
507 1243 558 1304 iiic
570 1244 606 1304 de
619 1244 714 1318 prima
722 1247 835 1303 anaim
852 1241 995 1303 deductis
1017 1243 1206 1319 paragraphis
1222 1243 1284 1303 dis

239 1343 377 1389 seremus.

752 1497 775 1557 1.

321 1665 505 1728 doaddtonct
523 1667 563 1727 nd
581 1665 783 1727 rmdddeette
791 1672 928 1726 actm
935 1656 1202 1740 wemrmutrttae.

272 1835 448 1896 &rubidus
461 1840 581 1898 externa
594 1837 722 1911 quinque
735 1839 846 1895 censat
862 1835 1005 1896 ansibus:
1022 1836 1094 1909 dni,
1110 1833 1220 1902 addim
1236 1836 1279 1895 ol·

236 1921 323 1996 tactu,
339 1927 424 1996 gustu
438 1926 467 1981 et
482 1927 568 1994 tactu,
585 1935 708 1996 quorum
722 1920 808 1994 primi
827 1925 950 1994 quatum
969 1918 1153 1980 determinato
1170 1933 1282 1992 orgarm

235 2011 363 2080 utuutm,
380 2011 540 2082 postremus
555 2009 611 2065 tcto
626 2017 744 2079 corpore
759 2003 841 2064 nesus
855 2010 907 2078 est,
922 2005 954 2064 in
968 2005 1097 2079 partibus
1120 2019 1180 2064 non
1195 2004 1282 2064 modo

236 2091 364 2150 externis
379 2106 480 2150 verum
495 2091 582 2150 etiam
597 2089 729 2149 internis.

271 2175 480 2235 Proditurama
504 2174 636 2234 sensibus
654 2174 794 2233 actionem
819 2173 1028 2232 conditionibus
1046 2171 1218 2248 quibusdam
1231 2188 1283 2232 na-

234 2264 299 2320 mra
318 2259 480 2334 adstrinxit,
507 2271 629 2334 quarum
649 2259 743 2333 prima
757 2263 802 2317 est
818 2263 852 2316 ut
865 2273 971 2332 organa
985 2258 1043 2317 sint
1059 2259 1114 2317 rite
1135 2258 1281 2332 disposita
1356 2263 1359 2268 '

236 2343 378 2418 siquidem
393 2344 584 2403 instrumenta
599 2347 666 2402 sunt
685 2343 722 2401 ad
736 2341 816 2401 illam
835 2343 1024 2402 exercendam
1047 2342 1225 2416 necessaria,
1241 2343 1283 2402 ni·

235 2427 303 2486 ttato
318 2431 414 2486 autem
427 2427 618 2486 instrumento
633 2425 769 2486 nesactio
778 2425 978 2486 convenienter
987 2425 1085 2502 peragi
1097 2429 1199 2501 potest.
1210 2425 1283 2485 iiiuc

235 2506 338 2586 accidit
352 2527 399 2570 ex.
416 2523 458 2585 gr.
476 2515 509 2568 nt
518 2506 567 2584 qui
582 2509 701 2570 humore
716 2509 812 2584 aliquo
827 2509 966 2570 sudusam
974 2511 1113 2586 pupillam
1127 2509 1240 2584 habeat,
1256 2511 1282 2570 is

235 2593 291 2653 aiio
304 2609 391 2676 quam
405 2609 506 2653 revera
520 2597 587 2654 sunt
602 2590 695 2654 colore
709 2593 786 2652 attici
800 2593 911 2654 obiecta
925 2591 1029 2654 videat.

273 2677 366 2736 ittera
386 2675 520 2751 conditio,
546 2682 623 2736 arcte
644 2693 712 2738 cum
726 2676 872 2752 superiore
886 2693 1026 2752 connexa,
1042 2693 1078 2738 ea
1092 2683 1144 2753 est,
1159 2682 1192 2738 ut
1205 2677 1283 2737 odie·

234 2766 313 2822 ctum
326 2761 358 2822 in
371 2776 480 2835 organa
500 2762 635 2822 idoneam
656 2761 876 2836 impressionem
889 2767 1031 2822 exerceat.
1053 2763 1140 2837 idque
1158 2763 1280 2822 manife-

232 2853 310 2907 stum
324 2851 368 2907 est
382 2862 420 2907 cx
433 2861 477 2920 ec,
494 2846 641 2921 quodnisi
656 2845 800 2906 obiectum
814 2861 950 2920 praesens
964 2847 1001 2906 sit
1012 2852 1099 2921 atque
1112 2847 1154 2906 ita
1167 2846 1283 2921 propin-

233 2942 332 3004 quum,
355 2935 388 2989 ut
402 2931 524 2990 iuduere
545 2930 576 2990 in
596 2931 726 2990 sensoria
739 2930 837 3005 possit3
854 2930 933 2988 nulla
946 2931 1029 2990 nobis
1044 2931 1204 2991 innascitur
1217 2945 1282 2990 sen·
1300 2997 1305 3004 ,

234 3011 322 3072 tiendi
336 3015 419 3074 actio.
441 3015 566 3090 temque
577 3029 784 3089 nonnunquam
793 3020 908 3090 pmpter
915 3015 1036 3074 nimiam
1045 3015 1147 3075 obiecti
1157 3015 1284 3075 vimlae

231 3093 309 3157 ditur
322 3108 461 3171 organum
476 3104 560 3173 atqm
576 3100 721 3174 apropria
735 3099 939 3174 temperatione
958 3089 1133 3160 disceditur.
1152 3100 1282 3159 siccum

232 3183 297 3258 qaus
310 3178 403 3242 nudos
416 3183 512 3243 ocutos
526 3183 557 3242 in
573 3181 661 3243 solem
668 3181 799 3257 intendit,
810 3181 964 3260 perstringi
977 3183 1068 3244 aciem
1082 3183 1229 3259 experitur
1238 3187 1282 3240 at·

232 3271 287 3344 due
301 3265 453 3327 humentes
468 3267 607 3328 exsiccari
623 3273 728 3342 partes.
744 3265 818 3327 Haec
829 3283 896 3328 vero
911 3269 1075 3343 contingere
1084 3267 1209 3344 proiecto
1219 3281 1282 3324 non

230 3358 355 3433 possent,
367 3351 392 3412 si
407 3348 553 3412 obiectum
568 3351 710 3411 actionem
723 3351 833 3411 nullam
852 3359 991 3413 exereret.
1009 3351 1089 3414 Ratio
1108 3355 1203 3410 autem
1223 3365 1280 3408 cur

232 3436 372 3498 eiusmodi
386 3437 514 3496 influxus
535 3436 707 3510 requiratur,
721 3436 800 3509 {haec
813 3436 894 3496 reddi
908 3441 1010 3512 potest:
1027 3437 1102 3511 quod
1115 3447 1219 3494 sensus
1228 3447 1282 3508 per

233 3537 295 3580 sese
318 3522 355 3582 ad
378 3521 454 3581 hanc
477 3521 599 3580 ademta
619 3535 682 3579 rem
706 3521 922 3595 percipiendam
944 3521 983 3582 sit
1001 3519 1279 3596 planeinditierene.

232 3603 324 3670 Quare
339 3615 377 3666 en
397 3605 501 3666 obiecti
522 3605 684 3678 praesentia
698 3611 764 3680 eget
783 3605 977 3680 determinari,
993 3607 1024 3666 in
1038 3619 1130 3679 eaque
1144 3607 1187 3662 est
1207 3601 1281 3661 catio

231 3687 377 3749 sutdciem
390 3691 531 3750 ememtes
545 3690 716 3750 sensationis
729 3693 759 3749 et
772 3703 859 3750 causa
869 3705 921 3750 cur
938 3703 1031 3750 unum
1048 3690 1196 3750 obiectum
1209 3701 1280 3760 prae

232 3771 321 3832 altero
337 3776 484 3834 sentiatur.
499 3775 533 3835 Ut
547 3773 625 3833 enim
634 3774 669 3832 de
679 3775 780 3848 quavis
788 3775 948 3849 cognitione
957 3775 1104 3850 proprium
1113 3777 1168 3846 est,
1180 3783 1281 3845 quam·

231 3857 276 3920 vis
289 3857 413 3919 dadas
436 3859 555 3922 actionis
568 3859 876 3937 proceditasubiecto3
887 3858 1159 3936 repraesentationis
1169 3862 1278 3931 amen,
