2767 4492
225 286 278 351 art
664 256 824 351 arnamar

225 384 351 463 corpore,
368 388 443 462 orrod
457 397 525 447 uera
536 386 643 448 unitate
658 390 789 463 gaudeat,
806 386 879 449 sicut
894 400 1009 448 necesse
1024 388 1067 445 est
1081 380 1143 447 dari
1158 389 1261 461 partes,

225 490 297 549 quae
313 474 458 547 uniuntur,
474 475 516 532 sic
531 474 617 533 etiam
631 482 811 547 oportetesse
824 473 996 549 principium
1012 472 1126 547 aliquod
1138 472 1260 545 unionis
1301 493 1308 506 ·

225 558 349 617 seu-uim
366 558 491 632 aliquam
507 575 582 633 quae
596 556 690 633 partes
704 560 734 617 in
749 566 848 617 mutua
859 558 1003 617 iunctione
1019 558 1170 616 contineat.
1183 558 1262 616 item-

225 658 280 716 que
296 642 325 701 in
336 650 417 701 coetu
435 644 554 717 paeiiieo
569 649 599 701 et
613 644 741 704 ordinato
757 644 832 702 sicut
842 644 1026 717 requiruntur
1035 658 1181 717 personae,
1193 658 1264 716 quae

224 742 294 801 pace
308 733 336 784 et
350 728 447 785 ordine
462 728 662 801 pertruantnr3
679 728 722 785 sie
735 728 863 801 poscitur
877 726 1060 802 principium,
1076 726 1151 801 quod
1166 742 1262 799 {racem

225 812 320 883 illam,
347 828 396 869 seu
421 827 590 870 consensum
605 812 782 869 voluntatum
798 812 909 885 gignat,
928 817 957 873 et
970 811 1098 869 onlinem
1114 818 1259 887 procuret,

225 912 328 970 nempe
343 896 521 954 harmoniam
537 897 566 954 in
583 897 759 969 singulorum
770 895 962 955 relationibus
980 895 1049 969 Ergo
1060 894 1130 955 haec
1144 896 1200 956 duo
1211 897 1263 956 ele

224 988 320 1039 menta
336 982 524 1040 essentialiter
546 982 580 1039 ad
601 983 763 1043 societatem
780 982 937 1057 pertinent,
957 988 985 1040 et
998 982 1059 1041 siue
1076 982 1130 1041 ittis
1146 984 1262 1043 societas

224 1080 260 1123 ne
275 1073 370 1123 mente
389 1066 502 1141 (paridem
518 1067 629 1140 concipi
644 1072 746 1140 potest.
762 1067 887 1125 lamrero
905 1074 1000 1142 partes
1014 1082 1030 1125 e
1045 1067 1148 1140 quibus
1162 1084 1262 1142 corpus

222 1152 331 1209 morule
347 1152 488 1210 societatis
504 1154 682 1220 etiormatur,
700 1160 728 1211 et
743 1168 880 1227 personae
895 1152 998 1227 qrrilrus
1016 1160 1113 1210 coetus
1125 1152 1185 1211 eius
1201 1169 1262 1211 coa·

223 1233 305 1293 lescit
319 1237 498 1309 appellantur
514 1236 694 1307 mulctrale,-
709 1237 752 1295 vis
767 1236 886 1311 gignens
902 1238 1037 1297 unitatem
1053 1237 1082 1294 in
1095 1252 1260 1311 eocorpore,

223 1326 252 1379 et
272 1322 447 1395 principium
465 1336 621 1394 procurans
640 1320 769 1379 ordinem
788 1330 816 1380 et
831 1338 928 1396 pacem
947 1323 975 1380 in
992 1322 1039 1380 illo
1058 1330 1148 1395 coetu,
1171 1323 1264 1396 appel·

223 1404 297 1462 latur
317 1406 489 1464 auctoritas.
512 1407 589 1464 Patet
609 1407 696 1479 igitur
718 1407 927 1465 multitudinem
949 1414 977 1465 ct
998 1406 1194 1465 auctoritatem
1209 1407 1264 1466 ele·

224 1495 323 1548 menta
337 1506 399 1548 esse
414 1491 593 1563 essentialia,
609 1492 766 1563 exquibus
782 1493 923 1551 societatis
939 1499 1040 1551 natura
1055 1493 1207 1566 consurgit.

258 1575 334 1633 idem
349 1592 400 1649 per
414 1592 444 1634 se
458 1576 546 1634 claret
561 1576 597 1633 de
612 1576 757 1649 superiore
773 1582 800 1635 et
817 1577 947 1635 subditis.
964 1578 1034 1635 darn
1050 1578 1178 1653 superior
1193 1577 1264 1635 nihil

148 1686 153 1693 =
222 1658 297 1717 alind
313 1666 368 1729 est,
385 1660 441 1717 nisi
457 1661 609 1718 auctoritas
626 1667 757 1719 concrete
775 1668 909 1735 spectata,
922 1660 1061 1720 nimirum
1076 1669 1212 1736 qnatenus
1231 1663 1260 1719 in

220 1758 342 1818 persona
356 1744 453 1817 aliqua
468 1744 615 1803 individua
629 1747 675 1803 rel
687 1746 717 1803 iu
728 1746 822 1819 aliquo
832 1748 950 1821 collegio
964 1748 1083 1820 residel3
1101 1746 1201 1805 subditi
1211 1762 1262 1804 ao·

221 1837 278 1887 tem
298 1830 370 1885 nilril
387 1830 464 1887 aliud
479 1836 564 1902 sunt,
585 1845 672 1903 quam
692 1831 755 1904 ipsa
770 1832 919 1891 multitudo
939 1837 1023 1906 prout
1042 1832 1079 1890 ab
1099 1831 1264 1891 auctoritate

220 1914 342 1984 regitur,
359 1914 443 1986 eique
457 1907 719 1973 ordinem‘dictanti
731 1916 890 1975 serbiicitur.

258 1998 318 2055 tue.
337 1998 505 2071 utquisque
520 1998 604 2057 tacite
621 2000 774 2075 perspicit,
797 2004 949 2062 auctoritas
967 2002 1059 2062 civilis
1074 2002 1103 2063 in
1123 2003 1186 2061 iure
1200 2017 1266 2061 con·

221 2082 295 2141 sistit
309 2084 431 2156 ponendi
448 2084 576 2142 ordinem
591 2084 622 2143 in
636 2084 819 2146 multitudino
831 2086 866 2146 ad
878 2088 964 2147 linem
978 2089 1100 2147 civitatis
1111 2104 1267 2163 assequen-

222 2168 307 2238 dum3
325 2167 462 2227 subiectio
489 2169 582 2228 civilis
597 2166 626 2228 in
643 2170 806 2230 obedientia
820 2172 967 2247 reponitur
981 2174 1072 2247 quoad,
1087 2174 1265 2246 sequendum

220 2250 375 2323 impulsum
400 2252 436 2310 alr
451 2256 618 2313 auctoritate
636 2257 837 2330 procedentem
858 2274 908 2331 pro
929 2259 1078 2332 adeptione
1098 2258 1163 2317 linis
1177 2257 1266 2315 illius.

219 2337 291 2395 Hinc
306 2340 490 2413 consequitur
508 2340 707 2399 auctoritatem
719 2343 914 2417 maximopere
928 2344 1042 2403 differre
1052 2360 1069 2402 a
1079 2342 1220 2415 dominio,
1237 2348 1268 2401 et

176 2479 180 2495 ,
219 2420 423 2481 subiectionem
438 2425 551 2485 civitem
566 2427 738 2485 aservitote.
759 2428 828 2485 llam
844 2426 1012 2497 dominium,
1027 2434 1056 2485 ut
1070 2428 1141 2486 alias
1156 2428 1265 2486 dietum

220 2511 280 2577 est,
303 2506 334 2564 in
350 2508 484 2567 laenitate
499 2511 629 2569 consistit
647 2512 820 2585 disponendi
839 2526 889 2585 pro
910 2510 998 2570 lulrito
1018 2510 1051 2570 de
1072 2528 1103 2570 re
1118 2512 1214 2585 aliqua
1228 2510 1265 2568 ad

219 2591 364 2664 propriam
376 2593 536 2652 utilitatem.
551 2596 642 2662 Quare
653 2597 715 2654 eins
729 2595 907 2655 characteres
922 2612 978 2655 non
993 2596 1076 2654 modo
1091 2596 1263 2669 discrepant,

219 2688 320 2734 rerum
343 2679 428 2736 ctiam
451 2680 677 2738 contradicentes
697 2682 815 2739 omniuo
834 2688 900 2739 sunt
922 2682 1013 2755 notis,
1037 2680 1141 2755 quibus
1156 2686 1267 2739 constat

223 2762 385 2821 auctoritas.
399 2764 431 2821 Et
444 2780 512 2823 sane
527 2765 686 2824 dominium
698 2772 829 2824 versatur
844 2767 920 2824 circa
935 2782 996 2839 ren,
1012 2782 1070 2825 non
1081 2767 1156 2826 circa
1170 2781 1266 2841 perso·
1296 2839 1300 2849 .

224 2858 289 2915 nas;
307 2848 369 2904 eius
382 2864 451 2906 usus
468 2848 592 2921 procedit
609 2850 801 2923 revelantate,
819 2866 875 2909 non
891 2850 926 2909 ab
941 2852 1048 2925 oltrci03
1065 2852 1127 2910 eius
1142 2852 1207 2908 fluis
1222 2856 1268 2908 est

223 2930 333 2992 utilitas
355 2932 559 3006 narrationum,
581 2935 630 2992 sed
646 2936 764 2993 domini.
789 2936 892 2993 Contra
908 2936 1059 2995 auctoritas
1081 2936 1187 2995 directe
1201 2950 1268 3009 ope·

223 3020 303 3073 ratur
317 3015 393 3073 circa
408 3032 556 3092 personas;
580 3020 643 3077 eius
657 3020 829 3079 exercitium
850 3031 867 3078 a
882 3021 990 3079 ratione
1004 3021 1191 3095 praecipitum
1207 3034 1269 3078 non

223 3105 332 3173 spectat
341 3100 448 3159 bonum
459 3104 613 3185 superioris
626 3105 677 3163 sed
688 3106 774 3163 totius
785 3104 1007 3164 communitatis.
1019 3106 1145 3180 itemque
1155 3120 1266 3177 servus,

221 3183 252 3242 in
268 3190 405 3257 quantum
420 3188 560 3247 eiusmodi
576 3196 762 3265 comparatur
777 3191 864 3249 rebus
879 3198 907 3264 ⁴3
924 3190 1051 3250 absolute
1062 3188 1210 3265 pendetab
1221 3204 1269 3247 ar·

221 3267 327 3328 hitratu
352 3272 474 3345 domini;
497 3275 609 3333 actione
634 3290 686 3333 sua
705 3276 882 3335 nullomodo
904 3277 1065 3350 proprium,
1088 3276 1138 3335 sed
1157 3274 1270 3334 domini

223 3354 448 3415 emolumentum
467 3358 598 3418 intendit.
617 3360 661 3418 itit
676 3358 731 3419 lale
746 3360 849 3419 accidit
860 3360 994 3434 subdue,
1017 3358 1066 3434 qni
1082 3359 1271 3433 inquantum

223 3439 354 3499 subditus
375 3442 514 3502 rationem
530 3460 668 3518 personae
686 3444 789 3504 retinet
812 3460 845 3504 ae
861 3445 982 3521 propriis
1004 3444 1116 3505 iuribus
1130 3450 1268 3517 ornatur;

268 3624 279 3671 l
300 3624 439 3675 diximusne
455 3634 569 3689 quantum
584 3629 704 3695 eiusmodi,
722 3630 778 3677 idest
796 3634 902 3693 pannus
917 3628 1013 3694 praecise
1028 3630 1100 3679 reta-il
1121 3634 1142 3676 et
1156 3629 1179 3677 ia
1194 3640 1277 3691 opera·

223 3698 283 3748 liena
297 3702 446 3750 consideratur
464 3722 529 3767 qoam
549 3706 611 3753 alteri
632 3707 729 3753 collocat.
753 3708 806 3753 iiam
827 3708 845 3753 si
865 3708 1013 3755 consideretur
1034 3706 1105 3769 qoead
1124 3710 1224 3751 naturam
1246 3702 1275 3749 in

224 3784 328 3836 mentum
343 3777 407 3825 homo
422 3787 467 3844 est,
485 3782 595 3845 personali
612 3781 717 3843 dipnitate
731 3784 830 3846 fruitur,
846 3800 888 3846 qua
902 3785 1019 3832 [lominum
1036 3784 1109 3847 ipsam
1129 3781 1276 3844 aequiparss5

226 3855 272 3895 tum
286 3851 370 3899 iuribus
381 3854 496 3904 instruitur
511 3874 567 3919 quae
582 3874 594 3907 a
611 3860 700 3924 urendae
715 3859 792 3911 violari
807 3860 895 3911 debent.
