2767 4492
420 308 821 358 erassatur-cosmometra
1112 299 1146 367 lp

99 395 218 456 lantum
240 396 413 456 advertimus
432 397 606 456 contrarium
628 395 820 470 principium,
841 409 946 470 nempe
969 398 1046 470 rprod
1069 401 1145 462 solae

99 483 232 540 veritates
252 482 430 540 necessariae
453 481 654 540 certitudinem
678 480 823 553 habeant,
846 481 950 556 dogma
973 497 1035 541 esse
1059 485 1145 546 mtto

97 564 378 709 ggbffifiegptuod
399 565 514 626 tandem
535 564 687 640 aliqomdo
710 565 746 623 ad
768 565 983 638 pantheismum
1006 571 1035 627 et
1053 568 1145 630 fatali·

507 864 676 926 inmenens
700 863 734 924 ΙΙ.

231 1060 270 1121 Dc
284 1061 456 1123 discrimine
468 1063 578 1123 monadi
590 1079 611 1122 o
624 1063 680 1122 Deo
694 1069 799 1122 ceretro
812 1061 1009 1148 Poetdetstos.

128 1257 159 1316 5,
185 1257 359 1333 Permagnae
383 1259 561 1320 necessitatis
586 1263 629 1318 est
649 1259 681 1318 in
702 1275 839 1334 praesens
858 1261 1050 1335 perniciosam
1073 1278 1144 1337 pan-

93 1342 211 1401 tbeismi
225 1342 383 1402 doctrinam
404 1349 535 1402 accurate
551 1344 701 1417 discutere,
719 1351 803 1418 atque
818 1361 835 1402 a
849 1345 1033 1404 scientiarum
1048 1361 1145 1408 arcere

91 1425 252 1484 liminibus.
272 1427 441 1484 Incredibile
456 1427 534 1485 enim
549 1432 592 1485 est
607 1434 781 1502 quantopere
796 1427 928 1487 delirium
944 1429 998 1486 boc
1012 1429 1068 1502 lob
1088 1435 1145 1488 tur·

90 1525 161 1582 pem
177 1514 276 1567 notam
301 1516 462 1583 temporum
487 1513 682 1587 nostroruml)
703 1511 780 1594 leves
803 1527 862 1571 non
883 1527 1039 1587 paucorum
1059 1513 1146 1571 buius

91 1595 197 1653 aetatis
210 1594 360 1652 hominum
369 1601 483 1654 mentes
497 1597 642 1671 infecerit,
663 1597 712 1670 qui
728 1596 780 1656 etsi
795 1597 890 1678 verbis
905 1605 1030 1672 negent,
1056 1613 1088 1657 re
1106 1603 1146 1657 ta·

91 1693 187 1752 men,
214 1679 345 1737 simulate
368 1680 536 1753 interdum,
562 1697 770 1755 nonnunquam
793 1681 881 1740 etiam
906 1687 1025 1757 aperte,
1052 1681 1147 1741 labem

91 1763 169 1821 hanc
192 1762 296 1822 iterum
322 1769 461 1823 conantur
475 1764 636 1825 obtrudere.
658 1766 749 1833 Ouare
769 1765 938 1840 Spinoaam,
959 1765 1146 1841 praecipuum
1192 1783 1195 1792 ·

91 1848 249 1906 commenti
270 1847 347 1906 illius
369 1850 632 1923 propugnaculum,
653 1850 865 1924 praedicatione
880 1851 1020 1924 ederunt,
1040 1857 1068 1910 et
1083 1851 1146 1924 phi-

80 1930 238 2005 ·losopbiae
260 1932 343 1991 facile
364 1934 523 2007 principem
543 1933 644 1993 baberi
667 1935 776 1994 volunt.
802 1935 834 1994 ln
858 1935 912 1994 bac
936 1936 1033 2010 itaque
1047 1933 1146 1993 absur-

91 2015 180 2074 ditate
203 2017 376 2086 relellende,
401 2023 541 2092 quantum
569 2019 728 2094 praesentis
751 2015 841 2080 libelli
861 2021 1008 2094 angustiae
1023 2019 1141 2094 sinunt,

92 2099 274 2174 evigilemus.
329 2150 333 2156 .
424 2120 426 2123 ·

125 2187 218 2260 Atque
231 2201 267 2244 ea
279 2185 311 2245 in
329 2201 360 2246 re
377 2192 408 2246 ut
419 2182 511 2261 magis
524 2188 719 2262 perspicuitati
734 2189 890 2257 consulam,
903 2189 1029 2263 primum
1044 2189 1141 2247 uarias

91 2271 210 2343 formas,
223 2285 295 2345 quas
310 2271 528 2346 phantbeismus
543 2273 685 2346 suscepit,
705 2271 834 2346 innuam3
858 2271 959 2331 deinde
973 2287 1033 2332 ona
1046 2285 1145 2331 omnes

93 2355 244 2414 communi
258 2355 430 2414 refutatione
451 2355 616 2431 aggredia13
640 2361 701 2415 tum
722 2355 887 2432 singillatim
902 2357 1026 2416 absurda
1039 2355 1146 2430 praeci·
1213 2383 1215 2390 1

90 2451 168 2510 poa,
186 2453 261 2512 quae
275 2439 307 2497 in
331 2455 443 2514 quaque
467 2442 583 2515 vigent,
601 2441 752 2515 indicabo,
769 2446 799 2500 et
818 2439 1055 2509 difficultatibus,
1071 2455 1144 2513 quae

92 2520 192 2580 afferri
206 2527 332 2596 possent,
349 2523 533 2596 satisfaciam.

386 2693 496 2754 Variae
509 2694 691 2769 pontheis-md
704 2695 832 2769 somnae.

127 2860 155 2920 d.
172 2859 364 2920 Orientalibus
380 2862 465 2921 sectis
479 2863 602 2936 omissis,
615 2875 738 2936 qttantm
752 2861 857 2935 placite
871 2861 896 2919 sl
911 2859 947 2918 ad
961 2859 1084 2918 litteram
1094 2875 1144 2918 ex·

92 2944 194 3017 plicari
212 2945 327 3017 velint,
351 2947 565 3017 pantheismum
581 2946 690 3018 passim
704 2944 849 3016 redolent3
866 2949 991 3016 systema
1004 2943 1059 3000 boc
1073 2943 1145 3001 antl-

93 3030 190 3104 quitus
207 3027 342 3098 traditum
356 3033 399 3085 est
413 3028 615 3100 allenopbane
631 3031 656 3099 t,
669 3027 719 3099 qui
731 3026 906 3100 principium
921 3024 989 3085 illud
1002 3039 1036 3085 ac
1047 3025 1143 3086 ottilo

29 3143 38 3161 ·
91 3111 172 3170 otlatt
192 3111 227 3184 fit
249 3116 354 3167 temere
372 3109 592 3183 interpretatus,
609 3123 724 3168 omnem
743 3109 918 3170 substantiae
939 3109 1145 3170 creationeme

92 3196 188 3255 medio
204 3192 337 3268 sustulit3
355 3207 408 3252 nec
421 3191 477 3252 nisi
492 3209 596 3266 unam,
613 3193 801 3268 eamdemque
815 3191 968 3268 infinitam,
985 3199 1141 3266 aeternam,

94 3285 122 3338 et
142 3277 354 3338 immutabilem
376 3284 489 3338 erstme
511 3282 664 3348 nattuam,
680 3287 806 3352 quacum
825 3284 919 3338 cetera
940 3278 1037 3339 omnia
1054 3293 1146 3338 unum

37 3387 42 3396 ·
94 3363 228 3440 idemque
243 3363 349 3432 forent,
367 3363 510 3438 opinionis
523 3379 620 3423 errore
633 3363 753 3438 putarit.

134 3450 244 3509 Deinde
259 3449 345 3509 Stoici
364 3447 495 3508 insaniae
513 3448 609 3508 eidem
626 3451 819 3508 accesserunt.
841 3448 930 3509 Deum
950 3448 1027 3508 enim
1044 3446 1146 3506 mundi

97 3532 223 3592 enimam
237 3549 300 3593 esse
314 3534 369 3604 rati
385 3538 466 3608 sunt3
482 3549 543 3607 seu,
559 3534 700 3592 mnndum
715 3535 811 3608 ipsum
826 3533 916 3593 Deum
930 3549 993 3593 esse
1007 3533 1142 3606 dicentes,

96 3619 269 3677 cumdemin
279 3619 422 3692 duplicem
431 3618 622 3678 substantiam
632 3617 851 3678 distribuerunt:
869 3617 1044 3692 spirituatem
1055 3629 1145 3676 unam

99 3704 127 3757 ct
140 3706 294 3775 actuosam,
307 3719 380 3778 quae
393 3703 500 3763 molem
513 3704 589 3764 hanc
602 3704 771 3779 pervaderet
784 3707 920 3778 motuque
934 3703 1030 3778 cieret
1047 3717 1144 3778 corpo·
1258 3751 1260 3755 .

142 3881 154 3930 l
171 3883 220 3934 tlt.
234 3885 301 3936 Vror.
317 3890 410 3936 Consua
429 3891 505 3938 Noeta.
522 3891 608 3952 [raom.
625 3887 758 3952 xenophane
772 3892 795 3937 et
809 3889 882 3936 Ztnon
898 3884 981 3940 d'Elde.
