2767 4492
223 229 262 296 vo
554 246 784 294 nmuavnrsroaa
798 246 946 292 senonias

223 335 300 393 inter
314 336 372 394 tres
384 329 513 406 ptohmos
526 333 675 393 interiecta
689 332 818 390 iacuerit.
834 332 868 389 tt
882 327 1041 390 demendas
1055 310 1223 390 innumeras
1238 332 1271 391 fi·

224 434 316 493 goras
328 419 429 478 annu
444 419 597 494 primitivis
611 417 757 491 elargitur,
773 420 901 476 statuens
915 431 1016 474 earum
1029 414 1100 474 alias
1114 430 1179 474 esse
1192 416 1271 475 ovabi-

224 519 283 578 cas,
301 504 372 565 alias
386 505 564 579 cylindricas,
581 503 652 562 alias
666 502 866 577 pyramidales,
883 507 933 560 sut
947 501 1093 574 globosae,
1109 505 1159 559 aut
1173 501 1271 560 hama·
1378 524 1379 529 ¹

224 592 278 661 tas,
291 589 336 648 vel
351 589 509 661 uncinatas,
524 587 571 647 vel
585 587 703 646 alenus
716 586 825 644 formae
838 584 1000 644 cuiuslibet.
1013 587 1196 658 Argumenta,
1207 585 1271 658 qui·

223 673 279 732 bus
297 672 424 732 doctrina
439 673 509 732 haee
524 673 699 744 sustinetur,
714 674 800 730 sunt:
816 670 885 744 quia
897 670 930 729 in
943 670 1030 728 rebus
1047 669 1174 744 physicis
1194 675 1271 728 stan·

225 758 295 816 dum
309 763 351 816 est
370 757 518 830 sensibus,
535 763 564 816 et
576 757 644 832 quie
655 751 656 754 ’
666 757 737 816 haec
758 755 924 830 hypothesis
945 755 1052 814 suflicit
1067 754 1104 814 ad
1117 769 1270 828 corporum

223 841 423 916 phaenomena
436 843 615 917 explicanda.
638 868 640 876 ⁴

261 926 304 987 30.
324 927 453 1003 systema
466 929 575 989 entium
590 927 773 1003 simplicium,
784 926 1026 1002 quemadmodum
1039 924 1217 1000 propositum
1227 931 1272 985 est

225 1012 448 1087 aBoschovich,
466 1029 585 1089 corpora
602 1014 735 1088 componi
756 1012 840 1086 fingit
856 1027 895 1071 ex
913 1011 1080 1070 substantiis
1098 1009 1271 1085 quibusdam

223 1097 412 1173 simplicibus,
429 1113 480 1158 seu
494 1099 573 1158 nulla
586 1100 743 1174 quantitate
758 1098 884 1172 adectis3
900 1112 1020 1157 numero
1035 1095 1151 1171 quidem
1165 1095 1266 1168 finitis,

224 1189 254 1243 et
267 1185 295 1244 vi
310 1183 459 1244 attractiva
473 1185 519 1258 (nt
531 1185 656 1244 invicem
671 1185 840 1257 uniantvn),
858 1199 892 1243 ac
905 1182 1050 1258 repulsiva
1065 1181 1122 1256 (ad
1136 1185 1269 1238 mutuum

223 1277 386 1332 conhctum
400 1270 623 1345 impediendum)
637 1269 773 1344 praeditis
789 1271 815 1328 ⁴.
830 1268 941 1328 Exinde
956 1267 1105 1343 physicam
1118 1279 1271 1339 corporum

223 1357 421 1417 extensionem
440 1355 583 1431 proficisci
604 1359 753 1429 auhamat3
773 1369 894 1428 eamque
908 1354 1022 1427 reponit
1036 1353 1068 1411 iu
1080 1353 1144 1427 ipsa
1158 1351 1270 1410 entium

222 1443 398 1516 simplicium
412 1441 594 1500 multitudine
603 1456 655 1515 per
665 1445 781 1499 muhtas
794 1440 871 1500 vires
885 1438 1067 1498 haerentium
1077 1443 1105 1496 et
1115 1443 1193 1496 certo
1201 1451 1271 1510 quo·

222 1527 290 1586 dam
303 1527 451 1588 intervallo
465 1526 641 1586 distantium.
659 1526 729 1586 Cum
744 1531 841 1586 autem
857 1524 1022 1584 huiusmodi
1036 1523 1115 1583 entia
1129 1521 1272 1596 simplicia

222 1613 399 1686 homogenea
417 1613 492 1671 inter
512 1627 542 1671 se
561 1612 619 1670 sint
636 1616 665 1670 et
682 1611 812 1672 eiusdem
834 1610 920 1685 plane
940 1615 1080 1682 naturae;
1099 1607 1271 1667 variehtem

223 1712 298 1770 quae
312 1698 486 1772 conspicitur
499 1697 529 1756 in
543 1697 710 1771 corporibus
722 1696 847 1770 explicat
860 1697 890 1754 vi
904 1695 1084 1754 diversorum
1096 1693 1269 1764 modorum,

224 1782 329 1855 quibus
345 1783 421 1840 entia
435 1782 484 1840 illa
498 1782 640 1856 simplicia
652 1781 779 1841 invicem
788 1779 977 1854 ,copulantur3
992 1794 1027 1838 eo
1040 1779 1101 1837 fere
1114 1783 1199 1852 pacto
1214 1792 1272 1851 quo

224 1866 368 1940 alphabeti
382 1866 492 1926 litterae
505 1882 543 1926 ex
556 1866 765 1940 nigricantibus
778 1865 902 1940 punctis,
914 1865 955 1924 sic
965 1865 1041 1924 inter
1054 1879 1085 1924 se
1100 1861 1271 1938 propinquis

173 1961 177 1967 ·
222 1957 257 2021 ut
277 1965 376 2010 earum
395 1951 545 2011 interstitia
562 1952 647 2010 nudis
668 1951 759 2010 oculis
773 1966 832 2009 non
846 1949 1075 2024 conspiciantur,
1098 1947 1217 2007 conflari
1237 1961 1273 2005 ac

221 2049 297 2094 nova
311 2036 414 2095 iterum
430 2037 574 2096 iunctione
589 2041 619 2096 et
632 2035 817 2110 dispositione
831 2049 930 2092 omnes
945 2034 1042 2107 libros,
1055 2033 1105 2106 qui
1118 2030 1271 2090 bibliothe-

223 2134 288 2178 cam
303 2121 427 2194 aliquam
442 2127 553 2195 omant,
570 2121 752 2196 suppeditare
764 2126 889 2195 possent.
905 2119 1038 2178 Rationes
1051 2117 1190 2192 denique,
1206 2114 1271 2190 qui·

222 2203 278 2263 bus
292 2207 396 2279 utitor,
413 2207 538 2266 adhunc
560 2207 679 2265 demum
698 2207 884 2266 reducuntur.
900 2205 996 2263 Prima
1015 2203 1156 2262 elementa
1173 2215 1271 2275 corpo

221 2305 288 2348 rum
302 2306 339 2348 eu
354 2291 417 2350 aliis
432 2297 561 2350 constare
576 2296 739 2366 neqvveunt3
752 2307 834 2352 secus
848 2305 908 2349 non
922 2288 1129 2363 essentprima.
1141 2287 1214 2360 Ergo
1223 2285 1271 2343 de·

221 2374 292 2432 bont
305 2391 368 2435 esse
383 2375 533 2450 simplicia.
558 2377 626 2435 tium
644 2391 712 2435 vero
733 2391 792 2434 non
812 2375 921 2451 possint
942 2390 1004 2433 osse
1025 2372 1169 2444 nihilum3
1185 2375 1272 2430 erunt

222 2459 309 2519 entia.
322 2461 394 2534 lingo
409 2465 493 2519 erunt
507 2459 584 2519 entia
599 2460 750 2533 simplicia.

259 2544 303 2602 31.
320 2545 443 2604 landem
465 2545 596 2619 chymiae
613 2543 735 2604 emtores
754 2547 808 2606 hoc
830 2547 946 2606 sistema
965 2549 1098 2604 tuentur:
1115 2543 1271 2618 conponam

223 2627 280 2684 dno
295 2634 362 2686 sunt
376 2644 496 2702 geneva:
513 2629 604 2688 mixta
619 2629 756 2690 nimirum
769 2637 798 2690 et
811 2632 962 2706 simplicia.
987 2631 1108 2705 Corpora
1124 2626 1269 2702 simplIcia

223 2712 376 2786 dicantur,
394 2729 467 2787 quae
483 2719 542 2772 arte
557 2715 688 2790 chymica
701 2716 731 2775 in
748 2717 804 2775 alia
819 2732 938 2791 corpora
957 2717 1145 2790 heterogenea
1164 2711 1270 2772 resolvi

221 2803 388 2872 nequeunt,
407 2799 507 2858 saltem
527 2799 620 2858 adhuc
639 2799 764 2860 resoluta
781 2818 840 2861 non
861 2807 946 2875 sunt,
963 2807 994 2859 ut
1009 2817 1055 2860 ex.
1070 2815 1112 2874 gr.
1128 2797 1270 2872 hydroge-

220 2882 313 2941 nium.
329 2883 415 2943 llixta
428 2899 496 2944 vero
511 2885 706 2961 nominantur,
723 2903 797 2962 quae
811 2903 849 2946 en
863 2887 1042 2962 simplicibus
1058 2882 1164 2943 diversi
1178 2896 1267 2957 gene·

219 2965 262 3024 ris
280 2968 460 3043 coalescunt,
476 2976 509 3029 nt
523 2987 569 3030 en.
585 2987 627 3046 gr.
641 2977 713 3047 aar,
730 2988 804 3048 aqua
817 2977 845 3031 et
859 2972 973 3032 similia.
990 2973 1050 3031 lam
1064 2985 1132 3030 vero
1149 2981 1270 3042 corpora

221 3050 383 3126 simplicia,
400 3054 536 3128 quoniam
550 3056 647 3116 divelli
661 3063 809 3133 nequeunt
827 3058 885 3116 nisi
898 3057 930 3116 iu
943 3056 1097 3131 particulas
1116 3053 1266 3125 minores,

220 3137 311 3196 denec
326 3137 362 3196 ad
376 3138 511 3199 minimas
532 3147 649 3201 venhvm
671 3145 709 3202 sit
728 3159 802 3217 quae
819 3159 871 3217 per
888 3143 985 3201 media
1001 3141 1126 3216 physica
1149 3137 1269 3198 ulterius

219 3220 364 3296 dispartiri
379 3238 437 3283 non
452 3225 575 3300 possinl;
589 3243 627 3286 ex
636 3229 682 3286 his
693 3233 840 3302 amquam
854 3243 892 3287 ex
905 3227 1053 3287 elementis
1068 3231 1198 3284 constare
1208 3221 1267 3281 dici

218 3305 334 3367 debent.
346 3309 404 3367 Hae
414 3309 503 3384 igitur
512 3311 649 3370 minimae
663 3312 819 3386 particulae
828 3312 948 3372 ulterius
957 3327 1016 3371 non
1026 3310 1195 3381 divisibiles,
1207 3321 1269 3365 mo-

219 3389 329 3451 leculae
342 3395 505 3468 primitivae
519 3396 564 3455 vel
580 3397 667 3456 atomi
682 3397 869 3471 appellantur.
886 3398 973 3457 iliata
985 3413 1053 3456 vero
1071 3395 1211 3455 rasulam
1230 3406 1270 3450 ex
1310 3438 1314 3449 .

218 3478 326 3537 unione
341 3479 534 3554 simplicium,
552 3495 624 3554 quae
640 3485 737 3540 utrum
751 3482 809 3541 sint
822 3483 951 3543 diversam
967 3482 1073 3556 speciei
1087 3481 1163 3539 inter
1180 3493 1212 3536 se
1230 3491 1271 3536 an

220 3563 336 3621 omnino
351 3565 458 3624 similia
470 3565 564 3638 quoad
578 3571 711 3624 naturam
721 3571 749 3624 et
760 3567 854 3626 solum
869 3567 1032 3627 differentia
1045 3569 1162 3642 propter
1176 3566 1271 3622 textu

219 3658 283 3742 ram
296 3649 421 3720 partium
434 3650 466 3709 in
481 3665 552 3723 quas
566 3650 706 3724 absolute,
722 3650 747 3710 si
761 3652 857 3712 media
870 3656 1070 3728 suppeterent,
1086 3649 1191 3712 resolvi
1203 3661 1271 3724 pos-

264 3815 280 3870 ὃ
294 3819 448 3886 Ptttotoplto
460 3823 588 3876 saturata.
607 3823 714 3876 rtcove
