2767 4492
251 277 299 340 lli
684 286 846 342 manant

248 389 414 452 supremum
429 369 490 438 eius
499 371 605 438 bouum
622 376 759 451 consistit,
771 394 801 436 se
815 375 920 450 dirigat
933 367 1286 451 assidueqnept‘omoteat.

250 466 339 533 Quare
349 472 443 523 cetera
456 463 531 523 bona
544 465 585 522 sic
600 469 733 538 appetere
746 469 776 522 et
785 477 936 537 procurare
950 469 1056 536 potest,
1068 468 1099 521 ut
1113 461 1206 535 ipsum
1218 462 1288 521 inde

248 565 306 608 non
325 555 453 620 avocent,
474 550 521 608 sed
541 549 639 607 invent
652 545 760 622 potius,
778 555 866 622 utque
885 548 930 605 vel
944 547 974 606 in
991 547 1092 606 virtute
1107 547 1163 606 sint
1181 548 1284 621 posita,

249 634 292 694 vel
311 635 346 693 ad
365 634 552 710 exercendam
571 632 704 692 virtutem
721 632 816 707 ipsum
839 631 958 690 reddant
981 631 1129 706 aptiorem.
1150 631 1287 690 Ordinem

247 737 359 796 qnoque
376 722 406 780 in
428 719 577 795 appetendi
593 719 773 778 facultatibus
788 723 919 792 procuret
937 733 1052 776 necesse
1069 724 1122 790 est,
1139 727 1167 776 et
1186 718 1288 776 elisae-

246 822 313 866 nem
332 805 590 880 concupiscentiam
605 805 646 864 sic
661 810 831 878 compescat,
846 803 952 862 nasibi
968 803 1145 862 dominatam
1163 807 1290 877 arroget,

246 889 296 952 sed
305 891 392 952 menti
408 889 560 950 subiaceat.
580 889 611 948 Ut
624 889 702 948 eninr
712 896 788 948 recte
803 888 934 948 observat
947 887 1113 948 Heineccius
1130 889 1154 962 l,
1165 913 1184 957 ,ι
1201 904 1288 964 saepe

249 1002 260 1029 ι
278 977 329 1036 soli
344 975 386 1034 illi
406 975 494 1034 animi
515 977 638 1048 impetus
656 974 798 1034 bominem
816 974 856 1033 ita
873 974 903 1033 in
926 981 1119 1034 transversum
1141 980 1239 1048 agant,
1256 980 1290 1048 nt

250 1088 261 1116 a
278 1064 335 1122 lrne
345 1079 396 1122 suo
411 1061 533 1126 excidat,
545 1069 573 1118 et
590 1059 631 1118 vel
641 1076 709 1118 vera
723 1058 857 1118 facilitate
868 1066 973 1132 careat,
991 1059 1032 1118 vel
1047 1059 1154 1118 tristem
1165 1060 1288 1118 eiusmo-

250 1175 260 1202 ι
277 1149 405 1208 dilaniat
422 1149 570 1207 iacturam.
585 1147 731 1209 Praeterea
750 1146 907 1221 generatim
924 1163 980 1206 non
1001 1146 1084 1207 saciet
1104 1162 1229 1221 ungriam
1246 1148 1289 1206 ni·

250 1260 261 1286 «
280 1233 376 1294 ficium
392 1233 521 1308 quisquis
540 1231 658 1292 allectus
673 1247 730 1290 non
751 1231 837 1290 babet
851 1232 879 1290 in
897 1238 1042 1306 potestate,
1062 1233 1165 1306 qriippe
1185 1231 1233 1305 qui
1249 1231 1291 1292 ita

251 1344 261 1373 e
278 1323 442 1394 pervertunt
456 1327 484 1376 et
494 1319 670 1392 distorquent
683 1317 772 1376 animi
788 1316 935 1389 iudicium,
950 1321 981 1374 ut
994 1315 1066 1375 nibil
1081 1324 1156 1376 recte
1170 1326 1199 1376 et
1213 1315 1285 1376 ordi·

250 1429 261 1456 e
278 1420 315 1466 ne
329 1405 387 1466 dal.
400 1403 470 1464 Hinc
481 1401 599 1462 Statius:

372 1615 616 1640 ......
655 1572 693 1634 Ne
709 1572 821 1634 lraenos
832 1573 927 1634 animo
937 1572 1069 1649 permitte
1083 1572 1196 1642 calenti,

368 1661 546 1821 iliripselirartshim
561 1665 731 1734 matremque
746 1676 867 1734 moram,
885 1661 1078 1734 malecuncta
1091 1662 1235 1722 ministrat

249 1942 260 1975 ι
281 1913 419 1980 llbnimm
440 1918 512 1981 ratio
532 1917 606 1998 ipsa,
631 1915 676 1980 eni
698 1915 796 1980 trasna
817 1918 968 1982 tradantur
983 1917 1091 1981 nmdin
1109 1925 1209 1996 potens
1230 1923 1286 2001 est,

250 2031 261 2058 ι
283 2005 418 2082 quamdiu
434 2005 549 2065 diducta
559 2003 648 2066 estab
661 2006 830 2066 affectibus..
840 2008 867 2066 Si
878 2007 992 2066 miscuit
1007 2024 1037 2066 se
1052 2007 1109 2066 illis
1119 2001 1288 2083 atinqnina·

250 2117 261 2144 a
282 2092 331 2160 rit,
348 2107 404 2150 nnn
420 2098 511 2166 potest
526 2092 774 2166 continere,quos
789 2093 957 2152 submovere
973 2092 1119 2167 potuisset.
1143 2091 1288 2156 Cornmma

251 2201 261 2230 e
282 2176 358 2236 enim
369 2183 397 2236 et
408 2177 668 2238 concussameusei
685 2178 865 2253 semitaque
876 2177 1031 2252 impellitur
1046 2179 1071 2235 ὅ.
1087 2178 1196 2250 »dtqrre
1207 2175 1285 2245 banc

247 2262 322 2320 ritae
338 2263 544 2322 ordinationem
562 2263 645 2322 bomo
668 2263 822 2336 obtinebit,
839 2263 863 2322 si
885 2263 995 2322 idoneis
1014 2261 1165 2325 virtutibus
1183 2276 1287 2332 ornare

248 2364 278 2408 se
296 2349 422 2423 studeat;
440 2347 544 2423 quibus
558 2356 586 2408 et
601 2357 775 2425 temperans,
795 2354 824 2408 et
839 2351 943 2418 iustos,
957 2355 985 2408 et
998 2349 1095 2424 sortis,
1112 2355 1141 2408 et
1151 2347 1285 2426 prudeus

246 2434 395 2494 afliciatur.

282 2519 326 2578 90.
343 2519 393 2579 Hic
408 2536 472 2582 cnm
493 2536 652 2582 sermonem
671 2521 829 2582 habeamus
847 2521 882 2582 de
902 2520 994 2581 studio
1013 2536 1069 2596 pun
1086 2520 1170 2580 homo
1192 2533 1222 2578 se
1248 2515 1287 2584 ad

249 2603 379 2664 virtutem
391 2613 565 2682 promovent,
578 2605 763 2682 praetermitti
780 2606 896 2666 omnino
910 2622 967 2668 uon
979 2607 1084 2666 debent
1097 2621 1139 2678 ea,
1151 2619 1223 2678 unae
1234 2619 1287 2662 no

248 2697 321 2750 strae
337 2691 437 2752 aetatis
453 2693 644 2752 rationalistae
661 2693 764 2751 docent
778 2692 813 2750 de
828 2692 941 2751 motivis
956 2692 992 2751 ad
1008 2692 1179 2751 voluntatem
1195 2689 1288 2748 deter-

245 2776 412 2837 minandam
426 2777 545 2840 idoneis.
562 2778 595 2836 Ut
609 2777 686 2836 eninr
702 2777 773 2837 alias
787 2777 924 2851 diximus,
941 2777 1014 2836 liant
1028 2774 1186 2836 recentium
1202 2774 1286 2834 ratio

247 2860 414 2921 nalistarum
432 2869 524 2938 pater,
542 2864 577 2922 de
594 2863 722 2922 alatoriis
737 2863 879 2924 disserens
896 2880 969 2939 quae
985 2863 1157 2922 uoluntatem
1180 2859 1234 2920 rite
1249 2859 1286 2918 ad

245 2946 386 3020 agendum
402 2947 557 3021 impellant,
572 2954 717 3026 maronam
732 2965 783 3023 pro
796 2949 932 3009 tribunali
942 2948 1082 3011 decernit:
1098 2946 1228 3021 regulam
1238 2961 1285 3006 su-

245 3045 374 3105 premam
389 3031 475 3090 ollioii
491 3032 522 3091 in
537 3033 590 3092 boc
606 3034 722 3110 reponi,
740 3035 813 3110 quod
830 3034 902 3094 actio
923 3039 1057 3094 exeratur
1070 3050 1090 3092 a
1101 3032 1208 3108 priori.
1231 3029 1287 3090 Ilo·

245 3119 289 3172 cet
303 3115 381 3174 enirn
401 3113 545 3174 bominem
564 3133 620 3176 nnn
643 3119 757 3178 aliunde
777 3120 884 3178 moveri
904 3127 1032 3192 oportere
1051 3118 1082 3176 in
1102 3115 1204 3176 officiis
1222 3114 1287 3176 suis

245 3197 411 3274 implendis,
428 3200 483 3260 uisi
499 3218 535 3260 ex
556 3201 614 3262 solo
629 3203 732 3262 intuitu
750 3203 947 3263 observantiae
962 3219 1048 3280 quam
1062 3201 1180 3262 lex'sibi
1193 3197 1286 3260 sindi-

244 3292 303 3358 cat,
321 3292 351 3342 ut
365 3285 395 3344 in
411 3285 532 3358 gratiam
553 3287 639 3348 solius
655 3289 772 3348 rationis
794 3297 934 3362 operetur.
951 3289 1011 3347 lluo
1030 3287 1153 3346 enimin
1173 3285 1286 3346 actione

244 3369 404 3444 distinguit:
422 3371 599 3446 legalitatem
614 3379 642 3432 et
660 3373 871 3432 awrolitatora.
896 3373 1019 3437 Primam
1034 3373 1063 3432 in
1079 3371 1286 3445 conformitate

244 3455 365 3513 actionis
380 3471 446 3514 oona
463 3457 520 3531 lopo
534 3458 654 3531 reponit,
671 3459 790 3516 alteram
805 3458 984 3535 ia‘paritato
998 3457 1115 3529 raotioi,
1132 3473 1183 3517 seu
1198 3457 1226 3517 in
1241 3456 1285 3515 in·

205 3535 210 3546 '
245 3539 368 3600 tentione
383 3541 503 3615 agentis,
516 3543 566 3616 qui
580 3543 696 3604 nonnisi
711 3544 820 3620 exipsa
830 3545 891 3619 lege
906 3546 1024 3620 eiusque
1039 3541 1211 3604 uerecundia
1225 3557 1285 3602 mo

219 3777 223 3786 ,
288 3735 298 3786 l
318 3737 391 3786 Bura.
410 3738 476 3788 larii
490 3738 545 3788 ilat.
564 3744 586 3788 ol
602 3741 667 3792 Geel.
686 3738 712 3806 S.
728 3740 783 3793 ill.

286 3815 302 3860 a
321 3815 419 3862 ratam
443 3815 482 3862 an
497 3817 535 3880 tn,
553 3833 574 3866 v.
591 3817 644 3869 can.

286 3888 594 3955 dmmmmfflb
