2767 4492
203 323 260 404 ιιι
533 332 922 398 rmamhrsrcmsracmms

204 439 340 513 rolrunt3
357 437 406 497 aut
419 436 450 497 in
466 430 592 512 phqtloo
604 442 634 495 et
646 436 787 510 morolio,
805 441 889 510 prout
902 433 1106 511 perfectionem
1125 430 1253 512 aliquant

204 524 353 599 physicam
371 523 417 582 rel
431 521 566 580 moralem
582 521 743 595 attingunt3
760 521 855 579 autin
869 519 1004 579 absolata
1028 525 1056 579 et
1068 523 1249 598 repetitio,

205 613 291 682 prout
304 607 417 666 nullum
439 605 631 679 autaliquem
652 605 754 664 adres
779 609 888 664 creatas
911 609 1072 679 respectum
1089 605 1250 665 includunt

205 693 260 752 llos
273 699 448 768 postremam
457 690 627 749 divisionem
642 689 785 763 eligimus,
800 695 830 750 ct
844 689 881 748 ah
902 690 1045 748 attributis
1059 689 1196 750 absolutis
1210 691 1253 764 sic

207 777 397 851 auspicamur,
412 781 445 834 ut
459 781 570 834 mutum
584 789 657 848 quae
672 775 745 834 scitu
756 775 866 849 potiora
880 779 948 834 sunt
961 777 1124 836 tractemus.

622 943 791 1006 marcatus
814 945 835 1006 l.

366 1113 441 1176 heus
455 1121 495 1176 cst
512 1113 724 1187 immutabilis,
749 1123 895 1185 aeternus,
915 1115 1087 1176 immensae.

258 1283 371 1366 Triplici
385 1237 563 1364 paragrapho
578 1285 681 1346 tunam
697 1286 772 1346 hauc
783 1285 1006 1363 propositionem
1019 1284 1229 1350 illustrabimur
1241 1335 1250 1363 ‚

205 1375 239 1432 ut
251 1371 426 1433 ιιιιιιιοιιοιιι
440 1376 469 1433 et
483 1369 604 1433 claritati
619 1371 811 1432 consulamus.

713 1543 734 1603 l.

544 1715 620 1776 ileos
641 1722 682 1775 cst
704 1712 911 1808 immolabitis.

244 1883 305 1944 156.
324 1881 414 1945 Deum
437 1885 509 1945 nulli
534 1901 596 1946 esse
617 1883 773 1945 obnoxium
797 1881 948 1943 mutationi
967 1899 1005 1943 ex
1019 1883 1078 1959 iis,
1108 1883 1182 1963 quae
1202 1880 1254 1946 ha·

206 1973 305 2029 etenus
320 1969 461 2046 disputata
474 1975 561 2045 sunl,
587 1971 733 2030 evidenter
747 1968 847 2028 elucet.
868 1968 938 2028 llam
953 1965 1066 2028 ihterud
1080 1966 1173 2029 omnis
1188 1980 1254 2029 mu·

207 2053 274 2113 tello
291 2056 410 2114 transitu
428 2055 551 2129 quodam
566 2070 603 2113 ex
622 2067 680 2113 uno
695 2057 770 2111 statu
786 2054 821 2111 ad
843 2052 931 2111 alium
955 2053 1125 2114 continetur.
1155 2050 1251 2122 Quare

205 2137 242 2198 iis
258 2139 412 2200 intervenit
432 2141 538 2208 rebus,
559 2155 631 2216 quae
646 2135 728 2197 ahter
741 2154 771 2197 sc
786 2138 891 2197 habere
906 2145 1025 2214 possunt
1039 2155 1073 2199 ac
1087 2143 1152 2198 sunt
1165 2143 1194 2199 et
1207 2139 1253 2199 in·

206 2230 384 2284 crementum
401 2225 444 2284 vel
465 2225 677 2284 decrementum
693 2222 845 2297 accipiunt.
867 2218 1059 2299 Quapropter
1076 2226 1108 2283 ut
1122 2222 1153 2282 in
1169 2221 1253 2282 tertie

206 2308 367 2382 Ontologiae
382 2309 473 2384 capite
490 2309 635 2381 diximus
653 2307 813 2366 subiectum
827 2307 901 2381 quod
916 2302 1053 2367 mutabile
1068 2312 1111 2366 est
1143 2308 1253 2367 cautim

207 2393 332 2467 gentiam
348 2393 473 2469 aliquam
488 2393 531 2452 nel
548 2393 641 2468 quoad
656 2392 849 2466 existentiam,
866 2391 911 2451 vel
921 2393 1020 2451 saltem
1036 2354 1130 2467 quoad
1143 2393 1253 2467 modos,

207 2478 310 2551 quihus
325 2477 449 2538 allicitur
460 2493 596 2552 ,semper
610 2475 746 2550 includit,
764 2490 797 2534 ac
812 2477 918 2536 fluibus
932 2477 1104 2551 quibusdam
1120 2439 1256 2536 termina-

207 2565 253 2620 tur
264 2577 410 2638 querum
429 2561 518 2622 veluti
533 2561 688 2636 variatione
703 2565 837 2618 mutetur.
860 2561 931 2619 lum
950 2561 1036 2620 etiam
1051 2577 1103 2620 ens
1117 2558 1256 2622 mutabile

207 2647 409 2721 compositione
429 2647 524 2720 alique
538 2647 648 2704 constet
663 2659 780 2703 necesse
794 2650 845 2718 est,
863 2647 963 2704 saltem
979 2646 1014 2704 ad
1029 2644 1255 2705 modificationes

207 2732 283 2806 quod
298 2731 412 2806 attinet3
429 2737 461 2790 ut
476 2730 583 2804 aliquid
603 2732 629 2788 el
649 2729 783 2788 accedere
797 2732 887 2803 possit
906 2737 955 2789 aut
976 2730 1096 2789 detrahi.
1120 2733 1154 2789 nt
1177 2730 1256 2789 enim

206 2817 263 2875 ilco
275 2815 347 2874 haec
361 2815 458 2875 omnia
472 2819 640 2888 repugnant.
658 2813 728 2872 llum
745 2813 822 2872 enim
842 2814 916 2872 heus
930 2815 967 2873 sit
980 2829 1032 2873 ens
1046 2815 1253 2888 neceesarium,

206 2899 350 2958 realitates
363 2914 462 2958 omnes
476 2914 549 2972 quae
564 2899 593 2957 in
609 2899 671 2972 ipso
686 2903 769 2971 sunt,
792 2914 830 2956 ex
843 2899 1012 2957 necessitate
1026 2904 1111 2972 suut3
1129 2915 1184 2959 nec
1197 2898 1256 2957 ulla

205 2983 324 3056 proinde
339 2999 438 3042 earum
453 2983 555 3056 amitti,
567 2988 617 3041 aut
631 2998 706 3042 nova
720 2983 816 3056 aliqua
830 2983 974 3043 adscititia
987 2982 1122 3057 perfectio
1137 2981 1256 3055 adiungi

206 3072 307 3142 potest.
324 3067 438 3136 Deinde,
451 3066 525 3125 Deus
540 3067 669 3126 indultus
685 3073 770 3126 estet
785 3068 983 3141 undecumque
997 3067 1153 3141 perlectum
1171 3073 1256 3140 atquc

206 3151 247 3211 ita
265 3150 399 3226 quidem,
426 3157 458 3209 ut
471 3152 525 3210 hac
540 3158 606 3210 nota
621 3153 738 3226 spoliari
752 3158 888 3226 nequeat.
912 3153 983 3226 Ergo
1007 3152 1153 3226 augmenti
1175 3150 1256 3226 quid·

206 3237 285 3312 piam
300 3240 349 3294 aut
372 3232 545 3312 decrementi
568 3237 712 3310 suscipere
736 3251 885 3312 nunquam
903 3240 1014 3311 potest3
1041 3251 1124 3295 secus
1142 3234 1256 3294 infinito

207 3319 315 3395 aliquid
335 3321 429 3380 malus
449 3324 532 3380 esset.
555 3317 680 3395 Denique
704 3321 778 3379 Deus
802 3335 914 3379 summa
928 3319 1110 3395 simplicitate
1129 3319 1253 3394 gandet3

207 3420 244 3466 cx
258 3421 314 3480 quo
331 3405 363 3464 ιιι
377 3409 408 3463 ut
422 3404 494 3462 nihil
509 3403 545 3463 ab
561 3421 593 3464 eo
609 3405 705 3464 divelli
728 3409 778 3464 aut
795 3403 854 3464 ad
846 3421 940 3479 rpsum
956 3405 1158 3479 complendum
1175 3418 1256 3463 acce·

207 3487 273 3548 dere
293 3489 391 3566 possit
414 3487 488 3547 heus
502 3489 611 3564 igitur'
603 3506 633 3548 ru
648 3492 748 3550 eedem
763 3506 876 3568 semper
894 3496 969 3550 statu
993 3495 1175 3589 perseuerat,
1200 3503 1255 3547 nec

207 3569 258 3630 ulli
272 3585 400 3648 unquam
415 3587 499 3630 verae
514 3573 665 3632 mutationi
680 3575 841 3634 subiicitur

260 3655 348 3728 hique
362 3655 434 3714 haec
449 3671 505 3714 non
520 3656 555 3715 de
570 3657 689 3732 physica
704 3663 832 3731 tanturn,
860 3659 910 3718 sed
926 3660 961 3718 de
975 3657 1078 3718 morali
1092 3657 1179 3717 etiam
1193 3669 1256 3715 mu·

207 3737 312 3798 tatione
337 3739 445 3812 intelli
431 3740 521 3798 aenda
545 3747 619 3800 sunt.
646 3742 756 3800 lloralis
781 3742 859 3800 euim
883 3745 1002 3803 mutatio
1027 3743 1057 3803 ιιι
1081 3743 1137 3801 hoc
1161 3741 1256 3801 cerni·

207 3826 276 3895 tur,
304 3829 336 3880 ut
355 3823 485 3883 noluntas
500 3825 592 3899 quoad
606 3824 749 3883 obiectum
762 3825 859 3901 idem,
882 3834 911 3886 et
928 3830 982 3888 suh
1001 3829 1103 3887 iisdem
1119 3825 1256 3886 conditio

205 3905 292 3971 nibus
306 3905 467 3980 inspectum
482 3953 491 3982 ,
523 3907 554 3969 iu
568 3909 741 3972 contrariam
757 3917 948 3976 convertatur.
970 3902 1049 3981 duod
1073 3906 1193 3986 qudem
1216 3924 1256 3972 ex
