2767 4492
550 326 678 374 9199919
1099 314 1149 377 ‘89

4 437 5 444 ¹
112 415 147 478 sio
161 414 304 488 libuisset,
316 409 364 474 lex
374 412 513 472 natmalis
524 412 580 472 olla
594 415 746 488 praecepta
755 412 897 474 sonnatio
909 412 965 488 1119,
976 428 1051 490 qnae
1063 415 1148 475 modo

111 501 243 574 continet,
265 498 505 574 complecteretur.
524 498 644 558 Proinde
659 497 806 558 9191991119
814 500 933 560 dicenda
947 506 1000 560 991.
1016 501 1049 560 11.
1060 501 1147 574 Leges

4 609 12 656 r
108 588 238 663 physicae
251 586 356 646 mutari
371 589 498 660 possunt,
514 583 728 658 saltemaDe03
744 599 811 659 ergo
827 601 845 644 a
859 586 922 660 pari
934 586 982 645 lex
995 587 1145 646 naturalis.

4 667 5 670 ’
107 674 147 734 lll.
168 671 321 747 legislator
341 671 485 730 humanus
506 668 644 744 abrogare
660 668 753 744 legem
766 685 785 728 9
798 686 829 730 se
843 671 945 745 latam,
962 676 1047 745 atque
1059 673 1147 731 etiam

107 758 267 833 dispensare
275 757 307 816 in
316 773 351 816 ea
365 757 465 831 potest.
478 755 550 829 Ergo
561 771 578 813 9
588 754 700 814 fortiori
710 754 740 813 id
749 755 852 829 poterit
860 755 935 814 Dens
948 755 980 814 in
992 756 1055 830 lege
1064 763 1145 816 natu-

4 871 6 934 ss
104 844 168 917 rali3
189 859 270 903 99999
285 843 428 902 inferioris
443 846 518 901 esset
532 840 721 914 conditionis,
738 847 767 900 et
779 857 797 900 9
809 841 1010 901 reextrinsaca
1022 842 1145 901 9999991-

4 937 6 952 ·
106 935 191 988 tatem
206 929 356 1004 acciperet.

136 1014 216 1088 11999.
235 1014 276 1072 lix
290 1013 342 1081 iis,
360 1029 434 1088 9999
448 1011 593 1087 superiore
610 1012 729 1072 91119919
743 1013 886 1088 disputata
900 1017 975 1085 9991,
996 1010 1145 1087 999111911-

4 1097 6 1130 z
106 1108 169 1173 9991
189 1100 279 1174 legem
292 1099 452 1158 naturalem
466 1115 524 1158 non
545 1099 580 1157 ad
602 1099 691 1158 solam
705 1099 755 1158 1191
770 1099 943 1158 voluntatem
957 1099 1086 1158 ordinem
1100 1099 1143 1156 in-

105 1185 231 1258 cludere,
249 1185 299 1243 sed
314 1185 399 1243 etiam
410 1183 445 1242 ad
456 1184 581 1242 diuinam
598 1183 768 1258 sapientiam
778 1184 916 1244 essentias
924 1199 1021 1243 rerum
1034 1197 1144 1242 earum-

104 1285 156 1343 que
170 1270 340 1328 iutrinsecae
358 1268 509 1328 relationes
524 1269 685 1329 necessario
695 1269 860 1328 dictantem.
877 1269 968 1336 Quare
978 1268 1051 1327 ratio
1064 1267 1144 1326 honi·

104 1355 165 1412 tatis
184 1361 232 1412 out
245 1354 380 1426 malitiae,
397 1369 470 1428 quae
485 1356 514 1413 in
529 1354 590 1428 lege
604 1355 729 1414 naturali
744 1355 922 1414 observanda
936 1354 982 1412 rel
1002 1361 1143 1425 19999999-

102 1439 203 1496 diendo
212 1439 360 1512 reperitur,
374 1455 430 1498 non
444 1439 527 1498 unice
538 1439 665 1498 dimanat
679 1456 717 1498 eu
726 1439 839 1499 divinae
849 1439 1002 1499 voluntatis
1012 1438 1141 1512 imperio,

103 1524 151 1582 scd
165 1525 251 1582 etiam
266 1540 303 1582 ex
318 1525 472 1584 dictamine
487 1525 576 1582 divini
588 1524 749 1584 intellectus
763 1526 813 1599 qui
822 1541 918 1584 rerum
932 1524 1070 1584 essentias
1079 1539 1144 1582 con·

102 1610 265 1684 templator,
282 1615 421 1684 quatenus
437 1611 631 1668 necessarium
655 1611 786 1669 ordinem
800 1611 949 1670 involvunt
965 1611 1002 1670 ad
1016 1609 1143 1668 divinam

101 1694 260 1752 essentiam.
277 1695 366 1754 lmmo
376 1703 522 1768 respectus
533 1696 568 1754 od
583 1695 711 1754 divinam
726 1695 904 1769 sapientiam,
916 1711 954 1755 ex
969 1694 1142 1770 quoderiua·

64 1841 69 1850 ,
102 1783 145 1835 tnr
160 1779 292 1838 honestas
305 1780 350 1838 vel
373 1781 532 1854 turpitudo,
551 1796 624 1854 qnae
644 1781 788 1839 actionum
804 1781 988 1840 intrinsecam
997 1779 1142 1840 moralita-

100 1868 155 1921 tem
166 1865 327 1936 constituit,
344 1865 434 1938 logice
447 1867 590 1938 praecedit
605 1872 765 1938 respectum
780 1881 836 1939 qno
846 1865 911 1924 illae
925 1866 1043 1925 easdem
1056 1865 1142 1924 actio·

99 1961 149 2006 nes
169 1948 205 2007 ad
220 1949 346 2009 divinam
360 1949 534 2009 voluntatem
557 1950 776 2025 praecipientem
795 1951 839 2009 vel
857 1951 1055 2025 prohibentem
1069 1951 1141 2010 rete·

97 2038 208 2090 runtnr.
232 2035 289 2092 Lex
310 2035 388 2093 enim
402 2036 540 2094 naturalis
562 2052 596 2094 ea
618 2037 760 2109 continet,
777 2052 850 2110 qnae
874 2037 939 2096 ideo
959 2036 1138 2111 praecipiun-

97 2122 142 2175 tur
156 2118 223 2191 quia
243 2118 318 2177 bona
338 2125 417 2192 sunt,
438 2120 502 2179 ideo
521 2127 652 2178 vetantur
667 2123 734 2194 quia
751 2121 835 2178 mala.
851 2121 923 2179 Hinc
942 2136 979 2179 ex
994 2120 1092 2179 divina
1106 2120 1138 2178 li-

93 2201 202 2262 lrertate
217 2203 289 2262 nihil
304 2209 402 2262 contra
416 2220 467 2262 nos
482 2205 593 2263 desumi
610 2211 708 2278 potest.
726 2205 800 2263 Deus
815 2205 892 2264 enim
906 2205 1032 2265 liberast
1045 2204 1138 2279 quoad

86 2301 191 2344 rernm
205 2287 399 2361 existentiam,
417 2303 474 2346 non
491 2304 556 2348 vero
572 2290 664 2362 quoad
680 2289 818 2348 999991199
833 2295 1008 2364 9919919999
1020 2305 1085 2349 cum
1095 2306 1137 2348 es

60 2439 65 2448 1
93 2370 194 2429 9991119
210 2373 369 2431 necessario
380 2381 596 2432 connectuntur.
610 2374 681 2446 Ergo
697 2375 798 2448 nequit
808 2375 960 2434 immutare
971 2375 1079 2434 malum
1089 2377 1139 2432 aut

92 2455 209 2524 honum,
227 2459 299 2530 quod
317 2459 423 2517 idcirco
439 2459 492 2518 tale
508 2466 551 2518 ast
564 2465 667 2518 natura
683 2475 737 2519 999
751 2460 819 2534 quia
833 2461 874 2519 sic
889 2477 907 2518 9
920 2460 1017 2518 divina
1027 2459 1136 2532 sapien·

93 2541 132 2598 119
146 2541 276 2601 dictatur.
298 2543 446 2618 Supposita
465 2551 560 2604 autem
579 2545 633 2603 hac
652 2545 766 2604 interna
789 2546 934 2604 actionum
953 2545 1079 2601 bonitate
1091 2542 1137 2600 uel

90 2626 219 2702 malitia,
236 2630 335 2703 nequit
349 2630 447 2689 divina
462 2631 602 2704 voluntas,
620 2645 693 2705 qnae
709 2630 873 2690 rectissima
881 2627 1069 2688 essentialiter
1082 2632 1134 2697 est,

89 2727 147 2770 non
164 2714 300 2774 velleant
316 2731 372 2775 999
391 2717 553 2792 praecipere
572 2717 635 2775 illas
655 2716 793 2787 99119999,
815 2729 888 2788 quae
906 2712 999 2771 nonae
1021 2717 1087 2769 sunt
1107 2715 1136 2767 et

89 2795 214 2857 hominis
235 2807 351 2859 naturae
371 2810 546 2874 congruunt3
564 2807 686 2859 autnon
701 2799 852 2873 prohibere
867 2813 929 2870 999,
953 2811 1027 2870 quae
1040 2793 1134 2854 malae

89 2891 158 2938 sont
173 2891 201 2939 et
217 2884 340 2941 hominis
355 2891 472 2942 naturae
488 2891 656 2958 repugnant.

125 2967 214 3038 Atque
231 2966 297 3024 hinc
314 2973 388 3040 patet
398 2969 484 3025 etiam
495 2982 664 3041 responsum
675 2967 712 3027 ad
724 2969 880 3028 secundam
895 2973 924 3028 et
935 2966 1046 3026 tertiam
1060 2965 1135 3024 diill-

89 3050 234 3109 cultatem.
245 3051 313 3110 llam
329 3067 465 3124 magnum
482 3052 637 3112 discrimen
652 3061 697 3112 est
710 3055 785 3113 inter
799 3054 875 3128 leges
890 3055 1021 3129 physicas
1035 3050 1135 3110 mundi

88 3135 227 3209 corporei,
242 3142 271 3194 91
280 3138 371 3210 legem
383 3136 519 3195 moralem
534 3137 667 3196 nominis.
680 3138 749 3198 lllae
760 3154 827 3198 cum
838 3142 962 3199 essentia
972 3154 1066 3197 rernm
1077 3152 1135 3195 oon

87 3227 304 3294 connectuntur,
323 3227 350 3280 et
365 3223 494 3280 ordinem
510 3221 722 3297 contingentem
736 3225 902 3297 respiciunt.
920 3225 1025 3281 idcireo
1041 3222 1131 3294 alteo,

83 3321 101 3364 n
118 3305 275 3378 9991111999
287 3306 435 3380 impositae
450 3313 525 3381 9991,
538 3308 566 3367 19
584 3309 819 3368 contrariasverti
835 3317 960 3383 possunt.
976 3310 1010 3365 lt
1024 3307 1070 3366 lex
1084 3322 1134 3364 na-

87 3391 198 3464 turalis,
210 3407 283 3465 quae
297 3406 390 3450 mores
404 3392 516 3467 dirigit,
530 3408 597 3452 cnm
611 3395 735 3454 99999119
749 3395 812 3469 1999
827 3401 973 3453 creaturae
989 3391 1133 3452 rationalis

86 3482 117 3534 ot
129 3491 195 3534 cnm
206 3477 469 3538 necessarioordine
484 3479 597 3539 divinae
609 3481 766 3554 sapientiae
779 3483 906 3539 manime
916 3481 1048 3537 nectitur.
1065 3477 1134 3544 099·

86 3562 167 3620 circa
180 3563 285 3620 mutari
300 3568 350 3621 aut
363 3562 532 3639 interrumpi
546 3566 665 3624 minime
679 3572 781 3640 potest.
799 3567 894 3640 Neque
908 3566 936 3623 id
946 3562 1133 3638 imperiectio·

84 3646 151 3713 nis,
173 3649 222 3705 sed
242 3647 333 3720 potius
349 3663 478 3707 summae
492 3650 673 3722 perfectionis
689 3659 747 3725 est;
765 3652 907 3725 siquidem
920 3650 1026 3708 idcirco
1040 3647 1129 3720 riget,

83 3729 156 3803 qnia
171 3731 243 3790 Dens
258 3733 294 3790 ab
309 3733 408 3792 ordine
422 3734 556 3807 iustitiae,
575 3751 660 3809 quem
671 3737 734 3796 eius
748 3736 904 3811 sapientiae
923 3735 1048 3806 dictauit,
1064 3731 1131 3792 dell·

85 3829 157 3872 cere
172 3815 249 3874 hand
264 3819 359 3892 possit.
376 3819 521 3878 Humanas
536 3826 630 3878 autem
647 3815 789 3894 legislator
803 3827 950 3895 propterea
974 3818 1049 3892 leges
1064 3831 1130 3876 9999

82 3899 242 3960 immutare
257 3909 307 3962 aut
320 3907 486 3981 exceptione
503 3904 600 3980 aliqua
612 3906 786 3982 restringere
799 3908 891 3978 ualet,
908 3904 977 3979 quia
990 3901 1130 3966 eiusmodi
