2767 4492
218 341 253 402 ld
641 353 847 401 nurnooncrro

214 457 269 516 que
285 441 348 498 ideo
365 441 412 498 ius
428 439 532 498 sociale
547 451 604 497 hou
623 437 766 496 immerito
785 435 896 494 dicetur
910 437 936 492 l.
962 434 1056 492 Tertia
1070 434 1265 494 considerabit

215 525 279 582 iura
293 529 321 582 et
335 523 440 596 officia,
458 539 531 596 qnae
547 523 620 580 iuter
633 526 852 594 geritomunam
876 524 904 577 ot
925 518 1045 576 alterum
1070 519 1261 593 intercedunt,

213 607 346 680 spectatis
361 623 418 665 nou
433 605 553 664 internis
568 605 618 664 sed
633 606 761 663 externis
779 609 889 662 lantum
903 601 1071 661 societatum
1081 603 1262 662 civiliumre·

212 691 374 762 lationibus3
392 705 425 748 uo
439 689 557 761 proinde
572 689 620 747 ius
641 688 874 752 internetionote
898 687 944 745 vel
958 687 1046 744 etium
1059 688 1194 760 petatium
1212 704 1262 762 ep-

210 774 370 850 pollebitur.

247 860 335 931 hique
347 858 392 916 hio
407 857 458 916 abs
469 874 500 916 re
510 873 568 916 non
579 858 632 916 erit
644 858 826 930 partitionem
836 856 1057 931 reprehendere,
1067 855 1264 930 quamlleine·

211 943 273 1002 cius
290 942 320 1000 in
336 941 416 1000 tilulo
437 942 482 1001 eui
500 943 594 1016 operis
609 942 745 1015 exhibet,
762 942 833 1000 illud
854 942 1017 1001 inscribens
1031 940 1066 999 de
1086 942 1153 1000 iure
1171 950 1262 1000 antu

210 1042 263 1086 roe
276 1033 303 1084 et
322 1025 466 1100 pralium,
490 1027 572 1100 quael
587 1041 677 1084 unum
692 1041 751 1084 non
771 1031 804 1082 ut
818 1041 884 1100 pars
903 1026 933 1084 iu
950 1025 1038 1084 allero
1057 1025 1260 1100 contineretur,

211 1110 360 1170 eed'ambo
371 1116 518 1184 tamquam
535 1111 608 1170 duae
628 1111 758 1169 diversae
771 1111 882 1183 species
900 1116 1000 1168 mutuo
1008 1110 1163 1167 dillerrent.
1180 1110 1263 1178 Quod

209 1210 268 1256 non
287 1201 330 1255 est
343 1195 392 1269 ila3
413 1194 644 1269 quandoquidem
665 1195 711 1254 ius
726 1199 845 1252 naturae
869 1200 913 1251 est
937 1193 1024 1252 veluti
1045 1209 1146 1266 genus,
1171 1195 1258 1268 qnod,

211 1284 356 1353 umquam
381 1280 515 1353 speeiem,
533 1279 577 1337 ius
597 1278 727 1351 gentium
742 1277 796 1336 suh
811 1293 842 1336 se
862 1277 1069 1351 complectitur.
1094 1277 1165 1346 Ouid
1180 1279 1259 1337 enim

210 1364 286 1422 aliud
300 1365 329 1422 in
344 1364 405 1422 iure
420 1364 557 1436 gentium,
579 1368 720 1436 ‹piratenus
735 1361 772 1420 ad
786 1361 997 1434 philosophiam
1011 1362 1142 1436 pertinet,
1169 1362 1260 1421 conti-

209 1453 303 1520 netur,
319 1448 375 1507 nisi
386 1447 598 1522 praeceptiones
608 1446 674 1504 illae
685 1451 815 1503 anchira
826 1445 1047 1517 proficiscentes,
1059 1445 1175 1518 quaead
1191 1461 1260 1518 gen-

210 1537 253 1591 tes
271 1547 322 1591 seu
336 1532 465 1600 nationes
480 1533 555 1590 inter
573 1547 604 1590 se
619 1531 673 1590 rite
688 1529 861 1589 ordinandas
874 1530 992 1588 rationis
1006 1529 1070 1588 luce
1087 1529 1260 1588 clarescunt?

208 1617 267 1676 lloc
281 1621 376 1675 autem
390 1617 461 1674 nihil
486 1617 541 1675 lert
556 1615 642 1688 aliud,
659 1616 717 1674 nisi
732 1615 777 1674 ius
798 1620 917 1673 naturae
931 1630 990 1674 non
1014 1613 1125 1688 privato
1149 1615 1260 1674 homiui

209 1707 259 1760 eut
273 1702 383 1760 interno
399 1701 492 1759 ordini
507 1701 640 1773 civitatis,
657 1701 708 1758 sed
722 1699 835 1774 populis
853 1705 970 1758 externe
990 1698 1147 1772 dirigendis
1169 1697 1259 1772 appli-

209 1775 316 1844 catum.
334 1785 423 1853 Quare
438 1784 622 1857 iusgenlinm
636 1800 695 1843 non
710 1790 856 1857 tamquam
872 1777 939 1857 pars
953 1783 1011 1842 iuri
1029 1790 1149 1842 naturae
1172 1799 1257 1857 oppo

210 1867 273 1941 eila,
294 1867 344 1926 sed
360 1874 505 1952 tamquam
521 1868 648 1928 eiusdem
664 1869 775 1942 species
792 1868 1011 1942 proponendum
1026 1874 1078 1928 ost.

255 2041 267 2085 l
286 2038 345 2084 Solet
358 2054 370 2084 a
385 2039 497 2084 nonnuliis
512 2040 545 2086 ins
560 2040 639 2086 sociale
655 2041 693 2086 ires
710 2041 776 2086 etiam
791 2043 914 2100 poblicum
931 2038 1045 2102 appellari.
1063 2039 1105 2084 Sed
1119 2054 1159 2100 epo
1173 2040 1200 2086 ab
1217 2039 1258 2086 bec

148 2171 150 2183 ι
208 2130 260 2164 soce
273 2114 391 2176 abstineo,
414 2121 528 2176 propterea
542 2116 601 2178 quod
617 2117 706 2162 nomine
721 2117 775 2163 iuris
790 2115 874 2177 publici
891 2115 984 2174 intelligi
1001 2115 1065 2160 debet
1081 2115 1154 2176 ipsum
1170 2116 1203 2160 ius
1219 2131 1259 2160 so-

198 2183 263 2238 ciale
280 2188 442 2236 conditionibus
460 2190 601 2236 mutabilibus
622 2192 731 2236 societatis
749 2196 771 2236 et
786 2190 905 2237 evolutioni
922 2190 983 2236 civili
1004 2190 1136 2254 populorum
1158 2189 1258 2252 applica-

207 2270 263 2312 lum.
280 2265 350 2319 Quare
365 2280 408 2308 non
424 2265 476 2310 solis
490 2265 604 2328 principiis
619 2272 710 2313 naturae
724 2267 802 2311 nititur
813 2301 819 2320 ,
830 2272 854 2311 nl
869 2268 903 2311 ius
917 2265 996 2311 sociale
1011 2265 1038 2311 elo
1053 2283 1096 2328 qno
1111 2267 1203 2330 agimus,
1220 2266 1259 2312 sed

207 2337 271 2386 iactis
285 2339 350 2384 etiam
367 2339 508 2385 mutabilibus
523 2357 547 2385 ex
562 2342 671 2402 praesenti
686 2340 772 2398 cultura
786 2343 901 2388 nationum
916 2341 1053 2402 desumptis3
1070 2341 1177 2387 elemento
1192 2341 1257 2386 uimi-

207 2429 257 2460 a'nm
271 2413 422 2476 philosophico
436 2414 563 2460 historicum
578 2416 685 2478 adiungit,
699 2433 744 2462 non
760 2422 785 2462 at
799 2416 933 2478 praesidium
948 2417 1112 2462 internoscendi
1127 2433 1202 2463 rerum
1217 2417 1258 2463 eli·

207 2489 266 2551 quod
282 2489 340 2551 quod
355 2489 435 2535 deinde
449 2491 533 2536 ratione
547 2491 688 2554 demonstret,
702 2493 740 2538 sed
755 2496 780 2538 ut
793 2485 927 2554 principium
940 2509 966 2538 ex
980 2508 1024 2554 quo
1038 2508 1088 2538 suas
1102 2493 1210 2555 practices
1219 2492 1257 2538 ‹le-

208 2563 274 2611 dueet
288 2565 406 2612 illationes.

194 2643 199 2656 '
255 2642 290 2687 Sic
304 2642 370 2688 etiam
385 2642 419 2688 ius
434 2642 548 2705 politicum
562 2643 589 2690 ab
605 2659 629 2689 ea
644 2649 705 2706 parte
720 2644 774 2690 iuris
788 2642 887 2706 socialis,
904 2659 959 2705 quae
975 2643 1062 2690 civilem
1075 2649 1203 2706 polaemon
1218 2659 1257 2692 re·

208 2717 281 2779 spicit,
298 2715 477 2778 distinguendum
492 2725 532 2764 est.
551 2719 591 2765 hle
606 2720 666 2764 enim
680 2733 790 2765 sommum
806 2719 922 2780 imperium
936 2719 1026 2781 eiusque
1039 2719 1160 2764 lunationes
1174 2735 1216 2780 per
1233 2736 1259 2767 se

208 2797 231 2836 et
245 2796 326 2838 remota
341 2794 474 2855 experientia
489 2795 620 2855 considerat,
638 2795 671 2840 ius
687 2802 760 2840 aulem
774 2794 888 2856 politicum
903 2795 991 2857 proprie
1005 2799 1114 2855 acceptum
1127 2804 1256 2854 supremam

208 2871 337 2926 potestatem
347 2873 411 2930 alque
426 2869 473 2914 eius
487 2869 613 2915 exercitium
630 2869 789 2930 contemplatur
803 2869 827 2914 in
842 2868 898 2914 lacto
913 2869 961 2930 ipso
971 2875 993 2915 et
1003 2871 1060 2915 iuxta
1069 2867 1201 2930 populorum
1210 2868 1258 2914 exi-

209 2943 313 3001 gentiam.
331 2943 477 2989 Nihilominus
492 2945 538 2990 eiua
553 2945 670 3007 principia,
683 2951 708 2990 ut
722 2945 787 2990 otiam
802 2945 856 2990 iuris
870 2944 962 3007 publici,
974 2944 1045 3007 quoad
1060 2943 1191 2991 clementum
1206 2943 1259 3005 pbi·

184 3049 192 3060 .
208 3013 344 3078 losophiemn
359 3019 417 3079 quod
431 3019 537 3084 continet,
553 3035 566 3068 a
580 3023 628 3067 iuro
642 3021 717 3068 sociali
732 3021 826 3068 naturali
841 3019 977 3067 exhibentur.
