2767 4492
450 893 838 998 Possessio
1077 1036 1088 1054 x

336 1103 528 1176 OCTAVAE
550 1104 731 1175 EDITIONI
750 1105 958 1176 PRAEFIXA

590 1315 708 1342 -mu-

168 1809 339 1906 Fupimdd
354 1811 480 1896 puidam
494 1813 680 1894 ipnorontia
694 1823 762 1888 est:
782 1813 835 1880 sed
857 1813 957 1880 multo
974 1799 1168 1898 maph'per-
1249 1806 1253 1814 ’

122 1931 214 1981 uersa
234 1917 375 1982 seientia.
399 1915 463 1982 Illa
481 1925 613 2014 mentem
640 1919 776 1983 bonitate
801 1919 959 1998 destituit,
983 1917 1169 2016 impeditpuc

123 2019 292 2100 quominus
305 2019 525 2102 perfectionem
542 2028 726 2103 assequatur
736 2041 748 2095 ,·
768 2022 843 2086 hoec
862 2023 970 2086 morho
988 2021 1166 2103 turpissimo
1254 2067 1262 2082 ,

124 2122 321 2188 contaminat
335 2131 428 2205 atoue
442 2123 485 2188 ad
500 2125 620 2188 eccitum
635 2123 795 2205 funestum
806 2123 959 2206 perducit.

168 2220 210 2286 ld
224 2223 300 2287 siin
313 2225 422 2305 puoch
434 2224 611 2306 disciplina,
625 2225 765 2308 profecto
776 2242 969 2308 summopere
979 2225 1014 2290 in
1025 2225 1167 2306 philoso-

118 2324 199 2408 phia
214 2327 282 2390 oim
297 2326 408 2390 hahet:
425 2345 503 2409 quac
516 2347 581 2393 non
593 2329 702 2406 modo,
717 2330 794 2410 quia
806 2329 936 2394 scientia
951 2336 1007 2407 ert,
1022 2328 1063 2392 od
1077 2345 1164 2391 men-

122 2435 182 2491 tem
192 2429 352 2516 pertinetc
367 2447 474 2494 oerum
488 2431 584 2496 etiam
596 2481 604 2510 ,
615 2431 698 2514 auia
718 2432 849 2497 scientia
873 2447 1022 2512 supruua
1036 2437 1102 2510 est,
1124 2428 1168 2494 ud

120 2540 255 2596 mentem
266 2533 403 2598 moocimc
415 2537 558 2616 pertinet.
577 2533 650 2602 Non
664 2534 761 2612 onim,
774 2542 810 2598 ut
823 2533 907 2598 aliac
920 2532 1099 2614 facultates,
1114 2531 1166 2596 de-

120 2634 210 2714 finito
235 2634 342 2717 aliquo
363 2636 634 2717 contemplationis
658 2637 779 2702 amhitu
798 2635 1091 2718 comprehenditur,
1113 2633 1166 2699 sed

120 2735 361 2817 intellipentiom
372 2740 485 2820 ipsam,
496 2746 594 2820 prout
606 2738 756 2804 latissime
766 2746 868 2820 potet,
882 2738 1098 2820 prosequitur3
1115 2741 1167 2800 at-

119 2855 176 2920 que
188 2839 236 2903 ad
249 2840 379 2905 ultimas
391 2842 528 2906 rationes
539 2859 646 2906 rerum
658 2857 834 2920 assurpens,
849 2857 886 2904 ea
896 2839 1075 2920 speculatur
1086 2854 1167 2920 puae

119 2933 282 3006 summum
295 2943 331 3006 in
346 2944 523 3022 counitione
535 2943 678 3006 naturali
694 2942 797 3004 locum
811 2940 947 3002 obtinent
962 2947 991 3002 et
1005 2939 1164 3019 principia

119 3043 220 3108 ueluti
235 3051 308 3106 sunt
321 3047 484 3106 notionum
504 3051 686 3108 ceterorum.
710 3040 796 3106 Unde
810 3041 839 3104 si
858 3038 1091 3123 philosophiam
1113 3038 1168 3102 de-

121 3145 260 3226 pravari
270 3146 442 3226 continpot,
454 3146 601 3226 capitatio
613 3146 683 3226 ipsa
695 3146 787 3228 quasi
795 3145 831 3210 in
839 3161 900 3208 sua
910 3142 1016 3208 radice
1025 3158 1167 3206 eorrum-

120 3250 213 3330 pitur
227 3267 237 3312 :
252 3256 346 3330 'atque
364 3247 477 3313 cocinde
496 3248 637 3313 derivato
648 3249 799 3329 pernicies
813 3248 848 3312 in
862 3263 963 3311 mores
978 3246 1072 3311 etiam
1088 3246 1171 3328 {luat

124 3369 243 3417 necesse
256 3359 310 3416 est.
324 3351 427 3416 Homo
446 3352 529 3416 enim
538 3360 687 3434 operatur
692 3358 791 3434 prout
802 3351 881 3424 uult,
896 3349 964 3414 uult
978 3356 1081 3414 antem
1089 3366 1167 3430 pro·

1 3539 11 3553 .
125 3462 161 3518 ut
175 3454 333 3536 intellipit.
350 3455 457 3535 Quare
472 3455 654 3536 depravatio
666 3454 901 3538 intellipentiae,
913 3453 1168 3536 depravationem

127 3558 297 3625 voluntatis
310 3559 499 3642 actionisque
513 3565 542 3622 et
555 3559 621 3639 sere
634 3561 726 3624 totius
739 3558 873 3625 hominis
885 3556 1093 3640 corruptelam
1108 3556 1168 3620 im·

151 3667 246 3726 artat.

129 3677 149 3739 p
174 3763 273 3845 Haec,
291 3765 333 3831 ad
347 3765 577 3848 philosophiam
597 3769 678 3850 quod
693 3768 816 3845 attinet,
834 3767 933 3832 honae
946 3779 1105 3845 ranaeque
1119 3761 1168 3822 in·

134 3865 300 3934 stitutionis
321 3871 530 3941 necessitatem
549 3871 725 3941 ostendunt,
748 3869 857 3942 Vectem
879 3867 1028 3934 eiusmodi
1043 3881 1092 3928 res
1107 3879 1170 3952 quo
1198 3902 1225 3934 ·.

113 3967 116 3972 .
914 3967 947 4038 1,
