2767 4492
558 294 787 339 aamuorrorsas
1163 279 1193 336 ti

154 377 383 456 peah'lentissime
398 377 509 438 semina
523 393 596 452 quae
609 377 768 455 plantavit,
787 382 816 434 et
830 377 936 451 quibus
949 375 1044 436 adbuc
1058 375 1195 438 scientiae

155 463 337 534 inficiuntur3
353 463 467 522 utnibil
477 462 572 522 dicam
581 463 617 523 de
626 462 820 538 perditissima
829 460 1114 520 Sansimoniauorum
1127 460 1195 520 bac·

154 551 218 622 resi,
235 550 272 607 ad
285 548 462 622 Religionem
476 562 534 606 non
548 549 644 606 minus
658 563 746 622 quam
760 547 797 605 ad
810 545 1019 622 philosophiam
1033 551 1063 604 et
1076 546 1195 604 meletu-

155 640 211 693 tem
225 633 312 694 etiam
327 635 544 708 pervertendam
558 633 727 708 excogitata,
744 637 773 691 et
786 631 868 690 carius
886 631 1024 706 reliquiae
1042 631 1195 706 pestiferae

153 719 294 778 Gallorum
307 718 417 793 passim
431 719 537 794 scripta
551 719 762 778 commaculant
777 720 800 774 l.

187 804 270 864 Error
284 804 334 878 qui
348 803 508 879 generalius
529 817 606 863 nunc
627 803 796 877 offenditur,
811 803 990 878 pantheismo
1011 803 1192 875 continetur,

152 903 239 962 quem
252 890 366 948 tandem
380 888 599 963 protestanticus
614 887 826 946 rationalismus
841 887 1002 960 parturivit,
1013 892 1043 946 et
1057 887 1094 946 ad
1108 902 1194 962 quem

153 974 237 1034 lacile
251 974 394 1034 adducrmt
406 989 480 1033 nova
493 973 552 1045 ills,
568 973 685 1047 quaein
705 972 786 1031 ltalia
799 972 886 1031 etiam
901 972 1078 1032 anonunllis
1091 972 1137 1032 uel
1151 987 1195 1031 se

154 1058 248 1118 ductis
261 1059 305 1118 vel
321 1059 516 1119 seductoribus
529 1063 734 1133 proponuntur.
752 1059 828 1117 Inter
841 1057 912 1116 haec
925 1055 1108 1132 potissimum
1124 1056 1195 1116 emi-

152 1149 203 1203 net
218 1145 396 1204 Giobertiana
417 1145 575 1218 ontologia,
591 1159 663 1218 quae
685 1145 891 1202 Germanorum
909 1143 1097 1202 deliramenta
1120 1157 1194 1202 noro

153 1229 275 1303 quodam
290 1232 429 1304 apparatu
448 1227 612 1302 reproducit
626 1229 651 1285 2.
671 1227 744 1286 Dum
763 1227 842 1285 enim
859 1235 984 1286 mentem
996 1227 1020 1300 {a
1039 1225 1196 1286 subiectira

152 1313 377 1374 consideratione
392 1315 521 1372 idearum
535 1313 572 1370 ad
589 1312 812 1370 obiectivitatem
830 1313 985 1386 quamdam
1004 1313 1195 1386 independen-

152 1402 210 1457 tem
230 1403 259 1458 et
278 1398 438 1457 absolutam
456 1395 704 1469 contemplandam
722 1396 874 1454 transferre
884 1396 1001 1468 nilitm3
1016 1411 1133 1455 omnem
1148 1411 1195 1455 re

150 1481 268 1540 ritatem
288 1487 317 1540 et
334 1481 493 1540 realitatem
510 1479 623 1539 entibus
638 1479 728 1538 linitis
741 1479 850 1554 adimit,
863 1480 923 1538 solo
937 1481 1005 1538 linte
1023 1480 1135 1538 inlinito
1149 1481 1197 1537 ad-

153 1571 270 1650 structo,
286 1571 318 1625 ut
336 1565 450 1640 proprio
461 1565 522 1624 loco
540 1564 760 1626 demonstraturi
776 1579 884 1623 sumus.
897 1565 964 1624 llius
976 1569 1074 1640 numm
1084 1579 1197 1622 summa

152 1652 224 1710 baec
237 1656 294 1710 est:
310 1649 489 1710 obiectivitas
499 1665 565 1708 cum
579 1650 609 1708 in
624 1649 711 1708 robus
724 1649 911 1708 mutabilibus
925 1654 954 1708 et
966 1647 1197 1722 contingentibus

151 1736 245 1795 inesse
258 1741 399 1810 nequeat,
415 1735 551 1794 intuitum
567 1734 767 1793 immediatum
781 1734 906 1808 exquirit
920 1734 1000 1793 ideae
1014 1732 1105 1807 ipsius
1119 1733 1195 1792 entis

152 1822 278 1896 supremi
296 1825 324 1879 et
341 1819 511 1886 necessarii,
529 1820 559 1878 in
575 1834 631 1893 qno
645 1818 770 1877 rationes
787 1818 983 1891 intelligibiles
997 1817 1196 1876 contineantur

151 1921 247 1965 rerum
260 1907 476 1980 producturum3
493 1920 566 1978 quae
578 1903 699 1977 proinde
720 1903 834 1962 nonnisi
849 1904 878 1963 vi
892 1903 978 1961 huius
998 1902 1119 1962 intuitus
1135 1908 1195 1960 tan-

152 2006 239 2064 quam
252 1991 283 2050 in
301 1991 417 2064 pmprie
434 1989 544 2048 ratione
553 1989 713 2048 intellectae
723 1987 935 2062 percipiuntur,
953 2003 1020 2046 cum
1030 1985 1196 2059 ceteroquin

128 2111 132 2122 ι
155 2090 285 2134 seorsum
298 2075 329 2134 in
345 2074 446 2149 seipsis
464 2073 584 2146 intelligi
599 2078 751 2146 nequeant.
768 2073 837 2141 ilinc
852 2089 918 2131 cum
933 2087 979 2132 res
989 2071 1129 2131 eiusmodi
1136 2070 1197 2129 iam

202 2260 210 2303 l
230 2261 257 2304 [l
270 2260 361 2321 quiaque
375 2259 442 2321 uidet,
456 2265 524 2305 sectas
539 2261 612 2321 polius
627 2266 648 2304 et
663 2266 780 2321 systemata
791 2259 906 2305 lmuoaiora
922 2259 1038 2319 indigitare
1051 2259 1151 2304 animum
1161 2257 1199 2302 in-

151 2335 263 2396 duximus,
279 2351 343 2396 quam
357 2335 456 2381 hominos
470 2337 507 2397 qui
523 2337 637 2397 praecipue
652 2335 804 2398 philosophiae
814 2335 880 2382 landa
894 2335 1027 2381 ehnorant.
1043 2335 1127 2380 linum
1141 2332 1202 2378 enim

148 2412 217 2472 'longe
232 2411 301 2457 iunior
315 2411 423 2472 cataloqna
438 2412 549 2458 extitisset.
566 2412 602 2457 Sic
617 2417 641 2458 ut
655 2411 696 2458 hoc
710 2411 758 2458 loon
768 2412 887 2458 nonnullos
901 2428 913 2459 e
927 2409 1086 2458 recenlioribus
1096 2411 1199 2470 innuero,

153 2487 192 2548 qui
206 2501 259 2548 prae
273 2487 349 2534 ceteris
364 2487 474 2534 mantione
489 2487 621 2551 dignantur,
638 2505 650 2535 a
664 2489 780 2536 Germania
799 2488 924 2550 Reinhold,
940 2486 1085 2550 Boutameh,
1101 2483 1198 2545 Bardili,

152 2563 221 2626 liruq,
238 2562 327 2624 Beader,
344 2563 421 2628 hrans,
437 2563 518 2626 aliique
532 2565 717 2612 henacendsnlnli
731 2564 833 2612 methodo
844 2565 878 2610 nai
889 2579 944 2610 nora
954 2564 1022 2610 lermo
1032 2566 1148 2624 systemta
1162 2576 1199 2622 pe-
1229 2564 1231 2567 '

150 2645 264 2702 pararunt,
279 2639 306 2686 iis
320 2645 402 2702 tamen,
419 2657 474 2702 quae
488 2657 554 2704 supra
569 2643 799 2704 commemoravimus,
814 2641 843 2686 ad
857 2657 904 2688 rem
918 2639 975 2702 quod
991 2638 1129 2701 attinet,vi1
1150 2637 1198 2682 dis-

150 2716 239 2763 similia.
256 2717 281 2762 In
298 2718 370 2778 Belgio
384 2717 469 2764 ,threna
484 2719 636 2765 Germanicum
657 2719 820 2782 pantheiamum
839 2735 894 2765 nova
912 2718 1032 2765 similatum
1050 2717 1135 2778 forma,
1156 2715 1198 2760 etsi

151 2793 217 2838 verbo
233 2799 304 2858 neget,
321 2809 345 2840 re
360 2800 432 2840 tamma
447 2793 563 2840 obtrudere
573 2795 626 2840 salis
637 2800 711 2857 aperte
726 2795 843 2841 videretur.
857 2794 882 2840 ln
896 2796 968 2840 Srotia
978 2793 1078 2839 william
1087 2790 1198 2838 llamilton

150 2871 285 2917 Scotistieam
299 2871 394 2918 scholam
411 2873 453 2918 iam
469 2887 525 2934 peno
540 2871 657 2934 collapsam
671 2879 794 2918 smtentare
807 2877 872 2932 atque
886 2886 949 2930 aegre
967 2871 1046 2916 fulcire
1064 2871 1126 2915 niano
1146 2874 1198 2928 eat,

151 2961 195 2992 non
211 2953 254 2992 hm
270 2949 321 2993 novi
336 2948 420 2993 rohoria
435 2947 601 3009 additamento,
617 2962 683 3009 qnam
704 2947 776 3005 potius
793 2945 889 2990 adrereia
908 2945 1062 3006 systematihne
1076 2942 1198 2988 diruendis.

151 3023 178 3066 ln
193 3021 264 3080 ltalia,
280 3021 337 3067 inter
351 3021 431 3067 multon
446 3023 484 3082 qui
499 3021 606 3067 recenseri
621 3021 753 3081 potuissent,
770 3018 844 3079 elapso
857 3021 943 3065 mulo
957 3019 1080 3065 Ganaonais
1091 3025 1113 3062 at
1126 3017 1200 3063 Gerdii

54 3091 58 3098 '
151 3094 313 3157 philosophiam
328 3094 483 3154 illustrarunt,
500 3101 573 3140 nostm
587 3109 638 3140 vero
652 3098 722 3138 aetate
736 3094 874 3155 Romaqnoai,
886 3094 994 3155 ltoanrini,
1010 3092 1120 3155 Galinppi,
1131 3093 1150 3137 'i
1150 3108 1200 3154 apa·

152 3169 202 3216 relli
217 3183 318 3230 magnam
333 3167 418 3229 inqenii
432 3175 454 3214 et
467 3167 597 3214 eruditionis
611 3167 698 3216 laudem
711 3176 764 3216 eant
776 3170 895 3232 maeqnmi.
913 3171 938 3216 ln
953 3169 1058 3231 lliapania
1073 3169 1156 3216 &lmen
1165 3169 1199 3216 in·

152 3251 187 3293 ter
200 3259 334 3292 summorum
349 3243 528 3308 philosophorum
544 3243 631 3291 nomina
649 3245 729 3291 meruit
747 3247 851 3308 cooptari.
869 3246 894 3292 In
910 3245 980 3292 Gallia
993 3245 1106 3310 doullrop,
1123 3247 1198 3294 Dami-

152 3339 204 3385 rnn,
220 3321 335 3384 llliohelet,
351 3322 439 3384 Guiaol,
456 3321 588 3384 herminior,
606 3323 696 3386 lerona,
712 3323 743 3368 lla
757 3324 786 3368 La
801 3323 901 3368 biennale
915 3338 940 3369 ac
955 3321 1018 3368 multi
1034 3321 1090 3385 elii,
1106 3341 1200 3386 quorum

154 3399 252 3460 nomina,
268 3398 286 3444 ei
302 3397 391 3460 Borard,
408 3396 500 3461 Bunald,
516 3397 613 3460 aliosque
627 3397 696 3444 bonos
710 3402 748 3444 ant
761 3399 838 3444 saltem
852 3395 1002 3445 indifferentes
1011 3399 1114 3463 excipies,
1126 3401 1199 3447 neseio

154 3481 228 3520 ulrum
241 3472 291 3535 plus
305 3473 385 3528 landis,
402 3479 490 3536 propter
504 3489 572 3536 pauca
589 3489 639 3520 vern
654 3489 710 3534 qnae
721 3473 818 3536 indunt,
830 3489 895 3535 qnam
906 3475 1017 3538 vituperii,
1031 3480 1119 3537 propter
1130 3476 1199 3522 multa

156 3564 256 3611 pervorsa
270 3554 293 3594 et
306 3549 362 3596 falae
382 3565 438 3611 quae
456 3549 556 3613 addunt,
572 3551 618 3596 sint
636 3549 749 3597 meritura.
766 3551 808 3604 Qui
822 3550 885 3613 plura
900 3551 969 3613 eupit,
985 3551 1049 3597 adeat
1062 3551 1200 3597 Tetrinios

156 3615 261 3681 {Haemi
271 3626 298 3671 de
308 3627 379 3672 t'hiet.
394 3627 421 3672 de
432 3627 570 3685 lapillos),
582 3627 615 3670 lta
630 3626 739 3672 Gaurano
755 3628 824 3683 (iiiut.
837 3629 876 3673 dea
887 3629 994 3686 speum
1007 3629 1144 3686 comperte),
1152 3627 1199 3671 ltu·

156 3711 200 3746 aua
217 3702 289 3756 (iiiut.
305 3703 333 3747 de
343 3703 367 3748 la
375 3703 460 3762 ptttoe.
473 3703 599 3760 mderssc),
610 3703 724 3748 dinanum
738 3705 840 3760 (heure
849 3705 957 3763 Fitoeos.)
966 3701 1063 3764 aliosque
1071 3705 1110 3766 qni
1121 3703 1148 3748 de
1158 3701 1200 3746 hac

157 3790 180 3821 re
194 3775 241 3822 luae
255 3775 406 3838 seripserunt.⁸

203 3849 218 3896 2
233 3853 399 3900 latroduziooe
412 3855 462 3901 olto
473 3856 550 3903 studio
563 3857 627 3903 dello
640 3858 746 3916 fitoeoflo.
