2767 4492
571 267 701 314 armam

118 353 243 428 Itemque
258 365 323 412 oum
338 350 462 426 operatio
478 343 635 426 appetentis
650 351 740 412 animi
755 352 791 412 sit
804 357 898 416 motus
912 354 1028 435 quidam
1047 259 1166 419 tendente

118 439 150 498 in
165 435 316 509 obiectum,
335 441 428 496 motus
447 439 542 520 autern
557 435 592 495 ad
607 435 731 511 quietem
747 433 860 511 aspiret
876 439 908 498 in
922 441 1016 516 quiete
1026 438 1165 504 eiusmodi

117 523 234 582 ultimus
250 523 314 582 finis
324 521 536 582 constituendus
551 526 614 596 est;
632 523 703 580 haec
718 536 785 582 vero
800 524 880 598 quies
893 527 1022 601 uoluptas
1037 529 1164 592 nomint·

120 611 173 667 tur.
191 605 220 666 in
242 603 383 681 voluptate
393 602 479 680 igitur
494 605 612 690 ultimos
628 605 693 664 ilnis
704 605 835 666 collocari
846 605 938 668 debet.

154 691 236 767 llesp.
256 691 284 750 Si
298 707 341 764 ea,
358 705 431 766 quae
445 689 663 766 explicavimus,
681 689 832 764 diligenter
850 695 1074 773 perpendantor3
1091 691 1165 760 diiii·

117 772 208 836 onltas
220 777 294 836 haec
309 776 424 836 omnino
439 775 592 836 evanescit.
608 775 677 834 Nam
708 775 854 851 inprimis
879 775 945 837 ilnis
971 779 1087 842 ultimos
1105 779 1163 846 non

119 862 215 934 estid,
232 863 306 936 qood
317 865 470 938 utcumque
484 867 598 936 propter
612 875 642 920 se
666 861 885 935 concupiscitnr3
902 861 952 922 sed
967 866 1068 937 estid,
1090 869 1165 944 quod

120 948 200 1007 iuxta
215 947 372 1009 naturalem
388 946 517 1009 ordinem
531 945 740 1018 concupiscitur
749 950 864 1020 propter
879 961 909 1005 se
923 950 1068 1023 tamquam
1088 953 1164 1014 oble

120 1033 198 1092 ctum
218 1050 270 1094 nos
286 1033 411 1094 maxime
434 1030 584 1108 perficiens
599 1037 627 1091 et
640 1031 717 1106 quod
734 1031 813 1090 nuda
831 1034 941 1093 mdone
955 1033 1100 1095 ordinetur
1128 1038 1164 1098 ad

118 1115 204 1177 aliud.
223 1116 365 1179 Eiusmodi
384 1123 552 1178 autemnon
568 1117 765 1190 estvoiuptas,
783 1133 979 1193 quaecumque
996 1119 1109 1180 tandem
1131 1136 1166 1182 ea

120 1204 242 1278 sitaiva
261 1205 373 1264 sensilis
395 1204 454 1264 eive
470 1199 721 1263 eiiamrationalis.
739 1201 822 1270 Quies
836 1205 914 1268 enim
938 1206 967 1263 ln
990 1205 1073 1280 bono,
1090 1207 1166 1281 quod

120 1289 338 1364 concupiscitur,
355 1293 398 1348 est
412 1287 528 1362 quidem
538 1285 654 1346 effectus
669 1287 829 1347 necessario
844 1304 1019 1362 consequens
1041 1289 1164 1366 adeptio·

119 1387 187 1430 nem
202 1375 339 1442 eiusdem,
356 1373 407 1432 sed
422 1371 565 1433 obiectum
575 1387 625 1446 per
640 1387 670 1430 se
682 1387 738 1430 non
751 1376 811 1446 est;
825 1375 995 1448 praesertim
1016 1391 1082 1434 vero
1106 1391 1165 1435 non

120 1461 163 1514 est
176 1455 319 1516 obiectum
332 1455 501 1532 maximum,
519 1472 585 1516 cum
600 1455 636 1514 sit
651 1453 823 1516 modificatio
838 1457 979 1530 quaedam
994 1457 1114 1518 subiecti
1133 1459 1164 1519 il·

119 1533 172 1599 niti
182 1557 215 1600 ao
230 1541 347 1617 pminde
362 1539 500 1600 limitibus
511 1537 770 1600 circumscribatur.
790 1541 886 1615 Neque
898 1547 944 1616 pst
968 1541 997 1600 id
1022 1544 1096 1617 quod
1122 1543 1166 1603 lu·

118 1625 170 1684 xta
179 1625 296 1687 rationis
310 1625 440 1688 ordinem
454 1641 505 1700 per
519 1625 716 1700 operationem
730 1619 1040 1700 intenditurl'operatio
1055 1628 1134 1686 enirn
1149 1643 1168 1687 a

119 1713 221 1769 natura
234 1727 293 1770 non
310 1711 346 1770 ad
361 1703 575 1771 delectationem
591 1709 641 1768 sed
656 1708 693 1768 ad
704 1707 849 1769 obiectum
863 1711 1075 1784 assequendum
1097 1711 1164 1770 diri-

120 1790 204 1868 gitur.
222 1793 495 1870 Deniqneroiuptas,
512 1795 544 1853 ut
558 1809 644 1868 supra
658 1789 729 1868 dixi,
746 1793 799 1853 cisi
814 1810 872 1854 non
893 1794 1032 1855 referatur
1056 1797 1092 1855 ad
1118 1797 1166 1856 ho

120 1882 233 1938 nestum
249 1884 393 1955 tamquam
403 1879 529 1940 medium
544 1879 580 1938 ad
595 1877 682 1938 ilnenr
697 1879 737 1952 (id
755 1877 832 1938 enim
856 1875 925 1938 boni
945 1879 1023 1938 utilis
1048 1881 1161 1941 molum

120 1964 163 2021 est
176 1963 342 2038 proprium),
358 1963 480 2024 retertur
495 1969 590 2027 tamen
605 1967 637 2021 ut
651 1958 769 2021 effectus
785 1963 822 2021 ad
835 1977 962 2037 oausam,
983 1963 1065 2024 cidus
1082 1979 1162 2040 prae

121 2046 225 2107 stantia
239 2053 267 2107 et
280 2044 391 2108 bonitas
406 2049 519 2123 pmprie
528 2045 754 2120 concupiscatur.

154 2129 242 2206 atque
256 2131 324 2191 hino
338 2125 470 2192 ducimur
484 2129 520 2190 ad
535 2131 763 2204 respondendum
782 2128 864 2192 alteri
879 2126 952 2208 parti
971 2133 1156 2198 difficultatis.

120 2213 191 2274 Nam
204 2232 256 2288 pro
269 2221 334 2275 ente
347 2217 455 2276 ratione
470 2215 597 2288 praedito
611 2213 678 2274 linis
694 2212 723 2273 id
740 2215 851 2289 pmprie
875 2216 1028 2278 dicendum
1042 2225 1101 2294 est,
1128 2212 1165 2280 ad

121 2301 196 2374 quod
207 2300 296 2361 tendit
309 2301 434 2376 operatio
454 2306 598 2376 tamquam
614 2301 650 2358 ad
664 2300 809 2360 obiectum
829 2306 947 2362 naturae
970 2305 1165 2365 accommoda·

123 2389 192 2458 turn,
214 2401 251 2444 ex
269 2384 350 2446 ouius
368 2379 496 2446 carentia
519 2385 678 2445 subiectum
702 2385 878 2462 sollicitatum
900 2404 957 2447 non
983 2405 1050 2447 uero
1073 2387 1103 2448 id
1128 2389 1164 2448 ad

121 2466 196 2537 qnod
205 2471 329 2545 operatio
345 2464 434 2532 tendit
449 2477 593 2544 amquam
607 2469 643 2531 ad
655 2469 823 2530 desitionern
832 2477 921 2531 slatus
939 2471 1016 2532 iilius
1025 2473 1164 2546 irrequie-

124 2553 153 2630 ti,
170 2555 219 2629 qni
233 2572 270 2616 ex
285 2556 480 2618 convenientis
494 2553 597 2617 obiecti
612 2554 742 2616 absentia
757 2552 883 2616 exoritur
897 2566 926 2614 et
940 2555 989 2631 qui
1007 2554 1167 2628 indigentia

121 2641 293 2702 nominatur.
311 2644 380 2703 Gom
394 2643 471 2704 eninr
482 2643 545 2703 ideo
564 2649 698 2704 nascatur
713 2641 785 2701 haec
808 2638 973 2716 indigentia,
1001 2641 1069 2716 quia
1088 2636 1164 2699 obie-

3 2774 6 2780 .
121 2730 199 2785 ctum
217 2729 388 2789 conveniens
403 2729 502 2804 abest;
518 2729 643 2806 prolecto
660 2731 739 2802 patet
753 2732 885 2786 naturam
907 2725 1051 2786 obiectum
1069 2725 1166 2799 ipsum

121 2809 286 2886 intendero,
302 2819 386 2887 atque
399 2819 548 2889 pmpterea
562 2812 750 2886 irrequietum
767 2811 848 2870 ilium
863 2814 969 2869 statum
987 2808 1112 2868 excitare
1133 2807 1165 2868 ln

122 2895 232 2968 animo,
248 2903 281 2954 ιιι
294 2898 319 2956 is
333 2897 369 2955 ad
384 2897 526 2957 obiectum
541 2898 774 2971 consequendum
789 2895 905 2954 nitatur.
923 2895 991 2953 Cum
1007 2895 1104 2970 itaque
1121 2910 1166 2954 ra·

124 2979 235 3038 tionalis
250 2993 336 3039 eausa
350 2981 442 3039 ordini
456 2986 574 3039 naturae
589 2981 620 3038 in
634 2980 788 3052 operando.
800 2979 977 3038 conformare
995 2995 1025 3038 se
1041 2979 1164 3054 debeat,

122 3063 306 3123 manifestum
320 3063 352 3122 iit
366 3063 403 3122 ah
418 3078 452 3122 ea
465 3063 608 3122 obiectum
626 3065 721 3137 ipsum
736 3063 792 3122 sihi
806 3061 977 3123 conveniens
991 3062 1096 3123 debere
1116 3079 1166 3139 ap·

122 3148 198 3222 peti3
215 3163 273 3207 non
286 3163 353 3208 vero
367 3147 491 3222 quietem
504 3147 570 3206 indo
585 3147 732 3220 orituram,
749 3146 805 3206 nisi
819 3149 987 3208 secundario
1001 3167 1008 3223 ;
1025 3149 1109 3208 modo
1126 3153 1166 3208 ta·

122 3245 189 3289 mon
204 3231 377 3306 turpitudine
391 3237 486 3292 careat
497 3236 525 3292 et
535 3231 671 3307 primaria
685 3232 804 3292 intentio
819 3232 896 3292 circa
911 3233 1056 3292 obiectum
1071 3231 1166 3306 ipsum

122 3331 181 3376 non
194 3317 370 3376 excludatur.
388 3317 416 3376 si
429 3323 527 3378 contra
541 3313 640 3390 fleret,
656 3317 803 3378 rationalis
821 3327 916 3377 motus
938 3317 1028 3376 animi
1048 3316 1165 3377 omnino

123 3406 339 3478 perverteretur.
360 3402 431 3462 Nam
444 3401 573 3476 voluptas
593 3403 707 3478 pmprie
721 3404 750 3462 ei
763 3419 815 3478 per
829 3419 861 3462 se
875 3419 933 3462 non
948 3401 1092 3476 impellit,
1108 3398 1166 3461 nisi

123 3488 201 3547 entia
214 3503 251 3547 ex
264 3487 402 3546 instinctu
421 3492 530 3547 tantum
549 3489 714 3563 operantia,
731 3486 973 3563 quemadmodum
988 3493 1055 3546 aunt
1068 3486 1163 3545 ιιιιιιιι.

45 3609 51 3619 ·
123 3571 197 3631 ilaec
215 3571 312 3646 enim,
329 3573 425 3646 utpote
440 3583 512 3647 quae
528 3573 636 3632 ratione
657 3572 869 3642 destituuntur,
886 3572 1014 3630 ordinem
1030 3575 1165 3630 enatura

123 3655 264 3716 intentum
284 3657 475 3717 internoscere
495 3653 613 3717 minime
636 3660 773 3734 possunt,
790 3655 840 3716 sed
856 3659 966 3716 tantum
981 3669 1018 3715 ex
1033 3654 1165 3716 sensiono

123 3739 173 3800 iiia
187 3741 349 3816 irrequieta,
366 3758 439 3819 qnae
453 3741 610 3817 indigentia
625 3735 745 3818 dicitur,
765 3739 962 3802 sollicitantur.
980 3739 1165 3816 aequoniam

123 3825 195 3886 haec
209 3831 241 3886 ut
255 3827 317 3888 talis
331 3828 368 3890 ad
382 3829 507 3904 quietern
531 3828 637 3904 tendit,
654 3845 728 3904 quae
742 3843 780 3890 ex
794 3825 944 3902 adeptione
962 3825 1032 3890 boni
1051 3822 1163 3904 prolici-
