2767 4492
196 418 199 427 .
265 365 318 428 aaa
591 373 801 426 amrmnrsrca
815 372 982 423 dannanus

261 462 366 525 stantia
378 463 480 524 vivens
495 477 582 524 sensu
596 467 625 522 et
637 467 718 522 motu
732 463 886 538 spontaneo
904 461 1017 536 truens,
1035 460 1112 520 idem
1127 459 1162 520 de
1172 462 1314 538 conceptu

261 549 438 610 substantiae
457 563 521 608 eam
536 548 690 608 exhibente
706 551 852 620 tamquam
866 561 918 605 ens
933 546 964 606 in
979 561 1009 605 se
1025 546 1168 619 existens3
1184 545 1261 606 idem
1277 547 1314 607 de

260 635 376 693 notione
391 635 552 708 animique
566 633 724 706 concipitur
739 635 771 690 ut
787 630 946 690 substantia
960 629 1100 705 simplex,
1117 629 1240 706 quaesit
1253 632 1312 706 pri-

261 733 343 778 mum
364 719 439 778 vitae
455 717 689 792 cogitationisque
704 715 897 792 principium;
921 715 999 776 idem
1019 715 1055 776 de
1070 715 1214 776 sexcentis
1229 715 1312 791 aliis,

264 803 483 863 commemorari
498 807 623 878 possent.
933 829 937 837 =

298 889 403 947 Deinde
412 889 467 947 nisi
477 887 593 962 sceptici
603 903 665 946 esse
675 886 817 956 volumus,
834 885 980 946 latendum
990 891 1095 946 estnos
1109 886 1200 946 reales
1212 902 1315 946 rerum

263 973 437 1032 dillerentias
446 979 475 1031 et
484 972 649 1031 discrimna
658 971 819 1046 cognitione
828 971 998 1046 pertingere,
1012 969 1116 1046 quibus
1126 977 1245 1030 naturae
1253 987 1316 1043 non

262 1071 373 1132 paucae
391 1057 466 1116 inter
485 1072 515 1116 sa
533 1056 640 1132 optime
660 1057 832 1130 discrepant.
857 1055 928 1114 Nam
949 1060 1129 1130 perspectum
1147 1055 1216 1114 satis
1229 1053 1316 1114 nobis

173 1151 178 1158 ’
263 1143 465 1201 esthomincm
481 1142 509 1200 ri
523 1139 718 1215 intelligendi,
734 1139 942 1214 ratiocinandi,
969 1140 1170 1213 abstrahendi,
1193 1139 1316 1214 aliisque

262 1227 446 1286 facultatibus
465 1225 626 1299 praeditum
648 1239 734 1298 esse,
765 1223 870 1299 quibus
894 1225 1009 1284 omuino
1031 1225 1160 1299 privatur
1185 1225 1314 1284 brutum.

263 1311 389 1384 itemque
409 1311 516 1370 animal
536 1326 623 1369 sensu
641 1309 771 1386 pertrui,
798 1324 853 1384 quo
868 1309 1018 1369 dcstihrtae
1033 1313 1099 1369 sunt
1121 1309 1259 1384 plantae3
1286 1315 1317 1368 et

261 1395 373 1470 plantas
387 1395 416 1454 ri
430 1396 580 1469 vegetandi
595 1395 737 1469 gaudere,
758 1409 815 1469 qua
829 1393 945 1453 omnino
960 1400 1054 1453 cetera
1068 1393 1202 1453 interiora
1216 1399 1316 1454 carent

261 1495 390 1554 corpora.
413 1479 496 1555 Atqui
515 1485 625 1538 certum
639 1483 683 1537 est
705 1480 756 1537 has
771 1494 868 1538 rerum
887 1477 1072 1555 proprietatos
1091 1479 1182 1538 reales
1201 1493 1263 1538 csse
1286 1483 1317 1539 ct

262 1565 299 1624 ad
312 1565 461 1638 physicam
476 1565 641 1623 earumdem
656 1563 887 1622 constitutionem
902 1563 1053 1636 portinere.
1079 1563 1139 1624 llon
1154 1565 1231 1622 anim
1246 1563 1316 1637 quia

262 1649 419 1722 cogitamus
433 1653 482 1707 aut
494 1647 648 1722 loquimur,
667 1648 854 1722 proprietates
867 1649 938 1707 istae
953 1647 1009 1708 illis
1024 1649 1122 1708 iusrmt
1135 1651 1165 1706 et
1179 1647 1317 1707 differunt

261 1735 337 1792 inter
347 1750 390 1806 sc;
412 1733 462 1791 sed
480 1739 579 1791 contra
594 1733 661 1806 quia
679 1733 778 1792 insunt
790 1739 819 1792 et
832 1732 986 1806 differunt,
1011 1733 1117 1792 idcirco
1132 1749 1180 1792 eas
1195 1731 1236 1792 sic
1252 1747 1316 1791 esso

262 1817 450 1894 perspicimus
465 1822 493 1876 et
507 1815 671 1876 asserimus
688 1817 806 1879 Ratione
822 1815 1116 1892 igiturhorumtideni
1127 1817 1172 1877 dic
1182 1818 1217 1876 de
1228 1817 1313 1890 aliis),

263 1919 336 1976 quac
350 1901 433 1961 nobis
448 1905 592 1976 comporta
607 1907 692 1976 suut,
717 1897 906 1961 substantiam
920 1918 1010 1962 uuam
1028 1901 1178 1977 aiellquis
1194 1903 1256 1962 iure
1272 1917 1316 1961 sc-

262 1988 415 2061 cernimus,
432 1988 665 2061 concipimusque
680 1992 714 2045 ut
727 1987 896 2054 realitatem,
914 2003 986 2062 quae
996 1988 1100 2046 horum
1114 1987 1315 2046 attributoumr

262 2072 454 2130 diilerentium
463 2073 540 2132 inter
553 2087 584 2130 so
599 2073 636 2130 sit
649 2071 743 2130 mdix.
762 2071 918 2139 Ouamdam
932 2073 1021 2146 igitur
1037 2072 1123 2131 realis
1138 2073 1314 2131 constitutio-

261 2156 306 2214 nis
320 2170 416 2214 rerum
431 2155 635 2216 nonnullarum
650 2156 842 2229 cognitionem
857 2155 1007 2226 habemus
1024 2153 1097 2232 qua'e
1110 2157 1153 2232 id,
1174 2157 1250 2232 quod
1264 2172 1316 2216 no-

262 2241 340 2298 mine
354 2241 494 2300 essentiae
509 2246 673 2315 usurpatur,
689 2240 773 2299 nobis
784 2241 909 2300 exhibet.

296 2324 394 2384 Fateor
418 2325 551 2400 equidem
565 2327 595 2383 id
610 2325 645 2384 de
660 2323 794 2384 omnibus
808 2323 866 2384 dici
890 2338 948 2386 non
962 2341 1064 2401 posse,
1092 2327 1122 2386 et
1145 2327 1315 2388 innumeras

262 2426 325 2470 esse
340 2415 467 2484 naturas,
485 2425 558 2484 quae
572 2425 625 2468 nos
639 2410 729 2468 latent
743 2409 868 2469 omnino.
889 2408 956 2478 (tuis
978 2412 1056 2470 cuim
1071 2412 1183 2471 tantum
1198 2409 1251 2472 sibi
1268 2431 1315 2473 su-

264 2499 334 2567 mat,
349 2502 382 2554 ut
396 2495 527 2556 omnium
540 2493 730 2569 peculiarium
745 2489 903 2568 sp'eoicrum
918 2496 1127 2570 animantium,
1144 2503 1193 2557 aut
1206 2498 1316 2574 plauta-

261 2594 336 2650 rum,
356 2583 404 2637 aut
418 2594 587 2652 corporum,
603 2584 720 2638 naturas
735 2579 867 2638 distincte
882 2580 1026 2653 explicare
1047 2598 1078 2641 se
1094 2598 1177 2656 posse
1197 2583 1316 2643 arbitre-

263 2663 329 2720 turi
356 2663 455 2722 Fateor
474 2663 562 2722 eh'am
583 2663 677 2738 quoad
693 2663 895 2724 determinatas
910 2665 1136 2726 substantiarum
1156 2669 1313 2744 essentias,

261 2747 402 2821 notitiam,
418 2763 507 2822 quam
521 2747 641 2821 adipisci
660 2748 692 2807 iu
713 2750 855 2822 praesenti
870 2750 929 2810 vita
943 2766 1104 2825 possumus,
1122 2767 1180 2811 non
1195 2769 1257 2814 esse
1272 2754 1317 2813 in·

261 2831 393 2890 tuitiram
408 2837 436 2890 et
450 2847 467 2890 a
480 2832 583 2907 priori,
600 2832 651 2891 sed
665 2833 836 2906 arguitivam
851 2840 879 2892 ot
893 2849 911 2892 a
923 2835 1082 2909 posteriori.
1102 2837 1160 2897 Non
1174 2838 1252 2897 anim
1269 2853 1313 2898 es-

262 2916 368 2976 sentias
391 2917 468 2975 nude
490 2917 522 2976 in
541 2918 642 2991 seipsis
657 2923 686 2977 et
699 2919 924 2993 independenter
939 2936 957 2979 a
971 2921 1177 2995 phoenomenis
1202 2929 1317 2983 contue-

261 3016 340 3073 mur,
357 2999 406 3059 sed
421 3017 470 3060 cas
484 3000 514 3060 ri
528 3002 734 3076 proprietatum
749 3009 777 3062 et
792 3005 996 3080 accidentium,
1015 3006 1120 3080 quibus
1134 3008 1313 3077 vestiuntur,

261 3085 441 3159 attingimus3
464 3099 497 3144 eo
512 3083 602 3144 terme
616 3087 702 3146 modo
719 3103 774 3162 quo
785 3103 887 3170 causas
901 3089 1099 3164 cognoscimus
1112 3099 1163 3166 per
1186 3091 1316 3152 effectus,

262 3168 366 3228 Verum
388 3170 459 3230 haec
482 3186 539 3229 non
558 3176 656 3230 uetant
674 3173 828 3246 quominus
846 3174 882 3232 de
896 3175 1041 3235 nonnullis
1060 3175 1226 3236 substantiis
1247 3193 1317 3236 rere

260 3252 449 3328 distincteque
473 3255 611 3315 essentias
636 3271 859 3332 cognoscamus,
884 3257 952 3318 licet
965 3276 1017 3336 per
1031 3267 1192 3337 respectum
1207 3267 1236 3320 et
1249 3277 1317 3336 pro·

262 3337 397 3410 prietates
410 3345 440 3397 et
453 3340 579 3399 actiones
593 3343 622 3399 et
637 3340 854 3416 phaenomena,
875 3360 997 3417 quorum
1012 3346 1199 3420 quidditatem
1213 3345 1317 3407 imme·

263 3421 339 3480 diate
354 3422 550 3497 intelligimus.

297 3506 425 3581 lienique
439 3514 472 3566 ut
485 3523 522 3566 ex
537 3509 572 3566 iis
586 3509 676 3583 ipsis,
702 3525 776 3584 quae
790 3511 911 3572 Lockius
933 3515 1048 3589 statuit,
1074 3517 1233 3577 doctrinam
1253 3519 1318 3578 eius

263 3603 468 3664 coarguamus,
487 3593 528 3652 sio
541 3594 716 3654 ratiocinor:
742 3595 789 3670 Si,
811 3611 844 3656 eo
859 3599 982 3674 laento,
999 3603 1137 3662 essentias
1152 3615 1250 3664 rerum
1266 3619 1318 3678 per

260 3687 351 3746 genus
366 3681 395 3734 et
413 3677 588 3737 differentias
609 3681 802 3756 explicamus3
829 3699 929 3743 earum
952 3688 1110 3747 realitatem
1130 3698 1198 3747 sere
1216 3687 1318 3763 digno·

265 3757 382 3817 scimus.
404 3761 497 3822 Genus
512 3763 590 3822 enim
604 3769 634 3823 et
647 3762 808 3828 differentia
820 3785 878 3829 non
892 3771 967 3846 suut,
988 3777 1020 3830 ut
1034 3769 1162 3833 insinuat
1174 3769 1316 3848 LockiuS,

261 3857 335 3916 opus
350 3843 499 3906 dumtaxat
512 3850 617 3910 mentis
631 3857 760 3927 nostrae,
778 3855 827 3916 sod
841 3853 986 3932 idipsum,
1009 3853 1130 3934 quadiu
1144 3855 1232 3920 rebus
1246 3863 1291 3918 est
1307 3904 1315 3926 ,

144 4006 149 4012 Ι
258 3933 490 4007 repraesentant,
507 3933 615 3998 adiecto
631 3933 729 4000 labore
744 3939 867 4015 mentis,
891 3939 940 4015 qui
954 3937 1142 4019 emendum
1156 3943 1187 4005 iu
1202 3939 1317 4006 obiecto

1364 3937 1369 3975 l

1347 4011 1369 4102 ,i

1367 4265 1368 4352 l

1365 4369 1367 4456 l
