2767 4492
235 419 288 485 168
562 417 787 484 unrarursrcur.
803 435 949 482 senensis

220 522 431 596 ,tradiclionem
446 522 591 598 involvit),
614 521 664 580 sed
684 519 789 578 idcirco
811 520 966 594 appelletur
979 517 1027 578 illo
1047 517 1179 591 nomine,
1196 523 1272 595 quod

236 607 365 681 quamvis
375 607 501 666 bonitale
515 607 611 681 aliqua
624 612 751 676 constet,
765 613 857 662 temen
872 604 997 663 maxime
1004 619 1176 678 propensum
1192 604 1272 668 sitad

235 692 360 751 malum:
376 693 406 751 in
418 693 474 752 hoc
488 693 573 762 etiam
586 706 669 752 sensu
685 689 920 748 absurdissimum
930 704 992 747 esse
1005 687 1190 749 convincitur.
1201 691 1273 752 llam

236 794 287 838 eus
298 795 315 837 a
325 778 403 837 nulla
412 778 579 852 productum
592 793 687 850 causa,
700 775 750 834 sed
761 775 919 833 necessario
929 780 958 833 et
967 791 985 832 a
993 789 1025 833 se
1035 775 1170 849 existens,
1180 779 1272 836 omni·

231 863 286 922 bus
297 863 516 938 perfectionibus
525 862 627 922 instrui
637 856 758 936 oportet3
772 859 1009 934 quemadmodum
1019 874 1111 934 nuper
1120 859 1271 935 probatum

233 954 284 1007 est.
294 949 384 1016 Ouare
394 964 452 1008 non
463 950 546 1026 modo
556 949 663 1006 bonum
674 961 737 1005 esse
746 944 839 1017 debet,
855 943 1051 1003 verumetiam
1067 959 1180 1004 summa
1191 962 1271 1019 prae·

232 1033 322 1091 ditum
336 1033 470 1094 bonitate.
486 1032 658 1106 Principium
673 1047 740 1100 ergo
754 1029 824 1088 illud
834 1029 888 1088 erit
898 1029 981 1087 simol
993 1044 1104 1087 summe
1118 1029 1228 1088 malum
1242 1037 1271 1090 et

233 1133 343 1176 summe
357 1118 483 1192 bonum,
500 1119 574 1192 quod
589 1115 836 1175 contradictorium
853 1129 915 1172 esse
926 1129 1009 1172 nemo
1024 1129 1081 1172 non
1093 1112 1179 1173 ridel.

268 1203 409 1261 Accedunt
421 1204 477 1262 buc
492 1203 615 1262 rationes
627 1217 743 1268 omnes,
760 1198 864 1273 quibus
878 1204 976 1257 contra
992 1196 1173 1272 polptbeistas
1186 1199 1270 1274 plura

232 1289 309 1346 entia
323 1287 483 1346 necessaria
496 1295 609 1354 exstare
624 1303 681 1345 uon
699 1300 778 1357 posse
794 1284 1022 1342 monstravimus.
1040 1283 1094 1342 Sed
1104 1283 1270 1346 adeliciam

231 1372 442 1447 disceptationis
458 1380 565 1446 partem
582 1373 739 1430 veniamus.

266 1459 361 1532 Itaque
376 1458 528 1516 absurdam
543 1456 621 1515 illam
636 1454 815 1530 hypothesim
832 1467 926 1528 neque
941 1452 996 1527 ipsi
1013 1451 1153 1512 malorum
1166 1455 1270 1530 origini

231 1543 415 1616 explicandae
435 1558 495 1600 esse
514 1542 632 1614 utilem,
653 1540 788 1614 perlaeile
807 1539 944 1598 iudicium
964 1546 1015 1597 est.
1042 1539 1111 1597 llam
1130 1539 1270 1600 eiusmodi

230 1627 403 1700 principium
418 1641 528 1684 summe
543 1625 651 1686 malum
666 1625 710 1682 vel
730 1639 819 1698 aeque
836 1631 935 1697 potens
950 1623 1104 1682 adstruitur
1117 1639 1151 1682 ac
1164 1625 1269 1699 princi·

230 1710 309 1783 piuui
322 1725 432 1768 summe
446 1710 562 1783 bouum,
581 1709 624 1768 rel
639 1709 747 1768 maiore
762 1709 929 1767 efficacitate
945 1707 1116 1781 praeditum,
1131 1709 1177 1767 vel
1191 1709 1269 1768 deni·

229 1810 284 1866 que
299 1793 442 1852 debiliore.
459 1795 563 1853 Horum
578 1793 650 1852 nibil
665 1794 726 1850 siue
742 1792 915 1850 absurditate
930 1793 989 1872 dici
997 1798 1096 1867 potest.
1112 1794 1182 1852 Nam
1193 1795 1269 1854 sisa

229 1877 321 1934 cunda
336 1883 384 1935 aul
400 1878 480 1935 tertia
494 1877 615 1951 optionis
630 1893 695 1952 pars
714 1876 845 1949 eligitur,
861 1891 960 1934 eornm
978 1877 1182 1952 principiorum
1199 1879 1270 1940 alte·

226 1967 338 2018 rutrum
354 1962 534 2036 praevaleret
552 1967 636 2035 atque
650 1962 715 2019 ideo
731 1960 843 2019 nonnisi
855 1962 929 2019 bona
944 1966 994 2018 aut
1007 1965 1083 2019 mala
1099 1969 1206 2021 tantum
1223 1979 1269 2023 es·

227 2050 290 2102 sent
306 2046 334 2103 in
350 2046 465 2104 mundo
484 2046 531 2104 Sin
548 2046 639 2121 prima
654 2061 721 2119 pars
736 2045 907 2126 3333311313
929 2051 995 2103 1333
1014 2055 1129 2104 mutuae
1146 2047 1220 2106 vires
1238 2053 1270 2108 et

225 2130 381 2189 contrariae
397 2130 508 2189 illorum
520 2129 723 2206 principiorum
735 2128 944 2200 colliderentur,
958 2134 1044 2202 atque
1054 2129 1117 2188 ideo
1127 2137 1268 2204 quantum

227 2213 294 2272 boni
315 2217 435 2274 altorum
454 2216 601 2290 gigneret,
617 2220 728 2273 tantum
743 2229 760 2272 a
774 2221 949 2288 repugnante
964 2213 1039 2272 malo
1053 2214 1265 2290 destrueretur,

225 2305 253 2355 et
267 2301 341 2372 quod
356 2315 532 2373 consequens
546 2305 597 2368 est,
614 2299 697 2358 malis
711 2299 787 2358 bona
801 2299 970 2365 delentibus,
983 2299 1054 2357 nibil
1071 2307 1247 2374 exsurgeret.

219 2435 225 2450 ,
261 2385 396 2443 decrero
415 2385 643 2460 Baylelucratur
660 2385 785 2459 aliquid,
802 2399 868 2442 cum
887 2383 970 2456 lingit
986 2385 1042 2442 duo
1060 2384 1110 2443 illa
1127 2385 1267 2461 principia

224 2467 299 2528 inter
317 2485 346 2527 33
362 2469 459 2528 loedus
474 2470 615 2543 quoddam
631 2469 747 2543 iniisse,
763 2484 800 2526 ne
814 2470 985 2526 alterutrum
1000 2485 1018 2526 a
1032 2469 1092 2527 suis
1110 2471 1266 2543 producen-

225 2553 268 2611 dis
283 2553 429 2612 ellrctibus
444 2553 636 2627 impediretur.
657 2555 728 2614 Nam
745 2547 905 2628 percontari
923 2552 990 2611 licet
1004 2568 1041 2612 ex
1055 2554 1117 2627 ipso
1132 2569 1203 2614 uum
1217 2571 1265 2630 pa·

227 2640 281 2696 3113
298 2638 346 2696 1113
364 2638 439 2698 bona
453 2638 507 2712 311,
526 2653 562 2696 an
578 2653 671 2696 secus.
693 2637 721 2696 Si
740 2637 816 2695 mala
829 2644 890 2711 est;
914 2653 931 2695 a
945 2638 1084 2712 principio
1098 2638 1173 2699 bono
1187 2654 1265 2699 acee-

228 2723 301 2794 ptari
317 2738 373 2780 uon
391 2723 499 2798 potuit;
516 2721 656 2796 siquidem
670 2721 726 2781 boc
739 2721 853 2780 nonnisi
872 2722 908 2779 ad
926 2722 1032 2781 bonum
1051 2723 1263 2783 determinatur.

227 2807 352 2880 itemque
370 2807 394 2865 si
412 2805 551 2880 principio
566 2806 640 2864 bono
654 2821 712 2865 non
727 2812 866 2879 repugnat
884 2806 978 2865 sinere
997 2813 1029 2864 ut
1042 2812 1155 2866 exstent
1169 2807 1262 2880 mala,

226 2891 286 2948 iarn
309 2893 340 2950 in
358 2891 468 2964 origine
486 2891 625 2949 malorum
644 2891 815 2965 explicanda
832 2889 1004 2965 principium
1028 2907 1141 2951 summe
1157 2891 1265 2952 malum

225 2991 467 3048 superuacaneum
482 2976 543 3035 erit.
565 2976 674 3049 Optime
689 2976 767 3034 enlm
786 2975 834 3032 illa
853 2975 989 3049 explicari
1004 2982 1136 3052 poterunt
1150 2993 1188 3037 ex
1201 2993 1264 3052 per·

224 3059 358 3118 missione
373 3060 504 3135 principii
519 3061 606 3133 boni,
622 3067 650 3118 et
665 3077 701 3119 ex
717 3060 798 3119 finita
812 3061 954 3119 activitale
968 3075 1065 3120 rerum
1083 3069 1261 3136 creatarum,

211 3159 297 3226 ¹quae
308 3143 427 3203 delicere
438 3145 468 3203 in
479 3145 587 3219 agendo
603 3151 729 3218 possunt.
746 3146 794 3204 Sin
805 3160 871 3204 uero
888 3154 1000 3218 pactum
1012 3145 1199 3206 illudbonum
1209 3153 1262 3220 333

223 3229 347 3302 prolecto
361 3243 419 3286 nou
434 3230 524 3302 potuit
539 3230 676 3304 principio
691 3245 803 3288 summe
818 3230 893 3288 malo
908 3245 1072 3304 congruere,
1082 3231 1159 3304 quod
1173 3231 1200 3289 ui
1216 3247 1265 3289 na·

224 3321 303 3372 lurue
320 3313 347 3371 13
364 3313 470 3372 malum
487 3315 641 3387 propendet
656 3321 774 3372 tantum.
792 3314 926 3372 Similiter
940 3315 964 3372 si
979 3313 1087 3373 bonum
1099 3321 1142 3374 aot
1155 3315 1267 3389 pacisci

223 3405 255 3455 ut
269 3398 343 3456 mala
358 3398 469 3471 deutur,
486 3413 545 3470 seuq
562 3399 634 3470 quod
649 3399 746 3456 minus
760 3400 845 3457 eliam
861 3405 913 3473 est,
929 3414 963 3457 ea
977 3400 1156 3474 permittar-03
1172 3415 1263 3474 appa·

221 3483 696 3557 131113133131133131333331313
714 3483 821 3541 malum
840 3484 882 3541 ad·
894 3483 1036 3542 malorum
1053 3485 1192 3560 originem
1211 3502 1264 3545 ex·

223 3565 383 3638 plicaudam
407 3567 599 3640 nequidquam
617 3565 732 3639 induci3
758 3569 899 3641 siquidem
924 3569 993 3627 satis
1015 3569 1069 3628 erit
1087 3571 1265 3644 principium

223 3662 334 3706 sumine
348 3650 463 3724 bonum,
475 3651 550 3724 quod
565 3649 639 3709 mala
654 3649 749 3724 aliqua
763 3668 800 3709 ex
815 3653 926 3711 deiectu
942 3659 1101 3712 creatorum
1115 3655 1268 3728 agentium

223 3733 292 3790 oriri
307 3736 438 3807 poliatur.
459 3735 585 3811 Denique
599 3735 710 3794 nullum
725 3741 767 3794 est
781 3738 889 3796 malum
902 3739 934 3797 in
947 3740 1055 3799 mundo
1068 3741 1145 3814 quod
1162 3741 1194 3799 in
1211 3741 1267 3800 bo

222 3834 293 3878 num
312 3825 435 3882 converti
454 3829 593 3897 nequeat,
617 3821 749 3895 quodque
766 3820 873 3882 bonum
892 3825 1005 3899 aliquod
1024 3841 1186 3885 connexum
1204 3826 1268 3888 sibi

222 3919 280 3963 non
298 3902 409 3964 habeat.
435 3908 468 3966 bl
486 3907 592 3966 idnon
609 3906 802 3982 contingeret,
820 3907 844 3967 si
862 3924 880 3966 a
896 3909 1036 3983 principio
1054 3925 1165 3970 summe
1182 3908 1268 3971 malo

221 3987 393 4070 procederet.
419 3992 488 4050 llam
509 3991 643 4066 principii
666 3997 798 4052 naturam
818 3993 985 4066 excederet,
1001 3995 1077 4067 quod
1090 3994 1206 4055 nonnisi
1220 3996 1269 4062 ad
