2767 4492
233 246 270 308 90
691 251 820 302 marcas

232 350 267 404 ut
282 343 340 404 alia
352 341 538 406 nummardo
551 341 675 402 revocet.
692 338 801 401 Deinde
819 340 932 400 stanni
948 341 977 400 in
994 342 1154 410 ratiociniis
1175 343 1282 419 tongie

230 430 323 502 ribus,
339 428 444 506 quibos
459 429 568 485 remota
581 424 735 484 admodum
751 424 789 482 ab
804 425 917 485 iudiciis
939 427 1113 491 immediate
1128 428 1218 488 illatio
1232 429 1282 490 de·

232 515 367 587 ducitur,
387 509 519 576 adiuvari
536 523 619 568 mens
636 509 777 570 memoria
796 508 912 584 debeat;
934 517 1030 572 amen
1051 511 1284 576 rau'ociuationes
1377 511 1378 534 *

233 606 301 658 aute
319 598 523 668 instituisset
543 594 700 656 memoriae
721 595 948 670 commendatas,
969 596 1090 672 iterum,
1106 598 1133 656 si
1148 599 1229 672 velit,
1246 599 1284 660 ad

232 698 357 743 examen
372 681 520 741 traducere
534 679 610 754 potis
622 683 674 739 est.
691 679 818 754 Demque
834 681 938 740 iactata
951 683 1107 742 memoriae
1126 683 1284 762 lallibilitas

232 769 299 842 plus
313 783 405 840 aequo
425 769 623 839 exaggeratur.
640 765 715 823 llaec
729 765 807 822 enim
828 765 985 824 lallibilitaa
999 767 1030 824 in
1050 767 1103 826 boc
1124 769 1209 827 unice
1229 769 1284 827 sita

234 857 287 925 est,
300 852 374 926 quod
384 850 476 908 multe
489 849 558 908 olim
569 849 669 908 leviter
682 849 798 924 cognita
812 849 1007 922 oblitereutur,
1020 865 1079 909 uon
1087 867 1181 924 pauca
1194 853 1283 912 etiam

233 935 392 996 dubitando
407 933 633 1006 meminerimus,
645 937 730 1006 atque
745 933 775 990 id
789 933 884 1006 ipsum
898 933 1090 993 conscientiae
1105 936 1230 996 evidenti
1245 942 1284 997 te-

233 1020 368 1082 stimonio
382 1019 592 1079 manifestatur.
603 1019 754 1092 Nunquam
764 1031 831 1076 vero
841 1017 872 1076 in
883 1019 938 1076 boc
952 1018 1091 1094 consistit,
1107 1020 1192 1094 quod,
1204 1022 1283 1082 nullo

233 1105 429 1165 intercedente
442 1102 657 1175 impedimento,
673 1102 780 1162 referat
795 1106 941 1175 tamquam
954 1109 1063 1162 certam
1077 1119 1139 1162 rem
1153 1105 1282 1180 dubiam,

235 1194 286 1246 aut
298 1187 369 1246 alias
383 1202 441 1246 non
455 1192 629 1260 perceptam.
642 1185 722 1253 Quod
737 1186 761 1243 si
776 1186 890 1259 quaudo
899 1188 953 1245 boc
968 1188 1114 1246 nonnullis
1129 1190 1243 1264 accidit,
1254 1191 1285 1250 id

154 1309 160 1315 ι
233 1288 294 1333 non
307 1288 345 1331 ex
364 1277 467 1330 natura
485 1270 564 1330 illius
581 1270 740 1344 iacrdtatis,
757 1270 806 1330 sed
825 1286 862 1332 cs
881 1271 1074 1346 imprudentia
1089 1277 1195 1333 temere
1209 1274 1284 1333 iudi-

235 1356 327 1418 cautis
340 1361 426 1432 atquc
440 1371 478 1414 ex
491 1355 604 1414 debitae
618 1354 855 1417 considerationis
870 1356 997 1421 walia
1011 1357 1175 1429 confingere
1189 1358 1284 1418 dicen

233 1442 303 1502 dum
318 1447 370 1500 est.
383 1440 516 1501 demuma
530 1440 608 1500 enim
621 1446 651 1498 et
664 1441 728 1513 ipsa
743 1441 933 1514 cognoscendi
948 1441 1069 1500 facultas
1083 1446 1135 1513 est,
1153 1441 1189 1499 ad
1203 1441 1284 1502 ideas

233 1525 402 1600 praeteritas
416 1525 590 1584 revocandas
605 1524 681 1584 deta.
698 1525 779 1584 llulla
794 1529 889 1584 autem
905 1525 1025 1584 facultas
1040 1525 1117 1584 circa
1135 1525 1283 1600 proprium

233 1610 390 1682 obiectum,
407 1608 432 1666 si
445 1609 500 1666 rite
513 1608 692 1680 adhibeatur,
709 1607 770 1666 lalli
785 1613 885 1682 potest.

270 1694 416 1753 amictu.
434 1693 463 1751 Si
473 1693 515 1752 vis
529 1692 673 1753 ratiocinii
687 1693 882 1768 perpendisse,
894 1693 1038 1754 videbitur
1051 1695 1176 1768 proiecto
1186 1695 1283 1771 ipsum

234 1778 304 1839 illuc
318 1778 456 1850 revocari,
472 1782 504 1836 ut
522 1776 695 1852 particulare
711 1793 748 1836 ex
767 1777 923 1838 universali
944 1779 1079 1838 deducat:
1096 1779 1201 1854 quippe
1217 1795 1283 1844 cum

233 1878 333 1924 moues
346 1861 537 1922 ratiocinandi
552 1861 630 1922 modi
641 1861 678 1919 ad
692 1860 890 1935 syllogismum
905 1861 1031 1936 aliquem
1044 1863 1226 1922 reducantur.
1239 1865 1283 1922 lt-

232 1949 284 2024 qui
297 1948 369 2008 haec
382 1946 584 2021 progrediendi
597 1945 671 2008 ratio
684 1951 805 2016 naturae
819 1946 944 2006 bominis
959 1946 1127 2022 refragatu,
1143 1949 1226 2008 emus
1240 1953 1284 2008 est

231 2048 269 2092 ex
283 2031 504 2106 pmtimliaribus
518 2031 556 2090 ad
570 2030 744 2089 universalia
759 2029 902 2090 devenire.
919 2031 991 2105 Ergo
1005 2037 1059 2090 etc.

268 2117 350 2190 Resp.
370 2116 454 2174 Corte.
474 2114 581 2174 Maiis.
597 2114 638 2175 bd
658 2114 730 2172 llic.
753 2113 825 2174 uter.
846 2113 928 2174 cuius
947 2119 991 2174 est
1008 2129 1046 2173 ex
1063 2115 1283 2190 particularibus

231 2201 268 2259 ad
283 2200 458 2264 universalia
471 2199 606 2260 devenire
621 2199 653 2258 in
670 2198 790 2258 obiectis
810 2199 1067 2274 apprehendendis,
1084 2216 1179 2274 cooc.;
1194 2199 1225 2260 iu
1240 2201 1283 2260 in-

234 2285 361 2346 ferendis
376 2285 500 2357 iudiciis,
511 2299 594 2356 stepo.
605 2284 792 2350 Adversarius
806 2283 863 2344 duo
877 2283 952 2344 iuter
961 2299 992 2344 se
1007 2284 1160 2344 admodum
1171 2285 1284 2344 diversa

232 2369 396 2430 malundit:
412 2369 541 2428 ordinem
557 2383 655 2428 rerum
670 2368 929 2442 percipiendarum,
943 2385 1017 2443 quae
1032 2369 1188 2444 cognitioni
1202 2383 1284 2444 prae·

231 2453 301 2512 bent
314 2454 439 2526 initium,
455 2458 485 2512 et
498 2452 630 2512 ordinem
647 2452 822 2512 iudiciorum
841 2452 1082 2512 deducendorum.
1101 2453 1183 2512 illum
1198 2454 1283 2512 talem

231 2538 451 2611 csselargimur,
463 2542 496 2595 ut
505 2536 754 2611 sparticularibus
763 2537 800 2595 ad
810 2537 985 2596 universalia
995 2538 1169 2612 gradiamur.
1183 2537 1280 2601 Omnis

231 2622 309 2680 enim
324 2621 448 2695 cognitio
463 2622 590 2682 bumana
605 2638 623 2682 a
636 2637 724 2682 seusu
737 2622 856 2696 incipit3
875 2637 976 2684 sensus
991 2629 1087 2682 autem
1101 2623 1178 2680 circa
1196 2622 1283 2698 parti·

231 2706 487 2780 culmiaversatur,
500 2707 631 2782 aquibus
645 2721 729 2766 mens
744 2723 812 2768 suas
821 2707 901 2766 ideas
915 2707 1093 2768 universales
1107 2723 1160 2782 ope
1175 2707 1282 2766 abstra-

231 2792 334 2853 ctionis
347 2791 488 2855 efformet.
505 2793 610 2852 lerum
624 2793 679 2852 boc
693 2793 763 2866 quia
777 2792 892 2866 longam
911 2792 1134 2866 explicationem
1154 2792 1282 2866 exigeret

229 2883 259 2936 et
272 2877 429 2952 ideologiae
444 2877 563 2936 mauvia
578 2883 630 2950 est,
647 2878 678 2936 in
693 2878 842 2951 proprium
856 2877 952 2936 locum
966 2877 1141 2950 differimus,
1158 2877 1205 2938 bic
1221 2881 1281 2938 tau-

230 2968 292 3022 tum
305 2962 414 3036 aliquid
428 2962 557 3024 innuisse
571 2963 609 3022 sit
622 2962 702 3023 satu.
717 2962 752 3026 At
764 2976 832 3023 cum
843 2967 941 3022 contra
951 2977 1009 3022 nou
1024 2962 1060 3021 dc
1071 2961 1283 3036 cognitionibus

229 3048 387 3121 generatim
402 3045 594 3120 acquirendis,
611 3047 663 3105 sed
676 3047 712 3106 de
728 3046 903 3108 deducendis
918 3045 1086 3106 veritatibus
1100 3047 1203 3120 agitur,
1221 3045 1283 3104 ani·

230 3148 295 3191 mus
308 3145 405 3193 noemr
417 3132 566 3191 inversum
580 3131 673 3204 pergit
686 3131 751 3192 iter.
763 3131 803 3190 lb
819 3131 1072 3192 universalioribus
1087 3131 1224 3193 nimirum
1236 3129 1279 3188 iu-

230 3215 322 3290 diciis,
339 3217 444 3291 quibus
459 3214 631 3289 implicitum
646 3215 748 3274 wtem
758 3215 950 3289 praebeamus
961 3231 1120 3288 maenam,
1132 3215 1167 3274 ad
1181 3213 1278 3274 minim

231 3301 406 3364 universalia
424 3299 640 3371 descendissem
657 3299 746 3372 idque
765 3315 808 3358 er
829 3300 893 3373 ipsa
911 3301 1054 3360 ratiocinii
1066 3305 1175 3370 natura
1193 3298 1284 3372 repeti

229 3387 324 3459 debet,
339 3390 373 3445 ut
385 3400 423 3444 ex
436 3387 483 3459 iis,
502 3399 577 3458 quae
593 3385 625 3444 iu
644 3384 729 3442 tertio
743 3381 910 3442 dialecticae
925 3385 1016 3458 capite
1031 3385 1107 3444 dicta
1122 3389 1197 3457 suut,
1215 3382 1283 3442 satis

231 3485 374 3543 supermae
384 3469 536 3543 colligitur.
552 3471 608 3530 Nec
622 3468 690 3527 huic
705 3468 747 3526 rei
762 3467 843 3526 obest
857 3467 1022 3544 quidquam,
1038 3470 1115 3544 quod
1128 3467 1280 3544 aliquando

229 3554 262 3612 iu
275 3554 564 3614 demonstrationibus
578 3553 722 3627 andraea
734 3551 868 3612 methodo
883 3553 1020 3612 coniectis
1035 3553 1149 3629 [quales
1168 3551 1280 3628 potissi-

230 3652 311 3724 mum
324 3644 391 3699 sunt
404 3655 466 3712 eae,
482 3653 558 3713 quae
569 3655 617 3698 ex.
630 3653 674 3712 gr.
690 3637 722 3696 in
738 3635 855 3708 atgcbra
869 3637 1022 3712 aliquando
1038 3638 1099 3698 sveri
1114 3637 1219 3710 solem)
1234 3633 1284 3694 ali-

232 3727 277 3780 ter
289 3721 414 3783 lectitari
435 3723 576 3783 videaavr.
594 3723 665 3783 Nam
678 3723 704 3782 si
719 3727 850 3782 accurate
865 3722 1121 3784 demonstrationes
1135 3721 1200 3780 illae
1214 3723 1284 3794 iper·

230 3805 402 3881 pendeant,
417 3811 447 3868 et
461 3807 498 3867 ad
510 3807 633 3871 [ormam
643 3806 824 3868 dialectimm
837 3811 1016 3879 revocentur,
1032 3806 1141 3882 patemt
1155 3805 1281 3882 protecto
