2767 4492
228 335 272 400 tt*
667 347 834 395 umnam

233 436 293 494 «in
307 435 410 494 virtute
423 434 533 510 primae
547 447 659 494 causae.
677 433 753 502 Quod
771 437 867 492 autem
881 431 954 492 ratio
974 431 1102 492 humana
1123 433 1161 493 sit
1173 435 1274 509 regula
1330 423 1336 432 ’

195 561 200 570 .
233 545 245 573 «
262 519 414 579 voluntatis
429 519 580 591 humanae,
597 535 634 576 err
648 534 706 593 qua
719 518 782 577 eius
797 518 909 577 bonitas
924 522 1119 593 mensuretur,
1135 517 1222 578 habet
1235 536 1274 579 ex

234 628 245 657 r
263 605 325 678 lege
340 609 456 663 aeterna
470 617 542 678 quae
553 603 676 662 estratio
691 603 798 661 divina.
816 603 892 662 Unde
906 603 937 661 in
952 603 996 661 Ps.
1013 603 1048 662 46
1058 602 1274 665 diciturzdiuttt

234 713 244 741 r
262 688 364 747 dicaret
385 688 452 762 quis
470 687 611 746 abstrudit
621 687 704 746 nobis
720 687 987 762 bonoiSipooturn
1001 695 1042 746 ert
1057 703 1147 762 super·
1164 688 1272 747 mera

234 796 245 826 ι
262 771 438 832 arenvoltur
454 772 508 846 tui,
524 772 663 846 Domina
674 773 756 848 qnasi
766 771 886 830 diceret:
898 773 1005 831 Lumen
1019 772 1147 844 rationis,
1156 771 1273 848 quodin

234 882 245 911 ι
262 857 344 916 nubis
360 861 415 930 est,
426 857 462 923 ‚in
474 861 584 916 tantum
593 862 685 931 potest
695 856 778 914 nobis
793 856 941 915 ostendere
953 856 1031 914 bona
1044 861 1073 914 et
1087 861 1213 915 nostram
1226 872 1273 915 ro·

234 967 245 996 a
263 943 398 1002 luntatem
410 943 556 1016 regulare;
569 943 601 1000 in
612 948 751 1016 quantum
759 947 801 1000 est
810 941 905 1004 tumen
917 941 1011 1000 vultus
1022 941 1073 1014 tui,
1085 941 1274 1000 idestarultn
1371 960 1372 965 ¹

234 1053 245 1080 α
264 1033 311 1088 tuo
321 1025 580 1088 derivatum.‘tinde
590 1027 774 1085 manifestum
788 1032 831 1084 est
842 1025 918 1100 qnod
929 1023 1019 1084 multo
1032 1026 1124 1100 magis
1134 1025 1273 1099 dependet

235 1136 245 1166 ι
262 1113 374 1173 bonitas
393 1111 545 1173 voluntatis
556 1109 645 1188 alege
656 1117 781 1184 aeterna,
799 1125 887 1188 quarn
899 1110 1034 1171 aratione
1049 1110 1176 1170 humana
1191 1111 1216 1163 t.

340 1283 523 1346 Goodite'oaee
537 1285 599 1350 rina
618 1283 728 1360 potior
752 1289 836 1343 ocem
849 1281 973 1342 moratu
987 1295 1048 1345 ooo
1061 1280 1165 1341 detur.

264 1455 307 1514 tt.
325 1455 465 1514 Metelites
486 1457 529 1514 est
547 1454 659 1516 attecno
674 1459 754 1514 actus
772 1454 907 1528 humani,
927 1469 979 1513 seu
993 1456 1073 1512 actrrs
1092 1451 1142 1530 uui
1157 1467 1217 1512 non
1229 1457 1274 1512 ut-

231 1555 353 1614 cumque
368 1529 501 1613 proterat
515 1539 551 1598 ab
560 1540 675 1599 homine
685 1540 736 1599 sed
750 1538 1018 1614 procedathumano
1029 1537 1123 1598 modo.
1134 1538 1274 1612 despectu

232 1631 326 1684 autem
341 1625 459 1684 actionis
474 1625 666 1698 exercendae,
689 1630 721 1684 ut
734 1625 804 1684 scite
818 1624 939 1684 aduertit
954 1625 981 1683 S.
992 1623 1111 1682 i'tromas
1125 1625 1157 1696 ²,
1173 1623 1204 1681 in
1218 1622 1273 1682 hou

153 1762 156 1768 .
231 1709 316 1766 tremo
338 1707 433 1766 differt
449 1723 467 1766 a
481 1707 582 1766 ceteris
604 1707 699 1767 causis
723 1707 833 1766 ratione
846 1707 1026 1781 carentibus,
1042 1707 1118 1780 quod
1135 1706 1172 1766 sit
1184 1706 1273 1766 dorni·

231 1809 287 1852 nus
301 1809 417 1853 suorum
432 1798 558 1852 actuum.
575 1793 624 1852 list
639 1809 705 1852 vero
721 1793 853 1852 dominus
868 1797 1109 1870 suorumactuum
1126 1807 1178 1868 per
1189 1792 1274 1851 ratio

231 1893 298 1936 nem
313 1877 538 1951 et‘roiuntatem3
557 1881 641 1952 atque
656 1877 795 1939 ideoideo
810 1878 936 1937 actiones
949 1878 1062 1954 proprie
1076 1876 1210 1938 dicuntur
1219 1876 1273 1934 hu·

232 1977 349 2036 manae,
366 1977 439 2036 quae
454 1977 471 2020 a
485 1960 628 2020 voluntate
649 1961 806 2020 deliberata
826 1963 991 2041 procedunt.
1007 1962 1073 2022 litae
1088 1966 1186 2021 contm
1200 1977 1274 2041 quae

233 2045 315 2106 aliter
328 2045 413 2119 flunt,
434 2046 567 2105 dicuntur
582 2045 674 2121 potius
697 2051 778 2105 actus
795 2045 919 2105 hominis
934 2061 1020 2122 quam
1041 2052 1120 2108 actus
1143 2045 1272 2105 humani.

232 2131 303 2190 Hinc
317 2136 394 2206 patet
407 2131 530 2206 primam
544 2131 737 2190 conditionem
750 2129 786 2190 ad
798 2130 987 2192 moralitatem
1001 2132 1169 2206 requisitam
1178 2131 1207 2188 in
1219 2130 1274 2191 iton

233 2216 311 2274 cerni
326 2215 401 2290 quod
416 2221 495 2275 actus
505 2215 542 2274 sit
556 2215 637 2274 iiber.
650 2215 742 2284 tiuare
759 2215 884 2286 aciones
899 2231 1054 2290 puerorum
1067 2222 1133 2275 ante
1147 2214 1275 2294 explica-

150 2315 152 2322 ’
233 2304 293 2358 tum
306 2299 423 2360 rationis
435 2315 537 2376 usum,
554 2305 603 2360 eut
617 2315 690 2376 quae
705 2301 737 2360 in
752 2315 852 2362 somno
867 2304 1054 2370 excercentur
1072 2306 1122 2360 aut
1136 2300 1272 2382 amentia,

232 2383 389 2445 moralitate
408 2385 565 2459 privantur.
772 2443 778 2450 .

268 2469 361 2531 Altera
379 2470 502 2530 conditio
517 2475 560 2530 est
580 2474 612 2530 ut
631 2470 814 2530 conformitas
828 2471 874 2530 rel
888 2471 1056 2532 difformitas
1071 2472 1190 2532 actionis
1207 2486 1276 2532 curn

234 2553 332 2614 urdine
346 2570 443 2614 rerum
460 2572 511 2630 per
529 2555 668 2616 radonem
687 2555 864 2630 advertatur3
881 2571 962 2616 secus
977 2555 1093 2615 libertas
1107 2571 1180 2630 quae
1194 2571 1277 2615 exer-

233 2644 325 2712 cetur,
341 2640 539 2720 nonrespiciet
550 2645 649 2700 actum
668 2645 752 2713 prout
762 2640 878 2701 moralis
892 2645 944 2700 est.
960 2641 1032 2699 Hinc
1050 2640 1091 2712 si,
1107 2639 1276 2700 reflexionis

232 2725 344 2786 deiectu
359 2731 409 2784 aut
424 2724 593 2798 ignorantia,
610 2704 668 2784 ndu
684 2725 823 2798 cogitetur
841 2725 892 2784 ilia
906 2723 1089 2800 congruentia
1107 2721 1150 2782 rel
1165 2723 1277 2783 discre-

232 2802 329 2884 pontia
343 2809 461 2868 aetionis
483 2825 549 2868 cum
563 2809 676 2882 ordine,
702 2815 770 2868 tunc
784 2809 854 2868 licet
869 2814 950 2874 actus
963 2808 1051 2871 libere
1064 2811 1207 2880 exeratur,
1223 2807 1277 2867 bo-

232 2895 351 2954 nitatem
369 2899 398 2953 et
415 2895 553 2954 malitiam
568 2910 625 2953 non
644 2894 803 2954 conuehet.
825 2894 880 2953 Sic.
901 2911 947 2953 ex.
968 2909 1010 2968 gr.
1027 2892 1125 2968 siquis
1138 2892 1198 2966 die,
1216 2909 1277 2967 quo

230 2992 295 3036 esus
310 2978 439 3036 carnium
456 2984 574 3052 vetatur,
590 2978 789 3053 prohibitionis
804 2979 907 3046 obiitus
921 2993 1022 3038 carnes
1038 2977 1150 3052 ederet;
1168 2977 1195 3036 is
1208 2977 1278 3038 lieet

233 3059 323 3120 iibere
336 3067 510 3136 operaretur,
522 3069 617 3122 tamen
632 3069 727 3122 actum
738 3064 846 3122 malum
857 3067 1052 3143 nonpnneret;
1061 3063 1129 3136 quia
1141 3061 1204 3122 eius
1213 3076 1277 3121 ma-

232 3144 323 3204 litiam
338 3161 395 3204 non
410 3146 539 3206 advertit.
550 3147 631 3208 Aliud
646 3148 724 3208 enim
737 3154 780 3208 est
789 3146 933 3208 moralitas
948 3152 1045 3221 acuis,
1062 3145 1139 3206 aliud
1148 3146 1209 3206 eius
1223 3161 1276 3205 en-

234 3229 298 3290 titas
312 3231 390 3294 tuers
405 3229 530 3304 physice.
551 3233 638 3300 Unde,
655 3233 863 3292 cumroluntas
875 3233 907 3292 in
917 3232 1047 3306 ignotum
1061 3231 1130 3292 terri
1139 3237 1275 3305 nequeat,

232 3315 294 3376 eius
303 3314 419 3376 libertas
429 3330 486 3394 non
495 3317 737 3390 exarueruncirca
746 3317 912 3391 puritatem
920 3317 1024 3378 obiecti
1034 3316 1275 3395 quaeignuratur.

565 3485 729 3547 rotamur
744 3477 938 3564 asparem.

269 3656 313 3716 23.
326 3657 427 3716 Contra
437 3658 549 3718 tertiam
559 3657 780 3732 propositionem
789 3658 831 3719 sic
840 3657 938 3719 obiicit
946 3656 1168 3718 Pudendortiue:
1182 3655 1280 3716 «Cum

237 3761 248 3792 o
265 3739 406 3818 honestae,
422 3741 483 3804 sire
500 3745 655 3811 nenessitas
676 3743 808 3820 moralis,
824 3748 853 3804 et
866 3742 1010 3821 turpitudo
1029 3743 1088 3806 sint
1105 3741 1277 3809 aiiecdunes

279 3922 290 3967 4
314 3926 411 3970 Stemma
427 3927 503 3973 ideal.
519 3926 530 3971 4
548 3927 572 3988 2,
588 3943 610 3988 q.
631 3927 669 3991 49,
686 3931 727 3975 nrt.
746 3929 770 3975 4.

280 3995 370 4056 mid,
388 3997 399 4044 4
417 3997 444 4062 2,
460 4014 482 4062 ς.
498 3998 524 4061 4,
538 4004 583 4058 ut,
598 4001 622 4048 4.
