2767 4492
488 361 545 407 ssu
560 351 734 407 ourocuon

419 530 585 590 Solvuntur
602 531 796 605 diffioattotes.
840 523 844 528 ’

119 699 165 759 tt.
178 700 295 773 lnqrdes
309 701 329 759 l.
346 715 399 760 nos
414 700 520 759 babere
534 701 630 760 ideam
644 699 728 774 spatii
743 699 891 762 cuiusdam
913 705 941 758 et
956 699 1133 759 extensionis

84 783 225 859 1111111111,
242 799 315 858 quae
330 784 490 858 concipitur
507 791 540 845 ut
555 784 699 859 capacitas
713 782 942 858 recipiendorum
965 798 1127 859 corporum,

85 867 192 927 trinam
206 870 316 928 babens
330 869 549 942 dimensionem,
569 867 600 928 in
615 868 748 942 tondum,
770 867 875 937 taloan,
891 874 919 928 et
930 869 1129 944 profundiori,

81 952 171 1012 uultis
188 954 317 1013 terminis
331 954 587 1028 circumscriptam.

114 1037 204 1113 ltesp.
221 1040 260 1099 111
274 1055 346 1098 ansa
360 1038 443 1097 detur
456 1038 581 1112 errandi,
599 1042 825 1096 consentaneum
839 1041 883 1096 est
896 1038 931 1098 de
945 1038 1061 1099 notione
1075 1039 1129 1096 bac

79 1121 195 1197 aliquid
208 1124 337 1183 1111111.
353 1123 456 1183 Mirum
469 1123 547 1182 enim
562 1127 606 1180 est
620 1127 796 1195 quantopere
811 1121 842 1180 in
855 1137 890 1181 ea
903 1123 1050 1182 delirariut
1069 1123 1132 1198 pbi-

79 1205 207 1281 losopbi,
220 1215 345 1282 quotque
359 1207 484 1266 absurda
496 1205 675 1279 protulerint.
691 1203 824 1264 Nonnulli
838 1205 924 1279 enim,
940 1212 972 1264 11
992 1207 1130 1280 Clarlrius,

78 1305 113 1348 eo
128 1292 279 1364 progressi
291 1297 369 1362 sunt,
380 1297 413 1348 ut
430 1291 558 1347 dicerent
571 1287 736 1346 huiusmodi
751 1289 957 1361 expansionem
975 1291 1128 1364 infinitam,

75 1373 182 1447 ipsam
205 1389 268 1432 esse
290 1373 514 1431 immensitatem
537 1371 597 1429 bei.
614 1370 667 1428 liii
688 1386 766 1443 uero,
782 1375 815 1429 ut
830 1372 999 1444 (lassandus,
1024 1375 1132 1445 opinati

75 1463 166 1530 sunt,
179 1457 274 1530 ipsam
287 1457 396 1529 aliqrrid
410 1470 472 1514 esse
482 1455 689 1529 incorporeum,
708 1470 766 1513 non
782 1459 877 1514 111111
893 1455 1033 1529 spiritum,
1047 1456 1133 1529 tripli·

77 1542 107 1600 ci
122 1541 308 1599 dimensione
322 1545 465 1612 constans,
483 1540 533 1598 sed
546 1538 757 1613 improductum
772 1544 801 1598 et
815 1554 832 1598 1
846 1540 904 1599 Deo
922 1538 1129 1618 independens

78 1625 135 1684 dlii
152 1625 357 1684 existimarunt
374 1625 498 1698 spatium
513 1625 702 1683 substantiam
718 1625 872 1698 quamdam
884 1639 946 1683 esse
957 1637 1130 1700 corpoream,

81 1709 127 1768 rel
143 1708 248 1767 saltem
262 1709 339 1767 reale
354 1709 472 1782 aliquid
488 1709 538 1767 sed
561 1709 679 1767 erebus
695 1709 835 1767 concretis
855 1707 1026 1766 absolutum.
1050 1708 1133 1768 Deui-

80 1808 149 1867 que,
167 1808 206 1851 ne
220 1807 320 1851 omues
333 1807 510 1866 recenseam,
528 1792 602 1850 Kant
615 1797 694 1850 ratus
709 1798 752 1850 est
762 1791 886 1864 spatium
895 1792 1054 1865 generatim
1068 1808 1131 1852 esse

80 1877 268 1936 intuitionem
281 1877 426 1950 quandam
441 1892 554 1950 puram,
571 1891 623 1935 seu
637 1875 673 1934 ab
689 1877 867 1949 experientia
881 1875 1129 1950 independentem,

83 1969 111 2020 et
125 1963 251 2022 formam
265 1957 462 2021 sensibilitatis
476 1966 622 2033 externae,
642 1961 671 2018 ri
688 1961 770 2019 euius
785 1959 898 2035 singule
907 1975 1025 2034 corpora
1035 1967 1133 2022 11111-

82 2061 115 2104 sa
130 2061 196 2105 esse
210 2047 409 2120 cogitaremus.
435 2045 505 2104 1111
520 2043 702 2103 delirantium
721 2043 873 2118 insomnia,
891 2059 963 2118 quae
984 2045 1132 2106 omuinoa

82 2132 205 2189 veritate
219 2131 386 2189 discedunt!
403 2130 474 2188 Nam
488 2129 582 2188 Kantii
597 2129 694 2202 opinio
708 2129 889 2188 idealismum
904 2129 1022 2202 inducit,
1037 2135 1065 2188 et
1081 2146 1131 2189 ex·

81 2215 245 2274 tensionem
269 2229 420 2292 corporum
437 2213 608 2272 obiectivam
626 2227 644 2270 a
662 2212 823 2284 cognitione
838 2217 935 2271 nostra
953 2228 1069 2287 prorsus
1082 2215 1131 2272 ab·

81 2298 172 2372 legat.
185 2300 298 2358 (1111111
313 2304 409 2357 autem
420 2299 568 2372 opiniones
581 2312 644 2356 rem
657 2297 833 2370 confingunt,
847 2296 1012 2370 quaerimul
1021 2313 1133 2372 compo·

82 2383 137 2441 sita
160 2383 196 2441 sit
216 2389 245 2442 et
266 2383 398 2456 simplex,
415 2382 577 2442 necessarie
591 2385 621 2440 et
634 2382 670 2439 ad
684 2387 779 2440 creata
795 2381 948 2456 pertinens,
965 2381 1133 2453 incorporea

83 2473 110 2524 et
119 2466 349 2527 dimensionibus
363 2471 505 2526 consuas.
515 2467 553 2525 ld
565 2479 718 2539 summam,
729 2469 888 2527 monstrum
897 2469 996 2524 creant
1005 2477 1132 2538 puguan-

84 2552 163 2611 tibus
180 2553 306 2626 undique
320 2552 396 2610 notis
410 2567 445 2610 ac
457 2550 633 2610 multimodis
647 2549 871 2608 absurditatibus
886 2553 1008 2606 scatens.

120 2638 157 2695 uc
169 2637 266 2711 itaque
275 2651 337 2695 rem
353 2638 427 2695 banc
440 2637 626 2711 explicemus,
644 2633 929 2694 animadvertendum
944 2640 987 2693 est
1001 2649 1128 2709 corpora,

84 2736 160 2793 quae
170 2721 392 2796 adspectabilem
400 2722 476 2780 banc
485 2735 582 2780 rerum
592 2721 808 2779 universitatem
817 2719 951 2794 conflant,
964 2725 1029 2792 apte
1038 2720 1131 2792 dispo-

85 2805 140 2864 sita
156 2820 219 2863 esse
232 2805 307 2864 iuter
322 2821 353 2864 so
367 2810 396 2862 et
408 2805 546 2877 ordinata,
563 2805 604 2862 ita
617 2811 649 2862 ut
662 2803 719 2861 alia
733 2802 797 2858 aliis
813 2802 1022 2859 contineantur.
1041 2801 1132 2866 Quare

85 2903 189 2963 corpus
208 2890 283 2961 quod
297 2891 373 2948 iutra
386 2904 454 2946 suas
467 2887 660 2945 dimensiones
676 2883 753 2941 aliud
767 2882 902 2949 11111111,
919 2897 988 2953 erga
1005 2880 1076 2938 illud
1092 2881 1132 2939 vi·

85 2988 137 3032 ces
147 2973 222 3046 gerit
236 2970 408 3042 receptaculi
422 2970 581 3038 cuiusdam,
598 2967 674 3039 quod
688 2967 785 3036 ipsum
799 2963 1016 3022 circumscribat
1028 2967 1057 3021 11
1072 2979 1132 3021 am·

84 3060 237 3130 plectatur.
254 3054 360 3125 corpus
375 3057 470 3108 autem
484 3050 561 3122 quod
573 3049 651 3106 11111
667 3047 722 3105 alio
736 3047 906 3120 continetur,
918 3047 1012 3121 ipsum
1022 3047 1077 3106 sibi
1089 3051 1133 3105 est

84 3135 301 3212 receptaculum
316 3135 370 3192 sui.
395 3134 465 3192 llinc
486 3131 564 3190 notio
582 3131 613 3189 in
633 3128 716 3204 nobis
731 3129 816 3204 spatii
830 3131 914 3191 realis
937 3131 1130 3204 ingeneratur,

87 3229 232 3297 quatenus
256 3218 435 3293 concipimus
458 3215 649 3276 dimensiones
665 3215 791 3290 corporis
806 3215 891 3276 unius
905 3215 982 3276 aliud
1009 3215 1132 3276 circum·

87 3308 192 3379 dantis,
205 3321 276 3380 quas
291 3305 366 3363 inter
379 3318 483 3378 corpus
498 3300 611 3375 aliquod
626 3300 715 3360 locari
728 3305 828 3376 potest
845 3301 995 3361 autetiam
1009 3300 1134 3374 concipi-

87 3408 153 3453 mus
166 3389 358 3451 dimensiones
373 3388 590 3462 'supertlcierum
604 3386 733 3447 eiusdem
757 3387 893 3461 corporis,
916 3385 992 3460 quod
1005 3385 1133 3444 continet

89 3479 225 3551 seipsum,
240 3488 314 3549 ‘quas
327 3474 403 3534 iuter
416 3472 577 3532 substantia
589 3471 666 3531 illius
680 3487 781 3532 revera
796 3470 915 3530 locatur.
931 3471 965 3530 bt
978 3485 1048 3529 sane
1067 3485 1134 3528 cum

90 3562 214 3635 spatium
228 3560 323 3618 metiri
337 3559 478 3632 uolumus,
494 3557 573 3617 aliud
587 3573 688 3617 reuera
703 3571 761 3615 uon
775 3555 907 3630 iacimus,
924 3555 982 3614 nisi
1003 3554 1078 3629 quod
1092 3555 1134 3614 di-

93 3644 211 3702 stantias
232 3658 280 3702 eas
303 3643 484 3715 dimetamus,
501 3647 637 3716 quaeant
659 3642 734 3701 iuter
749 3645 892 3700 extremas
906 3643 1002 3714 partes
1017 3639 1134 3714 superfi-

92 3730 198 3788 ciemm
212 3728 342 3790 eiusdem
363 3727 499 3801 corporis,
515 3731 565 3785 aut
582 3726 658 3786 inter
670 3724 836 3799 superficies
851 3723 969 3783 11111111
992 3724 1129 3800 corporis,

92 3814 166 3884 quod
179 3813 250 3872 illud
264 3812 362 3886 ambit,
378 3810 566 3870 intercedunt.
589 3810 764 3884 Quapropter
778 3807 903 3882 spatium
916 3808 993 3867 reate
1008 3824 1067 3868 nou
1088 3815 1131 3867 est
1215 3827 1217 3830 ·

93 3897 200 3973 abqoid
221 3897 382 3961 absolutura
396 3896 432 3956 ab
456 3894 527 3970 ipsis
541 3894 707 3970 emporibus
731 3892 897 3956 1111111111
920 3893 1129 3973 medentibus,
