2767 4492
577 315 707 366 sources
897 323 901 331 ·
1130 306 1166 368 65

122 407 279 467 murmuret
292 400 434 466 ¹Cartesius
450 403 474 480 l,
491 409 701 464 consentaneus
715 406 800 479 plane
813 404 939 473 tidelm
954 405 988 466 Et
1001 418 1033 466 rc
1047 407 1165 480 quidem

123 507 208 564 reru,
228 490 363 566 appetitio
383 490 516 563 sensilis,
533 489 643 564 quoties
663 489 738 547 cirea
757 488 868 549 bonurn
889 505 941 566 per
956 507 987 550 so
1006 490 1166 569 inspectum

123 582 260 648 uersatur,
280 574 455 636 considerari
475 579 566 649 potest
584 574 628 634 rel
647 573 679 632 iu
696 572 795 633 ordine
814 574 851 631 ed
870 587 980 634 meram
999 575 1166 650 propositio

122 674 187 718 nom
205 660 309 718 obiecti
332 658 546 731 convenientis,
566 657 792 732 praescindendo
814 658 1017 732 elpraesentia
1038 660 1167 720 eiusdem

121 743 165 803 vel
179 743 321 818 absentia3
339 744 384 802 rel
402 748 493 818 potest
507 743 607 804 reterri
621 743 658 802 ad
672 741 817 802 obiectum
827 741 859 800 in
870 746 1011 823 quantum
1021 743 1167 816 mostrol

123 829 244 903 denique
262 829 294 890 in
314 835 453 904 quantum
472 828 615 888 obiectum
632 843 769 902 praesens
792 831 881 887 estet
906 842 1079 901 possessum.
1095 829 1167 887 Hinc

128 919 184 972 tres
203 920 363 988 exsurgunt
376 913 512 973 allectus:
529 929 635 987 amor,
654 912 850 986 desiderium,
868 910 1033 984 delectetio;
1047 926 1168 985 qnorum

123 999 233 1072 primus
252 998 284 1057 iu
300 1013 380 1057 mera
395 997 600 1072 complacentia
614 995 717 1057 obiecti
732 998 892 1071 reponitnr3
904 996 975 1054 alter
985 995 1014 1055 ln
1025 996 1169 1056 tendentia

124 1082 159 1140 ad
174 1082 254 1156 illud,
271 1089 354 1156 prout
370 1088 413 1142 est
427 1083 547 1157 absens;
569 1083 668 1141 tertius
687 1083 720 1141 in
741 1082 867 1141 iucunda
881 1081 1003 1156 quadam
1025 1081 1120 1155 quiete
1131 1096 1169 1139 ex

124 1166 271 1240 adeptione
287 1167 356 1225 boni
369 1166 544 1226 delectabilis
555 1167 749 1240 proveniente.
761 1164 922 1226 Consimilis
931 1165 1109 1224 ratiocinatio
1120 1165 1170 1223 liat

124 1250 158 1310 de
173 1251 248 1309 mslo
268 1251 355 1310 etiam
366 1251 534 1325 simpliciter
544 1253 732 1326 considerato,
753 1257 782 1310 et
803 1250 845 1310 sic
864 1255 922 1309 tres
937 1249 1009 1308 eliae
1025 1249 1169 1324 oppositae

124 1340 269 1407 emergent
278 1335 440 1406 passiones:
452 1335 564 1404 odium,
577 1338 662 1410 supa,
678 1335 813 1394 censitio.
826 1334 937 1393 Etenim
953 1335 1096 1408 proposito
1109 1349 1168 1392 ma·

124 1415 161 1489 lo,
175 1417 368 1492 aversioquae
383 1420 543 1493 pullulatio
555 1422 691 1495 appetitu,
707 1420 814 1478 dicitur
830 1419 943 1492 odium3
959 1419 1040 1477 uisus
1060 1419 1096 1476 ad
1109 1433 1169 1476 ma·

125 1501 183 1559 lum
201 1502 271 1561 illud
282 1504 459 1577 fugiendum,
472 1505 576 1564 dicitur
597 1507 677 1578 luga,
697 1504 813 1562 tristitie
824 1503 1115 1577 deniqueappellatur
1128 1504 1169 1562 al·

124 1586 215 1644 lectus
230 1586 295 1656 illo,
315 1589 365 1662 qui
385 1589 544 1648 innascitur
562 1605 597 1648 cx
621 1589 785 1663 praeseutia
804 1588 848 1647 rei
871 1588 1071 1647 incommodae
1097 1603 1170 1661 quoe

124 1669 182 1728 inm
202 1686 255 1730 nos
275 1671 389 1740 inuasit.
1048 1738 1053 1748 ⁸

160 1755 236 1822 Ouod
256 1757 281 1815 si
303 1757 412 1817 bouum
430 1763 459 1818 et
477 1759 585 1818 malum
606 1773 664 1818 uon
685 1757 875 1834 simpliciter,
895 1757 946 1818 sed
969 1763 1002 1816 ut
1018 1756 1171 1817 dliiiculter

125 1841 336 1914 cousequeudm
353 1851 402 1901 aut
415 1843 561 1903 vitandum
576 1850 729 1918 spectatur,
747 1843 875 1917 reliquae
889 1841 1015 1916 qrriuque
1025 1841 1171 1915 passiones

125 1924 305 1986 trahebantur
325 1927 361 1986 ad
377 1937 486 2001 partem
501 1929 674 1988 irascibilem
699 1929 884 2002 pertinentes.
905 1929 975 1986 Nam
993 1927 1101 1986 bouum
1120 1925 1169 1985 ob·

125 2016 203 2070 tentu
222 2011 338 2070 dilticile
355 2013 400 2071 sel
419 2014 461 2072 sic
480 2014 623 2087 obiicitur,
646 2013 842 2072 utdillicultas
862 2013 924 2071 eius
938 2011 1109 2088 superabilis
1123 2025 1172 2083 ap·

124 2103 232 2169 pereat,
249 2103 332 2170 atque
348 2097 388 2156 ito
402 2099 546 2157 enascitur
555 2115 635 2172 spes‚·
649 2102 748 2156 contra
763 2114 830 2156 vero
844 2097 1016 2176 desperatio.
1028 2097 1097 2155 ltem
1112 2111 1172 2154 ma-

125 2177 184 2236 lum
196 2179 351 2238 imminens
364 2187 392 2238 et
411 2183 447 2239 ed
463 2183 622 2240 cavendum
641 2181 758 2240 difficile
773 2181 817 2238 rol
833 2181 875 2239 sic
887 2183 1053 2254 proponitur
1064 2185 1096 2238 ut
1106 2179 1172 2238 uisu

126 2262 221 2335 aliquo
231 2263 314 2322 vitari
329 2271 423 2338 quent,
435 2271 463 2324 et
474 2273 541 2324 tunc
552 2266 670 2324 auectus
681 2281 841 2339 exsurgens
851 2267 887 2324 ad
897 2265 1104 2325 removendum
1120 2265 1172 2322 im-

125 2346 320 2420 pedimentum
331 2349 433 2408 dicitur
444 2350 586 2424 sedecim
600 2349 643 2408 vel
659 2349 701 2408 sic
717 2355 836 2425 apparet
846 2355 878 2409 ut
888 2350 1065 2422 diltlcultate,
1082 2364 1171 2424 quam

170 2504 181 2550 l
200 2505 241 2552 ilio
257 2513 332 2554 auetm
352 2506 433 2555 librum
452 2508 479 2556 da
496 2508 634 2572 passionibus
650 2508 774 2556 lucubravit
792 2508 899 2556 trilariam
918 2507 1075 2570 dispartitum,
1091 2506 1115 2550 in
1130 2521 1174 2566 quo

122 2584 195 2628 vetere
209 2581 308 2629 doctriua
323 2585 412 2648 reiecta,
428 2601 507 2634 noram
522 2585 638 2648 quamdam
654 2585 760 2632 theoriam
774 2584 906 2632 substituere
919 2588 1010 2629 conatus
1024 2585 1070 2642 est,
1086 2579 1114 2625 aie
1130 2595 1174 2640 qua

123 2653 165 2702 boo
179 2656 284 2705 iudicium
300 2660 392 2724 protulit
405 2661 547 2709 Thomnsius:
568 2682 577 2705 ι
591 2661 637 2708 Etsi
652 2662 761 2708 Cartesius
776 2660 935 2707 nobilissimam
949 2657 1038 2704 Etbieae
1052 2655 1174 2701 doctrinm

126 2750 136 2773 s
155 2731 182 2778 de
197 2735 334 2797 passionibus
351 2737 420 2784 animi
434 2755 457 2784 so
472 2737 632 2784 demonstrasse
653 2738 757 2800 opinatus
772 2736 857 2796 luerit,
873 2733 967 2779 infinitis
986 2738 1059 2778 umen
1075 2729 1173 2776 eamdem

126 2825 136 2849 a
155 2809 364 2860 commistionibus
381 2813 485 2876 repletam
500 2831 547 2861 asso
562 2813 626 2860 facile
643 2813 730 2858 ostendi
745 2815 824 2874 potest.
840 2830 849 2852 ι
863 2809 1016 2856 Consularem
1026 2824 1049 2870 p.
1062 2807 1087 2870 l,
1099 2823 1119 2852 e.
1131 2805 1171 2868 ll,

122 2880 149 2944 §-
166 2883 205 2928 dd.
1127 2893 1136 2911 s

171 2959 203 3006 Ne
214 2967 285 3028 autem
297 2968 382 3026 ternpus
397 2963 421 3011 iu
436 2966 482 3012 eius
498 2963 628 3012 refutatione
638 2961 720 3010 trusus
729 2967 833 3025 nmmos,
845 2958 886 3008 boo
896 2975 966 3007 uuum
976 2959 1058 3008 sufficit
1072 2956 1171 3006 animad-

123 3038 207 3081 vertere
224 3037 282 3099 quod
299 3042 416 3086 constituat
434 3042 530 3103 primaru
549 3039 665 3101 affectum,
681 3039 720 3101 qui
738 3037 763 3084 iu
782 3037 846 3084 nobis
861 3037 979 3100 excitatur,
996 3053 1044 3084 esse
1064 3037 1173 3084 admiro-

124 3113 218 3158 ts'oreem.
235 3115 264 3159 At
276 3113 391 3162 admiratio
408 3133 452 3163 non
469 3133 495 3163 or
511 3116 607 3162 novitate
622 3116 654 3162 rei
670 3115 800 3179 simpliciter
816 3120 911 3178 sumpta,
927 3114 966 3161 sed
980 3131 1006 3161 ea
1020 3116 1068 3161 eius
1084 3111 1173 3160 raritate
1262 3151 1272 3172 ,

123 3191 146 3233 et
160 3187 277 3235 insolentia
292 3191 410 3239 enascitur.
426 3192 498 3248 Quare
514 3193 558 3240 iam
572 3190 676 3240 subaudit
690 3192 744 3238 alias
760 3192 912 3254 perceptiones
924 3203 1007 3255 rerum,
1018 3205 1110 3254 quarum
1121 3203 1172 3234 eon·

123 3263 216 3310 suetudo
231 3267 304 3312 cursui
321 3272 342 3314 et
358 3267 431 3315 ordini
448 3269 574 3316 altrorsetur
592 3269 707 3332 repentina
722 3267 761 3314 illa
776 3267 900 3331 oppertus,
919 3281 1002 3328 exona
1016 3266 1040 3311 iu
1055 3265 1119 3312 nobis
1133 3280 1172 3311 ea-

123 3339 211 3386 eitatur.
236 3341 344 3396 Quoniam
359 3359 410 3391 vero
425 3345 478 3392 erdo
499 3345 618 3393 affectamus
634 3344 752 3408 respondet
767 3344 840 3390 ordini
857 3342 1006 3405 eopuitionis3
1029 3341 1173 3388 clarissimum

123 3421 158 3464 est
181 3416 348 3466 admirationem
363 3437 409 3468 esse
424 3437 470 3468 non
486 3439 550 3486 posse
566 3423 662 3485 priorum
678 3420 789 3467 allecum.
808 3421 921 3478 Praeterea
936 3419 1051 3464 admiratio
1067 3423 1101 3464 eat
1116 3416 1173 3463 alie·

122 3497 172 3539 clus
188 3495 319 3560 rationalis,
337 3511 381 3544 non
398 3498 516 3546 sensibilis.
535 3499 610 3546 Oritur
625 3498 684 3544 enim
701 3513 727 3543 οι
743 3495 917 3560 apprehensione
932 3499 1023 3542 oreatus
1039 3491 1172 3555 cuiusdam,

124 3571 188 3616 euius
204 3587 268 3619 eausa
285 3589 330 3619 uon
346 3573 420 3624 lateat.
439 3575 500 3622 Unde
516 3577 608 3639 requirit
624 3581 648 3621 ut
664 3591 708 3636 res,
721 3575 778 3620 eirca
794 3589 859 3635 quarn
876 3577 982 3633 versatur,
1000 3570 1136 3632 eoneiplatar
1149 3572 1174 3612 at

123 3644 224 3710 eiieetns,
242 3648 270 3695 de
286 3665 328 3712 quo
344 3651 494 3714 intelligamus
510 3667 557 3700 esse
573 3651 661 3715 quidem
678 3651 774 3713 aliquam
790 3663 886 3712 causam,
904 3646 942 3693 sed
957 3645 1028 3709 qualis
1038 3661 1063 3692 sa
1073 3646 1102 3691 sit
1112 3647 1173 3705 ipsso·

123 3735 207 3769 umus.
226 3725 255 3770 lc
269 3741 320 3774 rere
336 3743 383 3775 reru
399 3729 514 3792 concipere
531 3734 555 3774 ut
571 3727 681 3789 ellectum,
694 3733 716 3773 et
731 3724 759 3772 ad
775 3739 863 3772 esuum
878 3723 1021 3784 detegendam
1036 3721 1125 3768 wudu·
1138 3735 1173 3767 ra·

124 3794 193 3842 tionis
208 3802 241 3844 ast
259 3815 305 3847 nou
323 3817 435 3852 sensuum.
453 3805 510 3867 Ergo
529 3803 637 3851 Carteaius
653 3801 735 3849 ineo
751 3799 898 3849 eonuovmta
913 3805 994 3846 statam
1013 3798 1085 3862 ipsum
1104 3812 1170 3860 quae

124 3869 205 3918 aliems
221 3875 319 3926 nescim.
