2767 4492
225 287 279 346 tta
558 298 946 345 nannenusrceaseacrauts

223 385 337 444 animus
353 383 381 442 vi
399 383 485 442 trium
500 388 688 456 conceptuum
699 398 899 456 supremorum
912 398 964 442 seu
978 383 1182 461 absolutorum,
1199 405 1274 462 quos

224 471 298 527 Kant
312 469 391 528 ideam
406 467 550 542 appellat,
567 472 595 526 et
609 467 643 526 ad
659 469 767 526 formas
779 468 953 528 subiectivas
967 483 1045 528 merc
1059 470 1179 531 reducit.
1200 473 1274 534 Sunt

223 559 336 612 autem:
356 553 420 611 idea
434 561 472 606 aa
488 567 547 626 epo,
563 565 614 610 seu
623 552 742 612 unitatis
756 552 902 612 absolutae
916 552 1053 626 subiecti3
1070 553 1136 614 idea
1148 559 1270 632 mundi,

99 635 109 652 '
223 653 275 698 seu
299 638 416 696 unitatis
434 636 580 696 absolutae
602 637 798 696 conditionum
812 642 1015 710 externarum3
1041 638 1106 696 idea
1122 639 1192 714 Dei,
1218 657 1272 702 seu

224 722 339 782 unitatis
354 721 499 780 absolutae
513 721 710 780 conditionum
724 721 856 781 omnium
873 737 989 794 rerum,
1006 737 1081 795 quae
1098 723 1271 796 cogitatione

222 808 408 882 attinguntur.
425 805 509 863 Porro
524 820 561 863 ox
575 805 630 864 boc
646 805 822 866 formalismo
836 806 893 864 duo
907 805 1056 865 corollaria
1069 806 1194 867 deducit.
1210 808 1271 868 Pri·

221 907 301 950 mum
316 895 360 949 est
373 905 425 948 nos
440 888 549 947 nullam
566 889 759 964 cognitionem
774 891 889 965 asseotri
912 905 996 964 posse
1010 889 1046 949 de
1060 891 1166 964 rebus,
1193 909 1270 967 quac

221 975 413 1048 experientiae
430 989 568 1032 sensuum
582 990 640 1034 non
657 974 865 1048 subiiciuntur,
882 975 982 1049 quales
995 980 1063 1034 suut
1076 975 1167 1043 Deus,
1183 977 1269 1038 liber-

222 1064 264 1116 tas
277 1059 404 1116 bumana
418 1063 447 1116 et
461 1062 555 1116 cetera
569 1057 719 1118 eiusmodi.
732 1059 894 1118 Secundum
904 1065 957 1132 est,
972 1058 1003 1118 iu
1017 1059 1081 1132 ipsa
1090 1059 1268 1134 experientia

220 1143 349 1202 sensibili
362 1158 414 1202 uos
428 1156 485 1200 non
500 1142 646 1216 percipere
660 1144 718 1203 nisi
731 1145 1006 1218 repraesentationes
1019 1149 1130 1202 mutum
1140 1149 1169 1203 et
1177 1145 1267 1218 pleae-

149 1303 153 1308 ·
219 1242 362 1300 oomeoo;
380 1226 491 1285 obiecta
515 1241 582 1284 vcro
596 1227 627 1285 in
642 1243 674 1287 se
694 1243 746 1287 seu
767 1243 907 1288 lacapeno
926 1228 1117 1303 cognitionem
1138 1234 1266 1289 noscam

221 1313 338 1372 omnino
349 1312 519 1386 praetortabi
535 1312 559 1369 ⁴.

604 1483 740 1558 sysoma
757 1482 877 1543 rtcuot

274 1651 334 1712 125.
346 1651 629 1720 lmuscendentalenr
639 1653 733 1712 Kantii
746 1652 926 1710 idealismum
939 1651 1075 1725 perlicere
1089 1653 1208 1710 conatus
1220 1655 1265 1710 est

217 1737 333 1811 Ficbte,
350 1739 449 1798 formis
468 1737 602 1796 omnibus
621 1738 787 1798 subiectivis
809 1738 982 1810 eliminatis,
999 1736 1104 1811 quibus
1119 1737 1264 1795 animusa

218 1821 319 1880 Kantio
332 1822 482 1895 ligabatur,
493 1827 522 1881 et
531 1821 714 1881 consectariis
728 1823 836 1882 ultimis
850 1822 988 1897 deductis,
1001 1836 1075 1895 quae
1088 1837 1127 1881 ex
1140 1821 1188 1880 illa
1200 1835 1263 1878 me·

218 1904 303 1964 thodo
318 1904 504 1980 profluebant.
947 1909 950 1917 '

252 1989 392 2063 Principio
406 1989 492 2062 igitur
505 1991 647 2051 obiectum
661 2008 746 2051 omne
759 1993 894 2065 remouit,
910 1995 939 2051 et
953 1991 984 2050 in
998 1992 1057 2050 solo
1071 1991 1200 2051 subiecto
1213 2007 1262 2051 co-

217 2073 324 2148 gitante
339 2073 477 2147 substitit;
494 2075 645 2149 ipsumque
659 2077 777 2149 cogitari
791 2077 881 2136 voluit
894 2091 952 2136 uon
965 2079 1050 2150 prout
1059 2091 1076 2134 a
1086 2075 1261 2134 couscientia

216 2158 354 2232 empirica
373 2158 494 2217 retertur
509 2163 538 2218 et
550 2161 753 2233 passivitatem
774 2162 928 2237 quamdam
948 2160 1086 2233 includit,
1106 2161 1156 2218 sed
1176 2165 1262 2233 prout

216 2241 535 2317 activitatomcxplicat,
547 2245 626 2304 omni
637 2252 780 2305 summota
794 2246 1011 2320 experimentali
1025 2244 1259 2318 repraesentatio

214 2341 261 2385 ne.
282 2326 378 2400 Ipsum
400 2327 517 2400 proinde
532 2328 573 2388 sic
588 2331 818 2404 consideratum,
834 2347 884 2405 epo
898 2345 1013 2404 parona
1027 2328 1201 2401 nominarit3
1223 2328 1260 2387 ad

214 2411 297 2470 cuius
311 2411 441 2470 notitiam
455 2427 507 2471 uos
521 2415 669 2486 pervenire
684 2415 767 2490 dixit,
781 2416 805 2474 si
820 2415 1020 2489 cogitationem
1035 2413 1072 2472 ab
1086 2412 1166 2472 omni
1180 2412 1259 2472 obie-

106 2543 111 2550 .
214 2499 259 2554 cto
273 2499 301 2554 et
316 2495 442 2554 subiecto
461 2497 678 2570 experimentali
700 2513 868 2573 avocemus,
883 2513 1005 2572 eamque
1019 2513 1107 2571 supra
1120 2497 1260 2568 seipsam

212 2579 392 2638 reflectamus
404 2584 432 2638 el
442 2580 517 2638 velut
532 2581 704 2640 intrinsecus
718 2583 930 2656 complicemus.
946 2582 1092 2641 Eiusmodi
1106 2580 1193 2654 igitur
1206 2596 1257 2654 epo

210 2679 336 2739 purum,
353 2664 394 2721 sic
408 2664 596 2724 abstractione
611 2670 640 2724 et
652 2666 810 2725 reflexione
823 2672 1013 2742 perspectum,
1029 2665 1145 2725 nonnisi
1158 2665 1257 2723 actiti-

212 2751 269 2806 tate
284 2747 408 2821 quadam
422 2748 511 2806 libera
525 2749 685 2821 praeditum
701 2755 761 2822 est3
778 2751 859 2810 cuius
874 2751 1055 2823 adminiculo,
1072 2749 1143 2823 quin
1157 2747 1256 2806 formis

211 2832 277 2890 ullis
292 2847 310 2889 a
324 2837 425 2890 natura
439 2833 621 2892 manantibus
636 2835 848 2909 adstringatur,
864 2833 1137 2908 repraesentationes
1155 2846 1256 2891 omues

212 2923 240 2974 et
249 2916 369 2988 obiecta,
382 2921 441 2973 tum
451 2915 592 2990 principia
607 2924 635 2976 et
649 2919 727 2993 leges
742 2924 828 2994 creat,
839 2919 944 2994 quibus
958 2923 1023 2992 eget
1038 2917 1171 2990 cognitio.
1183 2916 1256 2984 Qua-

210 3015 243 3059 re
257 2999 320 3057 cius
335 2999 474 3057 sententia
496 3016 545 3074 epo
564 3017 680 3076 purum
700 3005 810 3063 acdona
825 3019 877 3063 sua
891 3008 1047 3077 spontanea
1061 3002 1187 3075 seipsum
1206 3014 1256 3072 po

209 3083 262 3156 nit,
280 3087 420 3156 quatenus
435 3098 471 3140 ex
484 3099 560 3156 puro
575 3086 606 3144 in
621 3089 798 3164 eonpiricum
813 3087 969 3159 convertit3
986 3101 1020 3145 ac
1034 3087 1104 3146 dum
1118 3100 1149 3144 se
1162 3082 1253 3157 ponit,

207 3165 498 3241 repraesentationem
513 3169 600 3228 etiam
613 3186 711 3231 rerum
721 3188 739 3230 a
749 3189 780 3232 se
792 3173 990 3232 disdnctarum
999 3169 1175 3244 oppositione
1185 3181 1255 3241 qua·

208 3251 274 3311 dam
289 3253 390 3309 mutua
404 3250 501 3308 allicit.
518 3252 638 3312 Demum
659 3255 829 3315 absolutum
847 3257 943 3331 ipsum
961 3270 1065 3327 nempe
1083 3255 1173 3313 Deum
1189 3266 1254 3325 pro

208 3337 296 3409 ducit,
308 3334 441 3393 dictando
455 3335 630 3410 principium
645 3341 829 3400 causalitatis.
843 3341 875 3400 ln
889 3341 934 3399 bis
947 3339 1082 3399 omnibus
1095 3336 1255 3397 realitatem

207 3435 265 3480 non
280 3419 386 3490 detegit
399 3419 449 3477 sed
463 3418 641 3494 impartitum
660 3438 712 3481 sua
726 3425 844 3485 ennato
862 3424 1071 3498 quodammodo
1086 3437 1153 3481 cum
1166 3420 1253 3480 rebus

208 3503 272 3560 aliis
286 3502 509 3573 communicata3
522 3509 662 3576 quatenus
678 3521 743 3564 com
758 3513 823 3566 ante
837 3508 982 3566 inlinitum
994 3515 1078 3581 esset,
1094 3505 1253 3580 conceptio

206 3599 244 3643 ne
257 3583 432 3644 obiectorum
448 3600 478 3644 se
493 3586 664 3648 determinat
677 3595 707 3648 et
724 3592 805 3664 quasi
824 3593 855 3651 in
873 3592 994 3652 diversis
1017 3591 1165 3653 coustituit
1178 3589 1255 3668 posi·

208 3669 333 3730 tionibus
347 3673 392 3730 rel
407 3670 569 3742 aspectibus
585 3675 610 3730 ².
655 3743 663 3764 ‚

250 3857 262 3901 t
283 3855 374 3902 critica
389 3859 498 3905 nationes
513 3861 600 3908 Poros.

248 3931 264 3980 2
282 3931 380 3980 licerio
394 3934 518 3982 samem.
