2767 4492
188 363 241 423 abt
262 386 266 394 ·
510 366 513 369 ’
632 374 794 417 ennarrans

191 475 279 533 quam
294 474 379 518 nemo
392 459 439 517 ins
452 458 553 531 habet,
570 472 603 515 ac
614 472 692 515 mere
703 458 733 515 in
745 456 871 515 medium
887 455 1015 525 utilitatis
1027 454 1136 513 alienae
1149 458 1239 515 trans·

191 548 339 616 formetur,
355 543 436 617 quasi
451 543 568 601 brutum
583 547 633 599 aut
646 557 698 601 ens
712 540 850 600 inanime.
997 608 1009 629 .

156 653 158 656 ·
205 682 211 693 ,
228 631 324 703 Neque
338 631 384 688 ius
398 628 481 701 belli,
493 628 540 688 eui
551 623 731 702 potissimum
743 626 821 699 origo
836 626 976 703 eiusmodi
990 624 1134 685 servitutis
1152 624 1242 684 tribui

99 786 105 795 Ι
192 714 274 786 solet,
292 713 351 772 vim
361 712 450 772 ullam
464 712 571 771 habere
581 716 690 786 peterat
702 712 738 769 ad
749 726 813 771 eam
825 711 979 784 legitimam
996 716 1025 769 et
1038 709 1186 769 honestam
1200 709 1242 768 el·

192 798 355 858 licienda'm.
371 797 450 865 Quod
464 796 542 855 enirn
556 794 730 868 immutabili
746 811 843 855 rernm
859 795 952 855 ordini
967 794 1145 867 contradicit,
1160 793 1243 853 nulla

192 883 223 941 ri
238 883 347 941 iustum
365 881 441 940 ellici
456 885 558 955 potest.
574 879 695 939 Bellator
715 884 811 938 autem
825 880 940 939 nonnisi
956 880 1024 938 dum
1040 886 1105 938 actu
1120 878 1151 937 in
1165 878 1243 937 iusto

190 966 273 1026 bello'
288 971 414 1041 pugnat,
432 982 484 1025 seu
498 982 565 1025 cum
580 964 736 1025 necessitas
751 964 808 1023 vim
823 964 955 1025 hostilem
970 964 1126 1038 repellendi
1141 968 1240 1036 urget,

190 1050 237 1109 ius
256 1051 357 1110 utendi
376 1051 471 1124 gladio
491 1066 592 1110 revera
606 1050 748 1124 possidet3
772 1050 823 1108 ubi
838 1065 905 1109 voro
924 1064 1021 1123 pugna
1041 1046 1170 1119 desierit,
1195 1048 1244 1107 ius

194 1134 335 1194 eiusmodi
349 1135 466 1194 omnino
481 1141 588 1209 cessat,
613 1150 668 1194 nec
683 1135 740 1194 uisi
755 1134 866 1209 legibus
884 1134 1009 1193 iustitiae
1027 1138 1056 1192 et
1072 1132 1243 1207 aequitatis,

188 1225 274 1294 prout
285 1224 416 1278 naturam
426 1220 583 1279 trasmanam
593 1220 685 1293 dccet,
697 1219 777 1278 locus
787 1220 967 1294 relinquitur,
980 1217 1017 1277 ad
1026 1233 1149 1292 quarum
1160 1232 1243 1293 prae·

194 1303 335 1377 seriptum
354 1304 651 1377 mnuorersiasquae
665 1308 820 1379 supersunt
833 1303 1044 1378 componendae
1059 1308 1136 1363 sunt.

230 1388 427 1461 Nihilominus,
442 1389 511 1447 haec
521 1393 600 1448 tanta
609 1389 728 1447 humani
740 1389 854 1463 generis
865 1388 971 1447 iniuria
984 1388 1055 1447 adeo
1066 1388 1142 1461 apud
1151 1389 1245 1449 ethni-

195 1486 244 1531 cos
256 1472 373 1547 populos
383 1473 577 1546 grassabatur,
588 1478 620 1532 ut
631 1473 717 1532 hdern
728 1488 844 1533 omnem
853 1473 992 1533 excedere
1002 1472 1140 1532 videatur.
1153 1474 1245 1548 Saepe

194 1556 322 1629 integrae
341 1562 439 1631 gentes
454 1558 585 1617 seruituti
602 1558 815 1630 addicebantur,
832 1563 864 1616 ut
882 1558 1017 1617 Penestae
1032 1558 1107 1632 apud
1126 1558 1246 1617 Thessa·

102 1656 107 1665 ¹
185 1642 246 1714 los,
263 1648 292 1701 et
306 1642 391 1702 llotae
405 1645 481 1719 apud
496 1644 733 1710 Lacedaemones,
748 1643 866 1705 Athenis
885 1660 971 1718 supra
986 1641 1108 1719 quatuor
1122 1651 1246 1704 nenena

193 1726 286 1784 millia
297 1728 520 1801 mancipiorum
533 1729 641 1788 civium
651 1729 701 1788 rix
713 1728 815 1802 viginti
826 1726 917 1787 millia
925 1730 1157 1789 recensebantur.
1171 1730 1245 1798 Quid

196 1809 292 1867 dicam
310 1810 346 1869 de
363 1812 460 1884 lloma,
480 1813 596 1871 domiue
612 1814 696 1873 totius
711 1813 802 1887 orbis,
820 1812 921 1887 inqua
938 1814 1021 1874 turba
1033 1815 1246 1889 mancipiorum

194 1891 238 1951 sie
247 1898 422 1968 excreverat,
434 1900 466 1953 ut
476 1896 628 1969 plusquam
642 1902 699 1956 tres
714 1897 794 1955 urhis
808 1904 903 1971 partes
913 1898 1163 1972 complecteretur?
1173 1900 1245 1958 lan-

196 1980 259 2034 tum
273 1976 413 2050 llagitium
426 1978 493 2037 inde
507 1980 637 2054 delinxit,
652 1982 729 2055 quod
743 1982 773 2040 in
784 1981 951 2057 paganismo
962 1982 1027 2042 idea
1037 1984 1181 2043 humanae
1195 2000 1246 2043 ex·

198 2059 347 2119 cellentiae
361 2062 474 2136 penitus
488 2063 639 2124 obliterata
652 2065 772 2139 iaceret,
790 2082 823 2125 ac
832 2067 1005 2127 atotolotrio
1023 2068 1145 2143 quadam
1161 2068 1246 2128 indu-

195 2148 251 2215 cta,
268 2144 363 2204 omnis
376 2146 499 2219 dignitas
519 2164 557 2206 ex
571 2148 633 2208 iure
649 2150 772 2210 civitatis
793 2151 969 2224 dimanaret;
986 2168 1040 2211 nee
1053 2153 1092 2225 is,
1110 2152 1246 2227 quiricis

195 2242 256 2285 non
270 2233 345 2302 erat,
357 2228 388 2288 in
403 2229 561 2291 hominum
574 2249 694 2293 numero
708 2240 902 2308 reputaretur.
919 2236 1092 2297 Christianae
1106 2236 1247 2311 Religioni

196 2316 346 2385 acceptum
359 2314 460 2374 reterri
470 2316 562 2391 debet,
574 2319 649 2391 quod
659 2319 817 2379 instaurato
827 2326 965 2395 conceptu
976 2322 1185 2401 personalitatis
1195 2322 1247 2381 hu·

198 2410 315 2470 manae,
327 2398 466 2473 paulatim
480 2417 498 2461 a
512 2402 593 2464 foede
607 2404 662 2464 hoc
672 2404 771 2465 ulcere
785 2422 876 2479 genus
886 2407 1046 2469 humanum
1055 2411 1187 2467 'curatum
1198 2406 1246 2466 sit.

532 2584 902 2677 mnursneunuuu

452 2823 494 2877 DE
511 2825 634 2878 danunt
658 2830 771 2879 ctvthts
794 2824 980 2879 sectandus.
1074 2830 1076 2835 '

247 2982 311 3050 Sola
335 2988 444 3051 familia
466 3008 519 3068 per
542 3012 573 3055 se
596 3012 724 3056 scorsum
748 2997 876 3073 inspecta
904 2994 1080 3071 indigentiae
1099 2996 1245 3058 humanae

192 3064 276 3145 plene
297 3077 496 3151 cumulateque
514 3080 648 3155 opitulari
667 3082 787 3142 minime
808 3088 908 3156 potest.
930 3084 999 3143 Nam
1017 3082 1173 3143 domestica
1196 3099 1244 3143 so·

192 3157 280 3218 cletas
290 3160 346 3220 huc
359 3165 468 3220 tantum
481 3163 594 3237 proprie
609 3171 726 3239 spectat,
744 3173 775 3227 ut
788 3165 968 3227 individuum
978 3168 1140 3228 humanum
1154 3167 1245 3227 veluti

194 3244 379 3320 compleatur,
396 3256 579 3309 consecretur
597 3256 625 3309 et
640 3252 722 3325 quasi
736 3253 943 3325 perennitatem
957 3253 1082 3327 aliquam
1097 3253 1152 3313 sibi
1168 3268 1247 3312 com·

192 3334 283 3401 paret.
299 3330 332 3390 ht
343 3338 508 3407 praeterea,
524 3334 620 3407 ipsum
634 3336 814 3397 individuum
829 3337 888 3395 iam
902 3339 1076 3413 completum
1091 3345 1120 3397 et
1136 3354 1247 3413 perma-

193 3426 267 3471 nens
281 3415 514 3489 amplificandum
528 3418 737 3491 quodammodo
756 3428 808 3496 est,
826 3436 859 3481 ae
873 3423 1030 3482 maioribus
1043 3423 1131 3483 veluti
1146 3424 1248 3497 spatiis

192 3496 404 3569 explicandum.
420 3501 498 3569 Quod
515 3508 547 3561 ut
559 3503 720 3563 obtineatur
744 3506 866 3580 largiora
881 3514 1059 3581 quaeruntur
1074 3508 1203 3567 subsidia
1217 3510 1249 3568 vi

191 3581 309 3641 maioris
323 3584 474 3659 societatis,
488 3602 544 3661 qua
554 3588 695 3649 stabiliter
704 3590 783 3665 ipsae
794 3592 919 3653 familiae
928 3593 1052 3652 invicem
1066 3594 1248 3669 copulentur,

191 3681 282 3740 eoque
295 3684 424 3744 numero,
438 3669 487 3745 qui
496 3672 626 3746 adplene
635 3675 868 3735 satisfaciendum
879 3677 1014 3737 humanis
1024 3678 1250 3738 necessitatibus
1284 3744 1290 3753 ,

192 3750 419 3828 er'olrendasque
434 3755 528 3830 vires,
552 3758 656 3830 quibus
677 3759 763 3819 lronro
778 3760 813 3819 ad
835 3760 1040 3835 perlectionem
1056 3762 1111 3822 sibl
1127 3776 1250 3823 consen-

192 3836 306 3893 taneam
319 3837 439 3912 nititur,
456 3840 525 3899 satis
539 3857 682 3917 superque
698 3851 838 3919 suppetat.
856 3846 1000 3908 Eiusmodi
1021 3847 1109 3921 igitur
1124 3848 1251 3907 tamilla·

192 3932 259 3978 rura
268 3922 457 3999 congregatio,
473 3923 532 3992 iam
546 3928 675 4000 antean
688 3930 766 3997 noos
781 3936 810 3997 et
821 3946 909 4019 pagos
924 3931 1160 4021 coalescentium,
1172 3948 1251 4023 quae
