2767 4492
213 419 214 422 ¹
238 340 289 401 ill
679 353 841 397 aurumne
1023 397 1028 406 ,

238 463 249 492 ι
266 439 290 499 si
304 436 418 497 estendc
432 451 449 494 a
463 435 547 509 pochi
567 434 685 507 oggetti,
709 435 829 493 essendo
849 433 924 492 assai
941 435 1026 508 pochi
1039 435 1050 494 i
1063 437 1146 508 punti
1161 437 1192 496 di
1208 451 1277 498 oon

237 545 248 575 a
271 527 337 580 tatto
351 519 429 578 irele
439 519 550 578 nationi
565 517 717 590 associale;
729 519 755 575 si
765 517 851 591 peria
861 522 962 575 natura
972 518 1047 592 degli
1061 521 1127 579 stati
1139 522 1277 581 associati

236 629 247 658 ι
269 607 321 664 cire
332 605 348 662 b
360 603 594 678 principnlmeute
604 602 632 659 la
641 601 795 674 originaria
805 601 1025 675 iudipendenna3
1041 603 1169 676 siparia
1178 615 1277 677 perso

236 713 247 741 ι
264 703 303 747 na
317 689 470 746 incaricata
485 685 512 745 di
527 685 577 745 tali
595 685 729 745 relacioni
743 685 796 743 cbe
813 684 1054 757 epropriameute
1067 686 1089 745 il
1103 702 1236 752 sorrano.
1252 687 1276 746 E

235 797 246 825 ι
264 775 337 833 iorse
351 771 485 845 potrebbe
501 776 572 829 tutta
586 775 691 843 qrrauta
706 768 879 826 limitarsi'ai
895 771 1025 842 segueuti
1039 770 1159 829 articoli.
1176 771 1277 830 ilino

234 879 247 906 r
265 861 337 915 stato
351 856 402 913 dee
415 854 550 914 obbedire
560 853 607 911 nel
617 867 763 924 comporre
778 852 804 909 le
818 867 869 909 sue
880 851 1020 910 decide
1035 853 1277 912 intestineanor·

236 963 247 991 ι
268 954 316 997 ma
325 939 371 997 dei
385 937 490 1010 giudici
501 935 665 996 etnarcbici.
677 936 709 993 ii.
722 934 974 994 Neiiedisseusioui
984 936 1037 994 cbe
1047 951 1208 1009 sorgessero
1219 951 1277 995 oon

234 1047 246 1072 ιι
268 1022 338 1080 altre
352 1021 429 1093 genti
444 1019 590 1079 associate.
606 1019 649 1078 ili.
667 1019 716 1078 Nol
735 1033 900 1076 concorrerc
918 1019 955 1076 ad
969 1020 1128 1078 assicrrrare
1142 1035 1160 1078 a
1172 1027 1277 1092 queste

235 1129 245 1156 a
267 1105 331 1176 ogni
351 1103 394 1162 ior
407 1103 491 1162 dritto
510 1104 535 1160 si
553 1107 650 1160 contro
669 1101 679 1159 i
699 1101 803 1158 nemici
823 1102 938 1173 esterni,
954 1102 980 1159 si
998 1109 1096 1161 contm
1115 1103 1274 1176 gl'intemi.

236 1212 246 1241 t
264 1188 307 1247 ii.
322 1187 369 1248 Nel
384 1201 534 1260 cooperare
550 1185 604 1244 alie
622 1183 746 1258 imprese
763 1184 793 1243 di
808 1184 968 1244 universale
981 1185 1180 1245 beneroienna.

643 1365 810 1410 uarrcnnns
824 1351 859 1410 li.

240 1533 244 1542 ’
341 1522 380 1581 ile
396 1521 538 1592 relatione
550 1517 689 1578 dictator
704 1531 772 1575 cum
786 1517 919 1576 amatote
930 1518 1158 1579 inunctionoli

264 1689 327 1748 ⁴239.
339 1686 461 1746 Positiva
471 1685 600 1760 gentium
614 1683 831 1755 consociatione,
850 1683 885 1741 de
900 1697 957 1757 qua
966 1684 1051 1756 paulo
1060 1689 1125 1744 unte
1140 1685 1276 1747 disserui

228 1787 303 1844 mus,
319 1771 448 1828 naturale
462 1769 635 1843 principium
650 1767 813 1826 socialitatis
827 1767 864 1824 ad
880 1767 924 1824 sni
939 1767 1100 1826 maximum
1114 1769 1275 1829 incremen-

230 1858 328 1913 tumet
338 1852 557 1926 explicationem
567 1851 726 1908 adducitur.
738 1849 875 1908 Perillam
887 1850 965 1908 enim
979 1851 1099 1909 actualis
1105 1856 1133 1910 et
1140 1860 1276 1912 constans

228 1937 377 1996 bominum
392 1933 629 2004 communicatio,
650 1937 791 2005 quatenus
807 1933 884 1991 intra
902 1933 1031 1991 ordinem
1045 1940 1165 1994 naturae
1184 1936 1276 1996 couti-

225 2028 311 2081 netur
325 2025 353 2079 et
363 2018 547 2078 relationibus
561 2031 640 2076 mere
655 2017 790 2076 bumanis
803 2017 964 2090 respondet,
980 2018 1152 2078 universalis
1163 2021 1271 2093 eradit,
1366 2070 1382 2086 ,

228 2109 256 2162 et
269 2103 333 2161 ideo
347 2099 484 2159 naturalis
497 2099 648 2172 propensio
662 2099 691 2158 in
704 2114 737 2158 eo
752 2114 856 2172 genere
869 2099 954 2173 plane
964 2100 1136 2161 cumulatur.
1147 2101 1221 2162 ilinc
1234 2101 1274 2162 ci·

228 2187 293 2245 vilis
303 2185 422 2244 societas
432 2183 487 2241 bac
499 2182 600 2241 ultima
609 2183 782 2256 perfectione
796 2188 825 2241 ct
835 2183 923 2241 veluti
936 2183 1144 2256 complemento
1154 2185 1273 2254 donata,

226 2267 368 2339 crcgione
383 2266 590 2340 quodammodo
600 2266 782 2325 constituitur
795 2267 938 2324 societatis
949 2265 1116 2340 religiosae,
1131 2268 1274 2328 nimirum

226 2351 377 2423 Ecclesiae,
390 2365 463 2424 uuae
472 2348 643 2410 universalis
658 2356 701 2408 est
710 2353 738 2408 et
747 2349 813 2407 sinu
825 2348 910 2407 veluti
926 2363 978 2407 suo
990 2355 1089 2421 gentes
1102 2347 1204 2410 omnes
1214 2367 1275 2410 am·

226 2435 367 2506 plectitur.
384 2433 455 2507 Ergo
469 2428 659 2508 oppertunum
672 2432 742 2503 erit,
759 2437 904 2505 tamquam
922 2447 974 2505 pro
988 2433 1120 2492 coronide
1138 2434 1227 2493 buius
1242 2437 1275 2495 li-

226 2518 283 2589 bri,
295 2517 403 2590 aliquid
414 2517 535 2576 summis
545 2515 626 2589 quasi
636 2515 721 2574 labiis
731 2515 869 2588 attingere
878 2515 914 2574 de
923 2515 1060 2575 relatione
1074 2521 1103 2575 et
1112 2532 1202 2590 nexu,
1214 2533 1274 2592 quo

228 2601 330 2659 ambae
340 2600 394 2660 bae
404 2601 550 2659 societates
565 2599 732 2658 seinvicem
746 2604 884 2673 spectant,
895 2599 1005 2671 utquid
1013 2600 1199 2660 emolumenti
1213 2617 1274 2661 una
1321 2613 1326 2620 ·

228 2699 266 2742 cx
281 2683 369 2742 altera
383 2689 500 2757 captura
514 2684 551 2740 sit
565 2682 684 2741 eluceat.
924 2729 933 2740 .

260 2765 323 2824 240.
339 2765 479 2839 Principio
493 2765 608 2840 quidem
622 2780 694 2839 opus
709 2779 766 2823 uon
781 2780 843 2824 esse
861 2765 985 2824 arbitror
999 2766 1034 2825 de
1054 2766 1206 2840 utriusque
1229 2769 1274 2827 di·

227 2847 378 2907 stinctionc
392 2849 483 2922 quoad
500 2863 627 2922 scopum,
639 2847 847 2922 auctoritatem,
859 2851 1009 2922 originem,
1019 2849 1219 2922 organismum
1229 2857 1274 2911 at-

226 2947 282 3005 que
296 2932 352 2990 alia
366 2931 505 2991 eiusmodi
520 2931 721 3005 sermocinari;
737 2947 803 2991 cum
818 2933 939 3006 quisque
954 2947 1005 3006 per
1019 2948 1049 2990 se
1063 2932 1147 2992 lacile
1162 2933 1275 2993 indicet

226 3031 262 3073 ea
277 3015 372 3074 omnia
386 3015 441 3074 huc
455 3016 542 3074 etiam
556 3015 696 3090 quadrare
710 3030 784 3088 quae
798 3016 829 3073 in
840 3023 922 3075 sexto
931 3017 1023 3089 capite
1037 3016 1193 3088 superioris
1202 3017 1275 3077 libri

227 3099 263 3156 de
282 3097 405 3156 Ecclesia
424 3098 610 3157 disseruimus
628 3102 759 3172 respectu
779 3098 870 3157 civilis
890 3099 1041 3158 societatis.
1062 3099 1134 3156 liam
1152 3099 1273 3158 etbuar-

226 3179 301 3251 cbia,
318 3180 353 3238 de
367 3196 423 3254 qua
437 3181 545 3254 loquuti
561 3197 669 3254 sumus,
687 3182 812 3240 confinia
835 3186 955 3240 naturae
972 3188 1000 3240 et
1019 3182 1176 3252 praesentis
1191 3183 1274 3243 ritae

226 3263 391 3322 felicitatem
400 3278 457 3322 non
467 3265 623 3338 egreditur3
639 3279 693 3323 uec
708 3264 785 3323 aliud
800 3280 899 3323 revera
909 3265 1026 3323 exbibet
1038 3265 1096 3324 nisi
1105 3271 1275 3324 extremum

225 3345 297 3404 illud
312 3352 340 3404 et
354 3345 440 3405 veluti
456 3347 570 3405 culmen
580 3349 772 3421 perfectionis,
785 3365 841 3422 quo
851 3347 995 3406 socialiter
1004 3347 1131 3406 bumana
1141 3348 1273 3408 nativam

226 3429 416 3488 evolutionem
431 3428 460 3488 in
475 3430 585 3488 familia
597 3431 761 3489 iucboatam
774 3437 804 3489 et
818 3432 850 3489 in
864 3431 941 3490 cirili
955 3432 1096 3490 consortio
1111 3437 1156 3489 sat
1171 3434 1271 3506 exple

226 3518 295 3584 tam,
311 3513 503 3585 pergentium
518 3513 695 3572 iunctionem
710 3513 833 3586 complet
846 3521 875 3573 et
890 3515 925 3573 ad
940 3514 1058 3587 plenum
1072 3512 1161 3572 veluti
1172 3522 1272 3574 actum
1367 3551 1382 3574 -

227 3595 350 3654 adducit.
367 3596 470 3654 Verum
486 3611 552 3654 cum
567 3605 696 3654 terrenae
704 3595 847 3655 beatitatis
861 3605 890 3655 et
902 3612 982 3655 mere
991 3597 1185 3654 humanarum
1195 3597 1271 3656 rela-

225 3679 335 3736 tionum
349 3678 482 3736 cancellis
496 3678 687 3752 conduratum
703 3694 761 3737 non
776 3679 861 3738 altius
877 3680 975 3752 pandit
989 3679 1049 3737 alas
1068 3693 1155 3752 quam
1174 3679 1272 3738 cicilia

226 3761 353 3830 societas,
370 3761 451 3819 cuius
465 3761 682 3821 destinationem
697 3763 785 3821 veluti
800 3769 906 3821 tutatur
921 3768 949 3820 et
960 3762 1079 3835 perlicit.
1091 3761 1273 3836 Quapropter

225 3842 436 3913 praerogaurae
456 3858 565 3917 omnes,
581 3860 653 3918 quas
667 3845 704 3904 ob
718 3846 922 3920 praestantiam
937 3845 1003 3905 linis
1016 3850 1045 3905 ot
1059 3845 1191 3906 altiorem
1210 3846 1269 3908 uri·
