2767 4492
222 291 276 354 till
552 297 779 348 marmaredae
790 296 939 346 sanemus

219 385 327 450 iudicat
337 395 494 448 totwmcssc
502 385 701 461 moiosporte,
713 382 903 442 aftiunatione
912 380 1089 455 coniungens
1098 377 1262 443 duasideas:
1366 433 1370 439 .

221 481 317 532 totum
326 477 356 532 et
368 472 571 547 maio-sparta
585 483 656 528 num
670 467 810 526 obiective
819 466 891 524 ideis
900 465 957 524 illis
975 466 1148 540 respondent
1166 481 1213 526 res
1227 467 1266 526 di·

219 557 362 617 stinctae?
384 557 577 630 Nequaquam.
593 554 664 612 llam
678 551 817 610 obiective
830 555 860 609 et
872 550 905 609 in
919 565 951 609 re
966 549 1043 608 idem
1062 555 1107 609 est
1121 557 1215 608 totum
1233 566 1265 610 ac

220 642 422 717 asciosporte.
437 641 566 699 Attamen
580 651 663 696 mens
676 634 768 709 potuit
782 635 843 693 acie
857 649 909 693 sua
923 633 1041 706 induas
1053 632 1266 694 notionesidem

220 724 471 798 illuddiscerpere;
488 736 586 796 unam,
602 735 675 794 quae
691 719 819 791 confuse,
836 718 956 777 alteram
971 732 1044 792 quae
1059 709 1192 776 distincte
1205 734 1266 778 rem

220 808 351 868 eamdem
365 809 493 868 referret.
507 806 578 875 Quid
587 806 675 879 igitur
684 804 792 863 mirum
800 801 824 861 si
834 801 910 861 idem
921 801 1008 860 iaciat
1022 801 1115 876 quoad
1129 801 1267 876 quiddita·

220 896 273 965 tes,
289 907 338 950 eas
352 891 508 966 separando
524 891 560 948 ab
574 886 800 948 individualitate
815 899 902 960 quam
916 885 1024 944 babent
1038 885 1067 943 in
1084 890 1159 944 statu
1173 885 1268 960 physi-

219 975 276 1034 co?
291 975 458 1035 Praesertim
470 981 538 1034 aero
557 989 623 1033 cum
636 971 723 1030 buius
737 970 924 1044 separationis
938 985 990 1028 seu
1012 969 1145 1028 mentalis
1160 969 1267 1043 praeci-

219 1057 310 1118 sionis
320 1060 400 1119 adest
416 1059 448 1118 in
461 1059 547 1118 rebus
561 1057 631 1131 ipsis
646 1056 875 1126 fundamentum,
896 1053 972 1128 quod
990 1053 1142 1112 virtualem
1167 1053 1266 1112 distin-

218 1141 345 1202 ctionem
354 1142 523 1218 suppeditet.
539 1143 610 1201 Nam
625 1140 678 1199 etsi
691 1139 809 1214 physice
823 1139 930 1197 nonsit
943 1136 1051 1211 aliquid
1066 1137 1211 1196 diversum
1221 1153 1266 1196 ro

219 1226 301 1286 acab
319 1227 375 1286 laec
390 1243 469 1300 rosa·
485 1231 579 1285 manen
594 1225 629 1283 de
644 1240 675 1282 se
688 1223 762 1282 ratio
776 1226 804 1282 et
818 1222 941 1281 essentia
954 1237 1036 1280 rosae
1057 1235 1116 1280 non
1143 1219 1266 1294 postulat

219 1315 254 1368 ut
266 1311 298 1370 in
312 1311 366 1370 boc
379 1309 440 1370 loco
454 1315 503 1369 aut
516 1315 642 1384 temporo
663 1314 712 1367 aut
721 1306 868 1366 individuo
887 1305 1047 1380 reperiatur
1065 1305 1160 1378 potius
1180 1319 1267 1379 quam

220 1393 253 1452 iu
267 1394 332 1455 alio.
350 1394 377 1454 Si
386 1395 464 1454 euim
477 1394 518 1453 ita
527 1397 609 1466 esset,
627 1406 685 1451 una
699 1396 811 1449 tautum
823 1405 889 1449 rosa
907 1389 1049 1462 existeret,
1070 1389 1265 1463 quodfalsum

190 1503 193 1510 =
218 1481 272 1536 est.
284 1477 355 1552 Ergo
369 1477 538 1550 intellectus,
554 1477 603 1550 qui
617 1475 719 1534 intime
733 1477 863 1548 penetrat
877 1479 905 1532 et
918 1473 1020 1534 lustrat
1028 1476 1091 1531 rem
1102 1488 1190 1547 quam
1201 1487 1266 1531 con·

218 1561 297 1634 cipit,
322 1561 559 1637 apprehendendo
582 1574 684 1619 rosam
705 1573 763 1617 non
777 1557 962 1631 adstringitur
982 1557 1102 1617 adeam
1126 1557 1266 1631 peculiari

223 1645 351 1704 subiecto
366 1645 556 1705 tribuendam.
960 1717 967 1726 β
1152 1682 1154 1686 ⁷

255 1727 337 1789 liices
351 1729 395 1788 ill.
411 1729 488 1788 Mens
503 1727 539 1786 ad
552 1727 628 1785 hauc
648 1726 871 1786 abstractionem
885 1723 1075 1783 exercendam
1096 1723 1213 1783 deberet
1227 1724 1264 1783 ab

220 1811 332 1870 obiecto
347 1811 478 1870 sensibus
492 1815 625 1884 percepto
639 1808 836 1868 determinari.
847 1809 930 1881 atqu
944 1807 1146 1880 idcontingere
1156 1808 1264 1881 nequit.

219 1894 291 1954 Nam
304 1895 449 1953 obiectum
463 1910 549 1954 sensu
562 1899 730 1968 perceptum
744 1898 787 1951 est
801 1892 964 1965 materiale;
982 1898 1010 1952 et
1019 1891 1162 1951 obiectum
1177 1899 1266 1950 mate·
1345 1933 1349 1941 -

218 1977 290 2036 riale
305 1993 388 2051 agere
400 1977 500 2052 nequit
514 1977 544 2036 in
563 1977 721 2052 potentiam
737 1977 923 2050 spiritualem,
940 1976 1034 2050 qualis
1048 1985 1092 2034 est
1106 1991 1196 2034 meas.

256 2065 339 2136 Resp.
355 2063 426 2121 Dirc.
443 2063 548 2123 Maior.
564 2062 685 2121 Deberet
699 2060 883 2120 determinari
897 2076 949 2136 per
963 2060 1121 2133 simplicem
1131 2075 1265 2133 praesen·
1309 2073 1313 2078 ·

220 2150 301 2224 tiam,
317 2163 393 2207 conc.
401 2163 412 2219 ;
425 2162 476 2221 per
491 2146 632 2206 actionem
646 2144 773 2219 aliquam
787 2143 879 2218 ipsius
892 2144 1006 2216 obiecti,
1022 2160 1103 2219 cepo.

255 2231 358 2294 Recole
373 2246 407 2290 ea
423 2245 496 2304 quae
511 2229 638 2288 diximus
651 2229 684 2289 iu
698 2229 834 2288 lemmate
847 2229 869 2296 l,
880 2228 913 2302 ll,
929 2229 964 2288 lll
974 2235 1004 2288 et
1016 2229 1050 2288 Ill
1059 2230 1094 2287 de
1109 2234 1212 2291 natura
1226 2231 1264 2290 si·

219 2334 255 2378 ve
269 2313 411 2376 facultatis
425 2314 457 2372 in
471 2329 584 2388 genere,
601 2314 661 2373 sive
676 2313 820 2372 facultatis
835 2313 1043 2387 cognoscitivae
1062 2315 1155 2388 quoad
1176 2315 1266 2390 appli-

220 2402 361 2463 cationem
376 2398 479 2458 obiecti
494 2413 581 2472 quam
597 2399 697 2472 exigit.
713 2398 824 2457 Sufficit
836 2397 914 2457 enim
929 2403 961 2456 ut
971 2397 1115 2457 obiectum
1129 2414 1265 2472 praesens

221 2487 258 2546 sit
272 2483 410 2556 facultati,
422 2487 454 2541 ut
464 2483 535 2541 baec
545 2481 622 2541 circa
636 2480 733 2556 ipsum
742 2482 854 2555 operari
863 2482 962 2556 possit.
974 2482 1033 2540 lam
1044 2497 1110 2541 uero
1121 2482 1264 2541 obiectum

221 2585 255 2629 eo
265 2569 327 2643 ipso
337 2567 412 2641 quod
421 2565 553 2625 sensibus
568 2566 733 2639 percipitur,
745 2567 900 2625 intellectui
915 2582 1049 2641 praesens
1064 2571 1121 2640 est3
1138 2574 1267 2641 propter-

221 2668 256 2712 ea
274 2652 350 2727 quod
363 2656 424 2709 tum
437 2649 597 2709 intellectus
608 2655 668 2707 tum
680 2664 781 2708 sensus
791 2650 917 2710 radicem
931 2651 1038 2709 babent
1047 2650 1188 2709 incudem
1203 2651 1266 2710 ani·

217 2752 276 2810 mc,
293 2741 322 2794 et
334 2733 494 2793 intellectus
509 2733 546 2792 sit
559 2733 679 2792 facultas
694 2733 886 2807 cognoscitiva
905 2733 1061 2808 generalis,
1080 2750 1168 2808 quae,
1190 2738 1269 2794 circa

219 2819 339 2894 quodvis
355 2833 416 2890 ens,
432 2815 517 2875 modo
532 2831 592 2890 suo,
609 2817 717 2876 versari
732 2817 830 2891 possit.
848 2818 880 2876 Et
895 2833 964 2877 saue
978 2815 1128 2880 facilitates
1143 2818 1218 2878 iuter
1232 2835 1266 2878 se

224 2902 371 2962 ordinatae
386 2915 557 2960 consensum
568 2901 693 2974 aliquem
702 2900 810 2959 babent
820 2901 869 2974 ita,
881 2907 914 2960 ut
924 2917 982 2960 una
992 2907 1127 2975 operante
1138 2903 1267 2976 operatio

219 2987 307 3046 etiam
322 2985 438 3058 alterius
451 2990 650 3059 consequatur.
664 2985 710 3044 Sic
727 2991 862 3059 operante
885 2986 1030 3045 intellectu
1054 2987 1131 3046 circa
1149 2987 1268 3061 aliquod

220 3070 384 3142 obiectum,
400 3069 531 3128 voluntas
545 3070 599 3129 boc
614 3070 676 3143 ipso
697 3071 839 3130 excitatur
854 3074 882 3127 et
895 3069 1100 3130 determinatur
1115 3072 1151 3129 ad
1166 3087 1269 3146 opera·

218 3154 326 3214 tionem
340 3169 423 3214 suam
433 3154 633 3227 exercendam,
650 3156 774 3213 amando
787 3161 820 3213 ut
833 3154 941 3212 bonum
956 3154 997 3226 id,
1012 3155 1088 3228 quod
1103 3155 1268 3215 intellectus

134 3293 144 3306 ,
215 3237 345 3314 percepit
359 3242 391 3296 ut
404 3249 514 3314 vqrum.
533 3238 578 3296 Sic
593 3238 680 3297 etiam
695 3243 831 3314 operante
846 3253 951 3310 sensu,
967 3238 1110 3297 excitatur
1124 3238 1269 3311 imagina-

219 3323 258 3382 tio
277 3319 453 3382 efformanda
465 3322 642 3396 phantasma
656 3322 733 3382 illius
747 3323 790 3381 rei
805 3337 892 3397 quam
906 3337 1007 3381 sensus
1027 3328 1207 3396 praesentem
1221 3327 1268 3381 at·

220 3407 314 3480 tingit.
328 3405 400 3475 Quid
414 3405 503 3478 igitur
516 3405 622 3465 mirum
636 3406 670 3478 si,
683 3412 819 3479 operante
837 3405 1050 3481 imaginatione,
1067 3408 1122 3465 boc
1136 3406 1199 3481 ipso
1215 3421 1270 3465 ex·

220 3491 323 3550 citetau
341 3488 502 3549 intellectus
522 3491 558 3547 ad
580 3490 784 3548 abstrahendas
801 3494 830 3549 et
852 3489 1051 3564 intelligendas
1073 3489 1268 3565 quidditates,

219 3587 293 3646 quae
307 3573 337 3631 in
352 3572 463 3632 obiecto
477 3573 513 3631 ab
529 3572 732 3646 imaginatione
746 3579 958 3647 repraesentato
973 3575 1175 3633 continentur?

254 3655 335 3714 ilices
349 3657 393 3716 ll.
409 3656 569 3716 Intellectus
584 3663 616 3714 ut
630 3655 705 3714 banc
729 3657 948 3716 abstractionem
969 3663 1129 3731 exerceret,
1146 3657 1270 3717 deberet

217 3736 300 3814 prius
314 3743 477 3882 egumetum
492 3737 636 3806 obiectum
651 3741 811 3815 percipere3
828 3741 927 3816 nequit
940 3742 1018 3802 enim
1033 3757 1117 3816 agere
1130 3741 1163 3800 iu
1176 3757 1209 3802 rc
1223 3741 1268 3800 si-

220 3821 484 3886 mmmm.
