<?xml version="1.0" encoding="UTF-8"?>
<!DOCTYPE html PUBLIC "-//W3C//DTD XHTML 1.0 Transitional//EN"
    "http://www.w3.org/TR/xhtml1/DTD/xhtml1-transitional.dtd">
<html xmlns="http://www.w3.org/1999/xhtml" xml:lang="en" lang="en">
 <head>
  <title>
</title>
<meta http-equiv="Content-Type" content="text/html;charset=utf-8" />
  <meta name='ocr-system' content='tesseract 3.04.00' />
  <meta name='ocr-capabilities' content='ocr_page ocr_carea ocr_par ocr_line ocrx_word'/>
</head>
<body>
  <div class='ocr_page' id='page_1' title='image "./institutionesph00libegoog_0595.png"; bbox 0 0 2767 4492; ppageno 0'>
   <div class='ocr_carea' id='block_1_1' title="bbox 583 303 1174 366">
    <p class='ocr_par' dir='ltr' id='par_1_1' title="bbox 583 303 1174 366">
     <span class='ocr_line' id='line_1_1' title="bbox 583 303 1174 366; baseline 0.01 -8"><span class='ocrx_word' id='word_1_1' title='bbox 583 311 716 359; x_wconf 77' lang='lat' dir='ltr'><strong>srsusrs</strong></span> <span class='ocrx_word' id='word_1_2' title='bbox 1137 303 1174 366; x_wconf 74' lang='lat' dir='ltr'><strong>tt</strong></span> 
     </span>
    </p>
   </div>
   <div class='ocr_carea' id='block_1_2' title="bbox 60 397 1238 3922">
    <p class='ocr_par' dir='ltr' id='par_1_2' title="bbox 60 397 1238 1649">
     <span class='ocr_line' id='line_1_2' title="bbox 131 397 1174 476; baseline -0.002 -14"><span class='ocrx_word' id='word_1_3' title='bbox 131 403 176 462; x_wconf 85' lang='lat' dir='ltr'><strong>Sic</strong></span> <span class='ocrx_word' id='word_1_4' title='bbox 195 403 244 476; x_wconf 80' lang='lat' dir='ltr'><strong>poi</strong></span> <span class='ocrx_word' id='word_1_5' title='bbox 262 415 298 460; x_wconf 81' lang='lat' dir='ltr'><strong>ex</strong></span> <span class='ocrx_word' id='word_1_6' title='bbox 315 413 346 459; x_wconf 88' lang='lat' dir='ltr'><strong>se</strong></span> <span class='ocrx_word' id='word_1_7' title='bbox 362 409 478 460; x_wconf 79' lang='lat' dir='ltr'><strong>causum</strong></span> <span class='ocrx_word' id='word_1_8' title='bbox 494 399 644 473; x_wconf 73' lang='lat' dir='ltr'><strong>quaereret</strong></span> <span class='ocrx_word' id='word_1_9' title='bbox 658 410 710 454; x_wconf 84' lang='lat' dir='ltr'><strong>cur</strong></span> <span class='ocrx_word' id='word_1_10' title='bbox 728 397 877 458; x_wconf 82' lang='lat' dir='ltr'><strong>scientium</strong></span> <span class='ocrx_word' id='word_1_11' title='bbox 891 403 941 458; x_wconf 82' lang='lat' dir='ltr'><strong>eut</strong></span> <span class='ocrx_word' id='word_1_12' title='bbox 955 400 1106 460; x_wconf 73' lang='lat' dir='ltr'><strong>menatem</strong></span> <span class='ocrx_word' id='word_1_13' title='bbox 1121 403 1174 460; x_wconf 81' lang='lat' dir='ltr'><strong>cut</strong></span> 
     </span>
     <span class='ocr_line' id='line_1_3' title="bbox 131 481 1171 559; baseline -0.002 -13"><span class='ocrx_word' id='word_1_14' title='bbox 131 487 244 546; x_wconf 78' lang='lat' dir='ltr'><strong>diuitias</strong></span> <span class='ocrx_word' id='word_1_15' title='bbox 263 490 311 543; x_wconf 85' lang='lat' dir='ltr'><strong>sut</strong></span> <span class='ocrx_word' id='word_1_16' title='bbox 326 484 395 558; x_wconf 85' lang='lat' dir='ltr'><strong>quid</strong></span> <span class='ocrx_word' id='word_1_17' title='bbox 415 485 492 542; x_wconf 84' lang='lat' dir='ltr'><strong>uliud</strong></span> <span class='ocrx_word' id='word_1_18' title='bbox 507 483 655 553; x_wconf 89' lang='lat' dir='ltr'><strong>desideret,</strong></span> <span class='ocrx_word' id='word_1_19' title='bbox 673 495 732 540; x_wconf 89' lang='lat' dir='ltr'><strong>non</strong></span> <span class='ocrx_word' id='word_1_20' title='bbox 746 481 832 540; x_wconf 77' lang='lat' dir='ltr'><strong>elisur</strong></span> <span class='ocrx_word' id='word_1_21' title='bbox 852 484 995 544; x_wconf 85' lang='lat' dir='ltr'><strong>inveniret</strong></span> <span class='ocrx_word' id='word_1_22' title='bbox 1012 489 1171 559; x_wconf 87' lang='lat' dir='ltr'><strong>responsio·</strong></span> 
     </span>
     <span class='ocr_line' id='line_1_4' title="bbox 130 563 1173 644; baseline 0 -14"><span class='ocrx_word' id='word_1_23' title='bbox 130 587 197 630; x_wconf 90' lang='lat' dir='ltr'><strong>nem</strong></span> <span class='ocrx_word' id='word_1_24' title='bbox 218 571 272 629; x_wconf 87' lang='lat' dir='ltr'><strong>nisi</strong></span> <span class='ocrx_word' id='word_1_25' title='bbox 293 571 382 627; x_wconf 86' lang='lat' dir='ltr'><strong>nuuc:</strong></span> <span class='ocrx_word' id='word_1_26' title='bbox 404 569 472 642; x_wconf 87' lang='lat' dir='ltr'><strong>quis</strong></span> <span class='ocrx_word' id='word_1_27' title='bbox 490 567 603 626; x_wconf 79' lang='lat' dir='ltr'><strong>obiectu</strong></span> <span class='ocrx_word' id='word_1_28' title='bbox 619 563 670 624; x_wconf 82' lang='lat' dir='ltr'><strong>illo</strong></span> <span class='ocrx_word' id='word_1_29' title='bbox 686 563 843 626; x_wconf 76' lang='lat' dir='ltr'><strong>omissum</strong></span> <span class='ocrx_word' id='word_1_30' title='bbox 859 567 1008 628; x_wconf 90' lang='lat' dir='ltr'><strong>includunt</strong></span> <span class='ocrx_word' id='word_1_31' title='bbox 1022 569 1058 628; x_wconf 86' lang='lat' dir='ltr'><strong>sb</strong></span> <span class='ocrx_word' id='word_1_32' title='bbox 1074 571 1173 644; x_wconf 75' lang='lat' dir='ltr'><strong>eisque</strong></span> 
     </span>
     <span class='ocr_line' id='line_1_5' title="bbox 128 650 1172 728; baseline 0.001 -14"><span class='ocrx_word' id='word_1_33' title='bbox 128 655 222 728; x_wconf 80' lang='lat' dir='ltr'><strong>cliuus</strong></span> <span class='ocrx_word' id='word_1_34' title='bbox 241 655 341 712; x_wconf 83' lang='lat' dir='ltr'><strong>saltem</strong></span> <span class='ocrx_word' id='word_1_35' title='bbox 356 669 392 712; x_wconf 83' lang='lat' dir='ltr'><strong>es</strong></span> <span class='ocrx_word' id='word_1_36' title='bbox 411 657 491 726; x_wconf 86' lang='lat' dir='ltr'><strong>perte</strong></span> <span class='ocrx_word' id='word_1_37' title='bbox 510 651 587 710; x_wconf 75' lang='lat' dir='ltr'><strong>neeri</strong></span> <span class='ocrx_word' id='word_1_38' title='bbox 605 665 635 708; x_wconf 90' lang='lat' dir='ltr'><strong>se</strong></span> <span class='ocrx_word' id='word_1_39' title='bbox 653 652 756 723; x_wconf 85' lang='lat' dir='ltr'><strong>sperat.</strong></span> <span class='ocrx_word' id='word_1_40' title='bbox 778 650 827 708; x_wconf 79' lang='lat' dir='ltr'><strong>Sin</strong></span> <span class='ocrx_word' id='word_1_41' title='bbox 841 652 936 708; x_wconf 81' lang='lat' dir='ltr'><strong>autem</strong></span> <span class='ocrx_word' id='word_1_42' title='bbox 951 653 1172 726; x_wconf 77' lang='lat' dir='ltr'><strong>interrogaretur</strong></span> 
     </span>
     <span class='ocr_line' id='line_1_6' title="bbox 132 735 1172 812; baseline 0 -12"><span class='ocrx_word' id='word_1_43' title='bbox 132 755 184 800; x_wconf 88' lang='lat' dir='ltr'><strong>cur</strong></span> <span class='ocrx_word' id='word_1_44' title='bbox 201 740 308 799; x_wconf 88' lang='lat' dir='ltr'><strong>honum</strong></span> <span class='ocrx_word' id='word_1_45' title='bbox 328 753 385 812; x_wconf 82' lang='lat' dir='ltr'><strong>qus</strong></span> <span class='ocrx_word' id='word_1_46' title='bbox 402 737 510 796; x_wconf 88' lang='lat' dir='ltr'><strong>bonurn</strong></span> <span class='ocrx_word' id='word_1_47' title='bbox 529 741 574 794; x_wconf 88' lang='lat' dir='ltr'><strong>est</strong></span> <span class='ocrx_word' id='word_1_48' title='bbox 591 749 641 796; x_wconf 86' lang='lat' dir='ltr'><strong>seu</strong></span> <span class='ocrx_word' id='word_1_49' title='bbox 658 735 816 793; x_wconf 84' lang='lat' dir='ltr'><strong>nonimtem</strong></span> <span class='ocrx_word' id='word_1_50' title='bbox 836 735 928 808; x_wconf 82' lang='lat' dir='ltr'><strong>ipsum</strong></span> <span class='ocrx_word' id='word_1_51' title='bbox 948 737 1034 808; x_wconf 83' lang='lat' dir='ltr'><strong>velit,</strong></span> <span class='ocrx_word' id='word_1_52' title='bbox 1058 755 1172 812; x_wconf 65' lang='lat' dir='ltr'><strong>respon:</strong></span> 
     </span>
     <span class='ocr_line' id='line_1_7' title="bbox 60 818 1174 893; baseline 0.002 -9"><span class='ocrx_word' id='word_1_53' title='bbox 60 885 63 892; x_wconf 84' lang='grc'>,</span> <span class='ocrx_word' id='word_1_54' title='bbox 132 841 197 884; x_wconf 86' lang='lat' dir='ltr'><strong>sum</strong></span> <span class='ocrx_word' id='word_1_55' title='bbox 211 824 288 882; x_wconf 86' lang='lat' dir='ltr'><strong>atiud</strong></span> <span class='ocrx_word' id='word_1_56' title='bbox 308 838 376 881; x_wconf 84' lang='lat' dir='ltr'><strong>saue</strong></span> <span class='ocrx_word' id='word_1_57' title='bbox 392 837 448 880; x_wconf 91' lang='lat' dir='ltr'><strong>oon</strong></span> <span class='ocrx_word' id='word_1_58' title='bbox 464 821 556 892; x_wconf 88' lang='lat' dir='ltr'><strong>dubit,</strong></span> <span class='ocrx_word' id='word_1_59' title='bbox 576 821 631 877; x_wconf 91' lang='lat' dir='ltr'><strong>nisi</strong></span> <span class='ocrx_word' id='word_1_60' title='bbox 648 819 717 878; x_wconf 86' lang='lat' dir='ltr'><strong>troc:</strong></span> <span class='ocrx_word' id='word_1_61' title='bbox 739 820 807 893; x_wconf 83' lang='lat' dir='ltr'><strong>quia</strong></span> <span class='ocrx_word' id='word_1_62' title='bbox 820 818 851 877; x_wconf 91' lang='lat' dir='ltr'><strong>id</strong></span> <span class='ocrx_word' id='word_1_63' title='bbox 868 819 986 891; x_wconf 89' lang='lat' dir='ltr'><strong>dignum</strong></span> <span class='ocrx_word' id='word_1_64' title='bbox 1002 825 1174 893; x_wconf 78' lang='lat' dir='ltr'><strong>oppetitione</strong></span> 
     </span>
     <span class='ocr_line' id='line_1_8' title="bbox 132 903 1172 982; baseline -0.003 -14"><span class='ocrx_word' id='word_1_65' title='bbox 132 916 183 981; x_wconf 89' lang='lat' dir='ltr'><strong>est,</strong></span> <span class='ocrx_word' id='word_1_66' title='bbox 204 917 289 982; x_wconf 82' lang='lat' dir='ltr'><strong>stoue</strong></span> <span class='ocrx_word' id='word_1_67' title='bbox 308 907 369 980; x_wconf 85' lang='lat' dir='ltr'><strong>ipse</strong></span> <span class='ocrx_word' id='word_1_68' title='bbox 389 907 431 964; x_wconf 90' lang='lat' dir='ltr'><strong>sic</strong></span> <span class='ocrx_word' id='word_1_69' title='bbox 448 913 550 963; x_wconf 80' lang='lat' dir='ltr'><strong>nutrire</strong></span> <span class='ocrx_word' id='word_1_70' title='bbox 570 905 750 963; x_wconf 88' lang='lat' dir='ltr'><strong>constituitur</strong></span> <span class='ocrx_word' id='word_1_71' title='bbox 769 903 887 962; x_wconf 89' lang='lat' dir='ltr'><strong>utillud</strong></span> <span class='ocrx_word' id='word_1_72' title='bbox 908 907 1069 963; x_wconf 77' lang='lat' dir='ltr'><strong>necessario</strong></span> <span class='ocrx_word' id='word_1_73' title='bbox 1089 921 1172 981; x_wconf 86' lang='lat' dir='ltr'><strong>uppe-</strong></span> 
     </span>
     <span class='ocr_line' id='line_1_9' title="bbox 132 988 1174 1065; baseline 0 -15"><span class='ocrx_word' id='word_1_74' title='bbox 132 999 181 1051; x_wconf 84' lang='lat' dir='ltr'><strong>tct.</strong></span> <span class='ocrx_word' id='word_1_75' title='bbox 201 993 281 1050; x_wconf 86' lang='lat' dir='ltr'><strong>titre</strong></span> <span class='ocrx_word' id='word_1_76' title='bbox 302 992 418 1065; x_wconf 79' lang='lat' dir='ltr'><strong>uiridem</strong></span> <span class='ocrx_word' id='word_1_77' title='bbox 435 1005 528 1059; x_wconf 70' lang='lat' dir='ltr'><strong>veru,</strong></span> <span class='ocrx_word' id='word_1_78' title='bbox 540 1003 596 1062; x_wconf 82' lang='lat' dir='ltr'><strong>qus</strong></span> <span class='ocrx_word' id='word_1_79' title='bbox 617 989 727 1046; x_wconf 87' lang='lat' dir='ltr'><strong>ratione</strong></span> <span class='ocrx_word' id='word_1_80' title='bbox 744 989 851 1046; x_wconf 88' lang='lat' dir='ltr'><strong>bonum</strong></span> <span class='ocrx_word' id='word_1_81' title='bbox 868 988 898 1046; x_wconf 90' lang='lat' dir='ltr'><strong>in</strong></span> <span class='ocrx_word' id='word_1_82' title='bbox 918 1003 1023 1059; x_wconf 83' lang='lat' dir='ltr'><strong>genere</strong></span> <span class='ocrx_word' id='word_1_83' title='bbox 1041 991 1076 1046; x_wconf 77' lang='lat' dir='ltr'><strong>sul</strong></span> <span class='ocrx_word' id='word_1_84' title='bbox 1097 992 1174 1051; x_wconf 86' lang='lat' dir='ltr'><strong>uliud</strong></span> 
     </span>
     <span class='ocr_line' id='line_1_10' title="bbox 131 1072 1173 1150; baseline -0.003 -15"><span class='ocrx_word' id='word_1_85' title='bbox 131 1076 231 1136; x_wconf 89' lang='lat' dir='ltr'><strong>reterri</strong></span> <span class='ocrx_word' id='word_1_86' title='bbox 247 1077 343 1150; x_wconf 88' lang='lat' dir='ltr'><strong>possit,</strong></span> <span class='ocrx_word' id='word_1_87' title='bbox 362 1075 386 1132; x_wconf 91' lang='lat' dir='ltr'><strong>si</strong></span> <span class='ocrx_word' id='word_1_88' title='bbox 403 1073 484 1131; x_wconf 83' lang='lat' dir='ltr'><strong>nobis</strong></span> <span class='ocrx_word' id='word_1_89' title='bbox 500 1072 633 1130; x_wconf 81' lang='lat' dir='ltr'><strong>obiicitur</strong></span> <span class='ocrx_word' id='word_1_90' title='bbox 648 1079 793 1144; x_wconf 77' lang='lat' dir='ltr'><strong>tamquam</strong></span> <span class='ocrx_word' id='word_1_91' title='bbox 807 1072 836 1129; x_wconf 91' lang='lat' dir='ltr'><strong>id</strong></span> <span class='ocrx_word' id='word_1_92' title='bbox 855 1073 930 1143; x_wconf 77' lang='lat' dir='ltr'><strong>cuod</strong></span> <span class='ocrx_word' id='word_1_93' title='bbox 941 1079 1084 1132; x_wconf 79' lang='lat' dir='ltr'><strong>cumulate</strong></span> <span class='ocrx_word' id='word_1_94' title='bbox 1099 1090 1173 1133; x_wconf 89' lang='lat' dir='ltr'><strong>corn-</strong></span> 
     </span>
     <span class='ocr_line' id='line_1_11' title="bbox 131 1155 1238 1234; baseline 0.001 -16"><span class='ocrx_word' id='word_1_95' title='bbox 131 1160 263 1234; x_wconf 80' lang='lat' dir='ltr'>plectitur</span> <span class='ocrx_word' id='word_1_96' title='bbox 277 1159 414 1233; x_wconf 83' lang='lat' dir='ltr'><strong>quidquid</strong></span> <span class='ocrx_word' id='word_1_97' title='bbox 436 1157 571 1214; x_wconf 83' lang='lat' dir='ltr'><strong>votrrntuti</strong></span> <span class='ocrx_word' id='word_1_98' title='bbox 591 1155 734 1229; x_wconf 88' lang='lat' dir='ltr'><strong>competit,</strong></span> <span class='ocrx_word' id='word_1_99' title='bbox 755 1161 840 1228; x_wconf 80' lang='lat' dir='ltr'><strong>utque</strong></span> <span class='ocrx_word' id='word_1_100' title='bbox 854 1156 890 1213; x_wconf 83' lang='lat' dir='ltr'><strong>ad</strong></span> <span class='ocrx_word' id='word_1_101' title='bbox 910 1172 961 1213; x_wconf 92' lang='lat' dir='ltr'><strong>nos</strong></span> <span class='ocrx_word' id='word_1_102' title='bbox 977 1160 1175 1232; x_wconf 72' lang='lat' dir='ltr'>undecumque</span> <span class='ocrx_word' id='word_1_103' title='bbox 1234 1159 1238 1164; x_wconf 88' lang='grc'><strong>’</strong></span> 
     </span>
     <span class='ocr_line' id='line_1_12' title="bbox 132 1239 1172 1319; baseline -0.005 -16"><span class='ocrx_word' id='word_1_104' title='bbox 132 1244 319 1319; x_wconf 83' lang='lat' dir='ltr'><strong>perdolendos</strong></span> <span class='ocrx_word' id='word_1_105' title='bbox 339 1241 486 1314; x_wconf 77' lang='lat' dir='ltr'><strong>suppetat?</strong></span> <span class='ocrx_word' id='word_1_106' title='bbox 506 1239 596 1306; x_wconf 75' lang='lat' dir='ltr'><strong>Qunre</strong></span> <span class='ocrx_word' id='word_1_107' title='bbox 617 1255 683 1300; x_wconf 91' lang='lat' dir='ltr'><strong>cum</strong></span> <span class='ocrx_word' id='word_1_108' title='bbox 703 1241 814 1319; x_wconf 80' lang='lat' dir='ltr'><strong>omniu,</strong></span> <span class='ocrx_word' id='word_1_109' title='bbox 836 1256 909 1311; x_wconf 82' lang='lat' dir='ltr'><strong>quse</strong></span> <span class='ocrx_word' id='word_1_110' title='bbox 929 1244 1021 1313; x_wconf 88' lang='lat' dir='ltr'><strong>uppeti</strong></span> <span class='ocrx_word' id='word_1_111' title='bbox 1044 1251 1172 1316; x_wconf 84' lang='lat' dir='ltr'><strong>possunt,</strong></span> 
     </span>
     <span class='ocr_line' id='line_1_13' title="bbox 133 1324 1175 1400; baseline -0.001 -15"><span class='ocrx_word' id='word_1_112' title='bbox 133 1329 164 1385; x_wconf 91' lang='lat' dir='ltr'><strong>in</strong></span> <span class='ocrx_word' id='word_1_113' title='bbox 180 1334 290 1385; x_wconf 86' lang='lat' dir='ltr'><strong>tantum</strong></span> <span class='ocrx_word' id='word_1_114' title='bbox 309 1327 425 1400; x_wconf 79' lang='lat' dir='ltr'><strong>possuit,</strong></span> <span class='ocrx_word' id='word_1_115' title='bbox 447 1325 475 1384; x_wconf 88' lang='lat' dir='ltr'><strong>in</strong></span> <span class='ocrx_word' id='word_1_116' title='bbox 498 1330 637 1396; x_wconf 83' lang='lat' dir='ltr'><strong>uunntum</strong></span> <span class='ocrx_word' id='word_1_117' title='bbox 656 1326 691 1381; x_wconf 82' lang='lat' dir='ltr'><strong>tle</strong></span> <span class='ocrx_word' id='word_1_118' title='bbox 710 1324 786 1380; x_wconf 84' lang='lat' dir='ltr'><strong>nono</strong></span> <span class='ocrx_word' id='word_1_119' title='bbox 802 1325 984 1396; x_wconf 78' lang='lat' dir='ltr'><strong>porticipuut3</strong></span> <span class='ocrx_word' id='word_1_120' title='bbox 1003 1325 1033 1381; x_wconf 91' lang='lat' dir='ltr'><strong>tu</strong></span> <span class='ocrx_word' id='word_1_121' title='bbox 1054 1339 1087 1382; x_wconf 93' lang='lat' dir='ltr'><strong>eo</strong></span> <span class='ocrx_word' id='word_1_122' title='bbox 1103 1327 1175 1384; x_wconf 85' lang='lat' dir='ltr'><strong>rutlo</strong></span> 
     </span>
     <span class='ocr_line' id='line_1_14' title="bbox 132 1407 1175 1484; baseline 0 -16"><span class='ocrx_word' id='word_1_123' title='bbox 132 1411 389 1484; x_wconf 80' lang='lat' dir='ltr'><strong>uniuscuiusque</strong></span> <span class='ocrx_word' id='word_1_124' title='bbox 409 1409 590 1480; x_wconf 70' lang='lat' dir='ltr'><strong>appetitionis</strong></span> <span class='ocrx_word' id='word_1_125' title='bbox 609 1420 708 1466; x_wconf 81' lang='lat' dir='ltr'><strong>revers</strong></span> <span class='ocrx_word' id='word_1_126' title='bbox 725 1407 866 1479; x_wconf 68' lang='lat' dir='ltr'><strong>ceruitut3¹</strong></span> <span class='ocrx_word' id='word_1_127' title='bbox 887 1409 1027 1478; x_wconf 78' lang='lat' dir='ltr'><strong>simulem</strong></span> <span class='ocrx_word' id='word_1_128' title='bbox 1047 1409 1175 1468; x_wconf 71' lang='lat' dir='ltr'><strong>unstluts</strong></span> 
     </span>
     <span class='ocr_line' id='line_1_15' title="bbox 133 1493 1175 1567; baseline 0 -14"><span class='ocrx_word' id='word_1_129' title='bbox 133 1502 163 1553; x_wconf 92' lang='lat' dir='ltr'><strong>et</strong></span> <span class='ocrx_word' id='word_1_130' title='bbox 179 1494 345 1566; x_wconf 85' lang='lat' dir='ltr'><strong>simpliciter</strong></span> <span class='ocrx_word' id='word_1_131' title='bbox 363 1501 475 1567; x_wconf 88' lang='lat' dir='ltr'><strong>propter</strong></span> <span class='ocrx_word' id='word_1_132' title='bbox 494 1507 524 1550; x_wconf 85' lang='lat' dir='ltr'><strong>sc</strong></span> <span class='ocrx_word' id='word_1_133' title='bbox 538 1493 680 1566; x_wconf 79' lang='lat' dir='ltr'><strong>oppetitur</strong></span> <span class='ocrx_word' id='word_1_134' title='bbox 696 1499 724 1551; x_wconf 87' lang='lat' dir='ltr'><strong>ct</strong></span> <span class='ocrx_word' id='word_1_135' title='bbox 744 1505 831 1550; x_wconf 82' lang='lat' dir='ltr'><strong>cause</strong></span> <span class='ocrx_word' id='word_1_136' title='bbox 845 1497 888 1550; x_wconf 91' lang='lat' dir='ltr'><strong>est</strong></span> <span class='ocrx_word' id='word_1_137' title='bbox 903 1507 953 1550; x_wconf 89' lang='lat' dir='ltr'><strong>cur</strong></span> <span class='ocrx_word' id='word_1_138' title='bbox 972 1499 1065 1550; x_wconf 80' lang='lat' dir='ltr'><strong>cetero</strong></span> <span class='ocrx_word' id='word_1_139' title='bbox 1078 1496 1175 1554; x_wconf 83' lang='lat' dir='ltr'><strong>omniu</strong></span> 
     </span>
     <span class='ocr_line' id='line_1_16' title="bbox 133 1583 310 1649; baseline 0 -15"><span class='ocrx_word' id='word_1_140' title='bbox 133 1583 310 1649; x_wconf 75' lang='lat' dir='ltr'><strong>oppetemus,</strong></span> 
     </span>
    </p>

    <p class='ocr_par' dir='ltr' id='par_1_3' title="bbox 131 1659 1176 2814">
     <span class='ocr_line' id='line_1_17' title="bbox 169 1659 1175 1733; baseline 0.003 -14"><span class='ocrx_word' id='word_1_141' title='bbox 169 1660 196 1719; x_wconf 87' lang='lat'><strong>8.</strong></span> <span class='ocrx_word' id='word_1_142' title='bbox 221 1659 248 1720; x_wconf 89' lang='lat' dir='ltr'><strong>ld</strong></span> <span class='ocrx_word' id='word_1_143' title='bbox 270 1677 334 1720; x_wconf 93' lang='lat' dir='ltr'><strong>cum</strong></span> <span class='ocrx_word' id='word_1_144' title='bbox 359 1667 435 1719; x_wconf 88' lang='lat' dir='ltr'><strong>certo</strong></span> <span class='ocrx_word' id='word_1_145' title='bbox 452 1665 575 1732; x_wconf 78' lang='lat' dir='ltr'><strong>ctrnrtet,</strong></span> <span class='ocrx_word' id='word_1_146' title='bbox 603 1659 678 1718; x_wconf 83' lang='lat' dir='ltr'><strong>issud</strong></span> <span class='ocrx_word' id='word_1_147' title='bbox 710 1666 804 1718; x_wconf 78' lang='lat' dir='ltr'><strong>tomen</strong></span> <span class='ocrx_word' id='word_1_148' title='bbox 830 1661 987 1733; x_wconf 83' lang='lat' dir='ltr'><strong>putandum</strong></span> <span class='ocrx_word' id='word_1_149' title='bbox 1006 1666 1049 1719; x_wconf 87' lang='lat' dir='ltr'><strong>est</strong></span> <span class='ocrx_word' id='word_1_150' title='bbox 1068 1662 1175 1722; x_wconf 82' lang='lat' dir='ltr'><strong>deside</strong></span> 
     </span>
     <span class='ocr_line' id='line_1_18' title="bbox 133 1743 1176 1820; baseline 0.003 -18"><span class='ocrx_word' id='word_1_151' title='bbox 133 1745 209 1802; x_wconf 87' lang='lat' dir='ltr'><strong>rium</strong></span> <span class='ocrx_word' id='word_1_152' title='bbox 230 1743 304 1802; x_wconf 87' lang='lat' dir='ltr'><strong>istud</strong></span> <span class='ocrx_word' id='word_1_153' title='bbox 325 1746 391 1804; x_wconf 90' lang='lat' dir='ltr'><strong>boui</strong></span> <span class='ocrx_word' id='word_1_154' title='bbox 410 1743 544 1803; x_wconf 78' lang='lat' dir='ltr'><strong>abstracti</strong></span> <span class='ocrx_word' id='word_1_155' title='bbox 560 1745 693 1816; x_wconf 74' lang='lat' dir='ltr'><strong>explicite</strong></span> <span class='ocrx_word' id='word_1_156' title='bbox 712 1752 826 1818; x_wconf 77' lang='lat' dir='ltr'><strong>semper</strong></span> <span class='ocrx_word' id='word_1_157' title='bbox 844 1745 1019 1803; x_wconf 82' lang='lat' dir='ltr'><strong>manitestnri</strong></span> <span class='ocrx_word' id='word_1_158' title='bbox 1036 1748 1065 1806; x_wconf 88' lang='lat' dir='ltr'><strong>in</strong></span> <span class='ocrx_word' id='word_1_159' title='bbox 1081 1749 1176 1820; x_wconf 82' lang='lat' dir='ltr'><strong>singu</strong></span> 
     </span>
     <span class='ocr_line' id='line_1_19' title="bbox 132 1829 1175 1904; baseline 0.002 -17"><span class='ocrx_word' id='word_1_160' title='bbox 132 1829 168 1888; x_wconf 91' lang='lat' dir='ltr'><strong>lis</strong></span> <span class='ocrx_word' id='word_1_161' title='bbox 189 1829 307 1888; x_wconf 86' lang='lat' dir='ltr'><strong>obtectis</strong></span> <span class='ocrx_word' id='word_1_162' title='bbox 326 1829 501 1904; x_wconf 74' lang='lat' dir='ltr'><strong>appetendis.</strong></span> <span class='ocrx_word' id='word_1_163' title='bbox 524 1829 631 1889; x_wconf 81' lang='lat' dir='ltr'><strong>iterem</strong></span> <span class='ocrx_word' id='word_1_164' title='bbox 652 1829 729 1886; x_wconf 84' lang='lat' dir='ltr'><strong>cuim</strong></span> <span class='ocrx_word' id='word_1_165' title='bbox 754 1831 922 1902; x_wconf 86' lang='lat' dir='ltr'><strong>plerumque</strong></span> <span class='ocrx_word' id='word_1_166' title='bbox 940 1844 993 1888; x_wconf 88' lang='lat' dir='ltr'><strong>uos</strong></span> <span class='ocrx_word' id='word_1_167' title='bbox 1012 1839 1106 1889; x_wconf 88' lang='lat' dir='ltr'><strong>moret</strong></span> <span class='ocrx_word' id='word_1_168' title='bbox 1125 1832 1175 1889; x_wconf 87' lang='lat' dir='ltr'><strong>irn-</strong></span> 
     </span>
     <span class='ocr_line' id='line_1_20' title="bbox 131 1913 1175 1988; baseline 0.004 -18"><span class='ocrx_word' id='word_1_169' title='bbox 131 1913 236 1986; x_wconf 82' lang='lat' dir='ltr'><strong>plicitc.</strong></span> <span class='ocrx_word' id='word_1_170' title='bbox 258 1914 312 1984; x_wconf 85' lang='lat' dir='ltr'><strong>its,</strong></span> <span class='ocrx_word' id='word_1_171' title='bbox 331 1915 378 1988; x_wconf 82' lang='lat' dir='ltr'><strong>qut</strong></span> <span class='ocrx_word' id='word_1_172' title='bbox 396 1929 442 1972; x_wconf 85' lang='lat' dir='ltr'><strong>en.</strong></span> <span class='ocrx_word' id='word_1_173' title='bbox 464 1929 506 1986; x_wconf 87' lang='lat' dir='ltr'><strong>gr.</strong></span> <span class='ocrx_word' id='word_1_174' title='bbox 528 1913 676 1972; x_wconf 72' lang='lat' dir='ltr'><strong>sitientium</strong></span> <span class='ocrx_word' id='word_1_175' title='bbox 698 1913 805 1984; x_wconf 84' lang='lat' dir='ltr'><strong>diligit,</strong></span> <span class='ocrx_word' id='word_1_176' title='bbox 824 1913 850 1970; x_wconf 91' lang='lat' dir='ltr'><strong>is</strong></span> <span class='ocrx_word' id='word_1_177' title='bbox 868 1914 900 1971; x_wconf 83' lang='lat' dir='ltr'><strong>itt</strong></span> <span class='ocrx_word' id='word_1_178' title='bbox 919 1915 1070 1986; x_wconf 82' lang='lat' dir='ltr'><strong>peculiaris</strong></span> <span class='ocrx_word' id='word_1_179' title='bbox 1091 1917 1175 1974; x_wconf 88' lang='lat' dir='ltr'><strong>nutus</strong></span> 
     </span>
     <span class='ocr_line' id='line_1_21' title="bbox 132 1996 1173 2071; baseline 0.003 -17"><span class='ocrx_word' id='word_1_180' title='bbox 132 1997 199 2055; x_wconf 86' lang='lat' dir='ltr'><strong>ltoui</strong></span> <span class='ocrx_word' id='word_1_181' title='bbox 218 2011 314 2056; x_wconf 84' lang='lat' dir='ltr'><strong>umore</strong></span> <span class='ocrx_word' id='word_1_182' title='bbox 334 1997 467 2070; x_wconf 74' lang='lat' dir='ltr'><strong>pulsetur,</strong></span> <span class='ocrx_word' id='word_1_183' title='bbox 488 2013 559 2070; x_wconf 86' lang='lat' dir='ltr'><strong>opus</strong></span> <span class='ocrx_word' id='word_1_184' title='bbox 579 2013 637 2055; x_wconf 90' lang='lat' dir='ltr'><strong>non</strong></span> <span class='ocrx_word' id='word_1_185' title='bbox 654 1996 742 2054; x_wconf 80' lang='lat' dir='ltr'><strong>nubet</strong></span> <span class='ocrx_word' id='word_1_186' title='bbox 762 2001 793 2054; x_wconf 94' lang='lat' dir='ltr'><strong>ut</strong></span> <span class='ocrx_word' id='word_1_187' title='bbox 809 1996 862 2056; x_wconf 84' lang='lat' dir='ltr'><strong>troc</strong></span> <span class='ocrx_word' id='word_1_188' title='bbox 884 1998 967 2055; x_wconf 92' lang='lat' dir='ltr'><strong>mudo</strong></span> <span class='ocrx_word' id='word_1_189' title='bbox 986 2001 1060 2071; x_wconf 85' lang='lat' dir='ltr'><strong>apud</strong></span> <span class='ocrx_word' id='word_1_190' title='bbox 1081 2015 1111 2056; x_wconf 88' lang='lat' dir='ltr'><strong>se</strong></span> <span class='ocrx_word' id='word_1_191' title='bbox 1131 2015 1173 2057; x_wconf 84' lang='lat' dir='ltr'><strong>rs·</strong></span> 
     </span>
     <span class='ocr_line' id='line_1_22' title="bbox 133 2080 1175 2156; baseline 0.001 -17"><span class='ocrx_word' id='word_1_192' title='bbox 133 2082 297 2140; x_wconf 90' lang='lat' dir='ltr'><strong>tiociuetur:</strong></span> <span class='ocrx_word' id='word_1_193' title='bbox 314 2095 363 2156; x_wconf 86' lang='lat' dir='ltr'><strong>epo</strong></span> <span class='ocrx_word' id='word_1_194' title='bbox 379 2081 487 2140; x_wconf 84' lang='lat' dir='ltr'><strong>bouum</strong></span> <span class='ocrx_word' id='word_1_195' title='bbox 505 2082 649 2139; x_wconf 79' lang='lat' dir='ltr'><strong>ntrtrcou</strong></span> <span class='ocrx_word' id='word_1_196' title='bbox 667 2082 771 2155; x_wconf 61' lang='lat' dir='ltr'><strong>nuptm·</strong></span> <span class='ocrx_word' id='word_1_197' title='bbox 790 2080 839 2137; x_wconf 84' lang='lat' dir='ltr'><strong>red</strong></span> <span class='ocrx_word' id='word_1_198' title='bbox 857 2081 979 2140; x_wconf 74' lang='lat' dir='ltr'><strong>scient-iu</strong></span> <span class='ocrx_word' id='word_1_199' title='bbox 994 2082 1103 2140; x_wconf 81' lang='lat' dir='ltr'><strong>tonum</strong></span> <span class='ocrx_word' id='word_1_200' title='bbox 1123 2083 1175 2142; x_wconf 83' lang='lat' dir='ltr'><strong>troc</strong></span> 
     </span>
     <span class='ocr_line' id='line_1_23' title="bbox 132 2164 1175 2241; baseline 0.003 -18"><span class='ocrx_word' id='word_1_201' title='bbox 132 2167 308 2241; x_wconf 79' lang='lat' dir='ltr'><strong>participat,-</strong></span> <span class='ocrx_word' id='word_1_202' title='bbox 328 2182 395 2240; x_wconf 81' lang='lat' dir='ltr'><strong>erpo</strong></span> <span class='ocrx_word' id='word_1_203' title='bbox 417 2167 578 2240; x_wconf 80' lang='lat' dir='ltr'><strong>oppetendo</strong></span> <span class='ocrx_word' id='word_1_204' title='bbox 600 2164 679 2222; x_wconf 82' lang='lat' dir='ltr'><strong>milti</strong></span> <span class='ocrx_word' id='word_1_205' title='bbox 700 2171 749 2223; x_wconf 76' lang='lat' dir='ltr'><strong>est.</strong></span> <span class='ocrx_word' id='word_1_206' title='bbox 774 2165 827 2223; x_wconf 84' lang='lat' dir='ltr'><strong>sed</strong></span> <span class='ocrx_word' id='word_1_207' title='bbox 847 2165 953 2224; x_wconf 86' lang='lat' dir='ltr'><strong>srrttlctt</strong></span> <span class='ocrx_word' id='word_1_208' title='bbox 971 2171 1003 2225; x_wconf 92' lang='lat' dir='ltr'><strong>nt</strong></span> <span class='ocrx_word' id='word_1_209' title='bbox 1027 2167 1175 2226; x_wconf 83' lang='lat' dir='ltr'><strong>scientiam</strong></span> 
     </span>
     <span class='ocr_line' id='line_1_24' title="bbox 135 2249 1175 2324; baseline 0.002 -16"><span class='ocrx_word' id='word_1_210' title='bbox 135 2252 323 2310; x_wconf 85' lang='lat' dir='ltr'><strong>essebonum</strong></span> <span class='ocrx_word' id='word_1_211' title='bbox 349 2256 502 2323; x_wconf 77' lang='lat' dir='ltr'><strong>agnoscet,</strong></span> <span class='ocrx_word' id='word_1_212' title='bbox 525 2254 556 2307; x_wconf 91' lang='lat' dir='ltr'><strong>ut</strong></span> <span class='ocrx_word' id='word_1_213' title='bbox 578 2249 640 2309; x_wconf 89' lang='lat' dir='ltr'><strong>elus</strong></span> <span class='ocrx_word' id='word_1_214' title='bbox 665 2249 806 2307; x_wconf 80' lang='lat' dir='ltr'><strong>desiderio</strong></span> <span class='ocrx_word' id='word_1_215' title='bbox 829 2251 974 2324; x_wconf 82' lang='lat' dir='ltr'><strong>cupiatur3</strong></span> <span class='ocrx_word' id='word_1_216' title='bbox 1000 2251 1066 2310; x_wconf 89' lang='lat' dir='ltr'><strong>licet</strong></span> <span class='ocrx_word' id='word_1_217' title='bbox 1085 2251 1175 2310; x_wconf 83' lang='lat' dir='ltr'><strong>lateus</strong></span> 
     </span>
     <span class='ocr_line' id='line_1_25' title="bbox 134 2330 1175 2414; baseline 0.002 -22"><span class='ocrx_word' id='word_1_218' title='bbox 134 2336 315 2409; x_wconf 82' lang='lat' dir='ltr'><strong>principium,</strong></span> <span class='ocrx_word' id='word_1_219' title='bbox 332 2351 350 2392; x_wconf 88' lang='lat' dir='ltr'>a</span> <span class='ocrx_word' id='word_1_220' title='bbox 367 2343 423 2408; x_wconf 88' lang='lat' dir='ltr'><strong>tpro</strong></span> <span class='ocrx_word' id='word_1_221' title='bbox 438 2330 474 2391; x_wconf 87' lang='lat' dir='ltr'><strong>sd</strong></span> <span class='ocrx_word' id='word_1_222' title='bbox 494 2333 571 2391; x_wconf 84' lang='lat' dir='ltr'><strong>illum</strong></span> <span class='ocrx_word' id='word_1_223' title='bbox 592 2334 766 2406; x_wconf 82' lang='lat' dir='ltr'><strong>diligendum</strong></span> <span class='ocrx_word' id='word_1_224' title='bbox 787 2335 963 2408; x_wconf 78' lang='lat' dir='ltr'><strong>sollicitetur,</strong></span> <span class='ocrx_word' id='word_1_225' title='bbox 982 2337 1175 2414; x_wconf 76' lang='lat' dir='ltr'><strong>intendentia</strong></span> 
     </span>
     <span class='ocr_line' id='line_1_26' title="bbox 135 2419 1172 2492; baseline 0.003 -17"><span class='ocrx_word' id='word_1_226' title='bbox 135 2419 223 2476; x_wconf 78' lang='lat' dir='ltr'><strong>animi</strong></span> <span class='ocrx_word' id='word_1_227' title='bbox 244 2421 279 2476; x_wconf 85' lang='lat' dir='ltr'><strong>cd</strong></span> <span class='ocrx_word' id='word_1_228' title='bbox 294 2419 402 2477; x_wconf 90' lang='lat' dir='ltr'><strong>bunum</strong></span> <span class='ocrx_word' id='word_1_229' title='bbox 422 2419 452 2476; x_wconf 86' lang='lat' dir='ltr'><strong>in</strong></span> <span class='ocrx_word' id='word_1_230' title='bbox 469 2433 573 2491; x_wconf 87' lang='lat' dir='ltr'><strong>genere</strong></span> <span class='ocrx_word' id='word_1_231' title='bbox 593 2420 680 2476; x_wconf 89' lang='lat' dir='ltr'><strong>sitnm</strong></span> <span class='ocrx_word' id='word_1_232' title='bbox 698 2419 744 2478; x_wconf 90' lang='lat' dir='ltr'><strong>sit.</strong></span> <span class='ocrx_word' id='word_1_233' title='bbox 771 2420 862 2487; x_wconf 76' lang='lat' dir='ltr'><strong>oriere</strong></span> <span class='ocrx_word' id='word_1_234' title='bbox 882 2435 948 2479; x_wconf 92' lang='lat' dir='ltr'><strong>cum</strong></span> <span class='ocrx_word' id='word_1_235' title='bbox 967 2421 996 2477; x_wconf 87' lang='lat' dir='ltr'><strong>ld</strong></span> <span class='ocrx_word' id='word_1_236' title='bbox 1013 2421 1172 2492; x_wconf 82' lang='lat' dir='ltr'><strong>intercidit,</strong></span> 
     </span>
     <span class='ocr_line' id='line_1_27' title="bbox 134 2502 1174 2577; baseline 0.001 -18"><span class='ocrx_word' id='word_1_237' title='bbox 134 2502 247 2560; x_wconf 84' lang='lat' dir='ltr'><strong>animus</strong></span> <span class='ocrx_word' id='word_1_238' title='bbox 266 2503 296 2560; x_wconf 89' lang='lat' dir='ltr'><strong>iu</strong></span> <span class='ocrx_word' id='word_1_239' title='bbox 314 2502 433 2560; x_wconf 85' lang='lat' dir='ltr'><strong>scientis</strong></span> <span class='ocrx_word' id='word_1_240' title='bbox 447 2503 561 2576; x_wconf 84' lang='lat' dir='ltr'><strong>quidem</strong></span> <span class='ocrx_word' id='word_1_241' title='bbox 578 2503 665 2574; x_wconf 77' lang='lat' dir='ltr'><strong>&#39;sistit¹</strong></span> <span class='ocrx_word' id='word_1_242' title='bbox 685 2518 786 2562; x_wconf 77' lang='lat' dir='ltr'><strong>sertim</strong></span> <span class='ocrx_word' id='word_1_243' title='bbox 805 2519 863 2562; x_wconf 92' lang='lat' dir='ltr'><strong>non</strong></span> <span class='ocrx_word' id='word_1_244' title='bbox 882 2503 1002 2577; x_wconf 77' lang='lat' dir='ltr'><strong>positive</strong></span> <span class='ocrx_word' id='word_1_245' title='bbox 1019 2504 1069 2559; x_wconf 83' lang='lat' dir='ltr'><strong>sed</strong></span> <span class='ocrx_word' id='word_1_246' title='bbox 1087 2519 1174 2576; x_wconf 73' lang='lat' dir='ltr'><strong>nepo-</strong></span> 
     </span>
     <span class='ocr_line' id='line_1_28' title="bbox 136 2585 1174 2660; baseline 0 -18"><span class='ocrx_word' id='word_1_247' title='bbox 136 2585 206 2658; x_wconf 85' lang='lat' dir='ltr'><strong>ttoo,·</strong></span> <span class='ocrx_word' id='word_1_248' title='bbox 225 2598 365 2660; x_wconf 87' lang='lat' dir='ltr'><strong>quatenus</strong></span> <span class='ocrx_word' id='word_1_249' title='bbox 384 2585 461 2644; x_wconf 81' lang='lat' dir='ltr'><strong>illum</strong></span> <span class='ocrx_word' id='word_1_250' title='bbox 482 2602 539 2644; x_wconf 91' lang='lat' dir='ltr'><strong>non</strong></span> <span class='ocrx_word' id='word_1_251' title='bbox 560 2589 626 2644; x_wconf 79' lang='lat' dir='ltr'><strong>actu</strong></span> <span class='ocrx_word' id='word_1_252' title='bbox 647 2587 680 2642; x_wconf 85' lang='lat' dir='ltr'><strong>au</strong></span> <span class='ocrx_word' id='word_1_253' title='bbox 712 2587 789 2644; x_wconf 82' lang='lat' dir='ltr'><strong>aliud</strong></span> <span class='ocrx_word' id='word_1_254' title='bbox 814 2588 914 2658; x_wconf 88' lang='lat' dir='ltr'><strong>retert,</strong></span> <span class='ocrx_word' id='word_1_255' title='bbox 936 2600 1110 2658; x_wconf 80' lang='lat' dir='ltr'><strong>quamquem</strong></span> <span class='ocrx_word' id='word_1_256' title='bbox 1131 2600 1174 2642; x_wconf 78' lang='lat' dir='ltr'><strong>re</strong></span> 
     </span>
     <span class='ocr_line' id='line_1_29' title="bbox 134 2667 1174 2746; baseline 0 -20"><span class='ocrx_word' id='word_1_257' title='bbox 134 2669 208 2728; x_wconf 86' lang='lat' dir='ltr'><strong>terre</strong></span> <span class='ocrx_word' id='word_1_258' title='bbox 230 2670 332 2744; x_wconf 67' lang='lat' dir='ltr'><strong>possim</strong></span> <span class='ocrx_word' id='word_1_259' title='bbox 354 2671 490 2729; x_wconf 88' lang='lat' dir='ltr'><strong>nimirum</strong></span> <span class='ocrx_word' id='word_1_260' title='bbox 509 2670 545 2728; x_wconf 84' lang='lat' dir='ltr'><strong>od</strong></span> <span class='ocrx_word' id='word_1_261' title='bbox 565 2669 672 2728; x_wconf 87' lang='lat' dir='ltr'><strong>bonum</strong></span> <span class='ocrx_word' id='word_1_262' title='bbox 695 2685 753 2746; x_wconf 85' lang='lat' dir='ltr'><strong>qus</strong></span> <span class='ocrx_word' id='word_1_263' title='bbox 771 2670 894 2741; x_wconf 88' lang='lat' dir='ltr'><strong>honum,</strong></span> <span class='ocrx_word' id='word_1_264' title='bbox 915 2683 952 2726; x_wconf 80' lang='lat' dir='ltr'><strong>es</strong></span> <span class='ocrx_word' id='word_1_265' title='bbox 973 2667 1053 2726; x_wconf 88' lang='lat' dir='ltr'><strong>cuius</strong></span> <span class='ocrx_word' id='word_1_266' title='bbox 1078 2682 1174 2726; x_wconf 83' lang='lat' dir='ltr'><strong>umore</strong></span> 
     </span>
     <span class='ocr_line' id='line_1_30' title="bbox 135 2753 419 2814; baseline 0.004 -3"><span class='ocrx_word' id='word_1_267' title='bbox 135 2753 254 2814; x_wconf 82' lang='lat' dir='ltr'><strong>latenter</strong></span> <span class='ocrx_word' id='word_1_268' title='bbox 270 2756 419 2813; x_wconf 82' lang='lat' dir='ltr'><strong>excitatur.</strong></span> 
     </span>
    </p>

    <p class='ocr_par' dir='ltr' id='par_1_4' title="bbox 135 2835 1224 3737">
     <span class='ocr_line' id='line_1_31' title="bbox 170 2835 1174 2910; baseline -0.002 -15"><span class='ocrx_word' id='word_1_269' title='bbox 170 2839 258 2910; x_wconf 81' lang='lat' dir='ltr'><strong>tique</strong></span> <span class='ocrx_word' id='word_1_270' title='bbox 277 2845 308 2896; x_wconf 91' lang='lat' dir='ltr'><strong>ut</strong></span> <span class='ocrx_word' id='word_1_271' title='bbox 326 2837 456 2910; x_wconf 78' lang='lat' dir='ltr'><strong>exemplo</strong></span> <span class='ocrx_word' id='word_1_272' title='bbox 475 2851 536 2895; x_wconf 91' lang='lat' dir='ltr'><strong>rem</strong></span> <span class='ocrx_word' id='word_1_273' title='bbox 557 2836 729 2906; x_wconf 74' lang='lat' dir='ltr'><strong>collustrent,</strong></span> <span class='ocrx_word' id='word_1_274' title='bbox 748 2835 794 2892; x_wconf 89' lang='lat' dir='ltr'><strong>nic</strong></span> <span class='ocrx_word' id='word_1_275' title='bbox 809 2835 838 2892; x_wconf 90' lang='lat' dir='ltr'><strong>in</strong></span> <span class='ocrx_word' id='word_1_276' title='bbox 861 2835 1004 2892; x_wconf 83' lang='lat' dir='ltr'><strong>voluntate</strong></span> <span class='ocrx_word' id='word_1_277' title='bbox 1018 2837 1109 2907; x_wconf 81' lang='lat' dir='ltr'><strong>qrtosd</strong></span> <span class='ocrx_word' id='word_1_278' title='bbox 1128 2835 1174 2893; x_wconf 84' lang='lat' dir='ltr'><strong>bo</strong></span> 
     </span>
     <span class='ocr_line' id='line_1_32' title="bbox 135 2918 1174 2992; baseline -0.001 -14"><span class='ocrx_word' id='word_1_279' title='bbox 135 2935 205 2978; x_wconf 91' lang='lat' dir='ltr'><strong>num</strong></span> <span class='ocrx_word' id='word_1_280' title='bbox 224 2919 300 2977; x_wconf 85' lang='lat' dir='ltr'><strong>idem</strong></span> <span class='ocrx_word' id='word_1_281' title='bbox 323 2921 412 2977; x_wconf 87' lang='lat' dir='ltr'><strong>terme</strong></span> <span class='ocrx_word' id='word_1_282' title='bbox 431 2918 569 2990; x_wconf 87' lang='lat' dir='ltr'><strong>contingit</strong></span> <span class='ocrx_word' id='word_1_283' title='bbox 587 2925 671 2990; x_wconf 82' lang='lat' dir='ltr'><strong>stqtre</strong></span> <span class='ocrx_word' id='word_1_284' title='bbox 692 2919 721 2975; x_wconf 93' lang='lat' dir='ltr'><strong>iu</strong></span> <span class='ocrx_word' id='word_1_285' title='bbox 743 2918 886 2976; x_wconf 86' lang='lat' dir='ltr'><strong>intellectu</strong></span> <span class='ocrx_word' id='word_1_286' title='bbox 906 2918 998 2991; x_wconf 86' lang='lat' dir='ltr'><strong>quoad</strong></span> <span class='ocrx_word' id='word_1_287' title='bbox 1017 2919 1174 2992; x_wconf 77' lang='lat' dir='ltr'><strong>appretien-</strong></span> 
     </span>
     <span class='ocr_line' id='line_1_33' title="bbox 137 2999 1174 3077; baseline 0.003 -16"><span class='ocrx_word' id='word_1_288' title='bbox 137 3005 246 3062; x_wconf 87' lang='lat' dir='ltr'><strong>sionem</strong></span> <span class='ocrx_word' id='word_1_289' title='bbox 258 3008 286 3058; x_wconf 86' lang='lat' dir='ltr'><strong>et</strong></span> <span class='ocrx_word' id='word_1_290' title='bbox 303 3001 440 3059; x_wconf 89' lang='lat' dir='ltr'><strong>iudicium</strong></span> <span class='ocrx_word' id='word_1_291' title='bbox 456 3000 532 3058; x_wconf 83' lang='lat' dir='ltr'><strong>circs</strong></span> <span class='ocrx_word' id='word_1_292' title='bbox 548 3013 655 3056; x_wconf 79' lang='lat' dir='ltr'><strong>verum.</strong></span> <span class='ocrx_word' id='word_1_293' title='bbox 668 2999 734 3058; x_wconf 87' lang='lat' dir='ltr'><strong>idea</strong></span> <span class='ocrx_word' id='word_1_294' title='bbox 748 3000 825 3058; x_wconf 90' lang='lat' dir='ltr'><strong>euim</strong></span> <span class='ocrx_word' id='word_1_295' title='bbox 842 3002 916 3059; x_wconf 89' lang='lat' dir='ltr'><strong>entis</strong></span> <span class='ocrx_word' id='word_1_296' title='bbox 930 3006 973 3058; x_wconf 89' lang='lat' dir='ltr'><strong>est</strong></span> <span class='ocrx_word' id='word_1_297' title='bbox 988 3003 1103 3076; x_wconf 86' lang='lat' dir='ltr'><strong>quidem</strong></span> <span class='ocrx_word' id='word_1_298' title='bbox 1119 3004 1174 3077; x_wconf 84' lang='lat' dir='ltr'><strong>pri·</strong></span> 
     </span>
     <span class='ocr_line' id='line_1_34' title="bbox 136 3083 1174 3160; baseline 0.001 -15"><span class='ocrx_word' id='word_1_299' title='bbox 136 3103 184 3146; x_wconf 84' lang='lat' dir='ltr'><strong>me</strong></span> <span class='ocrx_word' id='word_1_300' title='bbox 201 3085 277 3142; x_wconf 92' lang='lat' dir='ltr'><strong>notio</strong></span> <span class='ocrx_word' id='word_1_301' title='bbox 296 3097 368 3160; x_wconf 85' lang='lat' dir='ltr'><strong>quse</strong></span> <span class='ocrx_word' id='word_1_302' title='bbox 385 3084 415 3140; x_wconf 89' lang='lat' dir='ltr'><strong>in</strong></span> <span class='ocrx_word' id='word_1_303' title='bbox 437 3083 519 3141; x_wconf 87' lang='lat' dir='ltr'><strong>uobis</strong></span> <span class='ocrx_word' id='word_1_304' title='bbox 535 3083 673 3153; x_wconf 78' lang='lat' dir='ltr'><strong>exsurgit,</strong></span> <span class='ocrx_word' id='word_1_305' title='bbox 688 3089 717 3141; x_wconf 91' lang='lat' dir='ltr'><strong>et</strong></span> <span class='ocrx_word' id='word_1_306' title='bbox 732 3087 777 3140; x_wconf 89' lang='lat' dir='ltr'><strong>est</strong></span> <span class='ocrx_word' id='word_1_307' title='bbox 790 3085 876 3143; x_wconf 82' lang='lat' dir='ltr'><strong>etism</strong></span> <span class='ocrx_word' id='word_1_308' title='bbox 891 3087 962 3144; x_wconf 82' lang='lat' dir='ltr'><strong>ratio</strong></span> <span class='ocrx_word' id='word_1_309' title='bbox 979 3101 1029 3145; x_wconf 92' lang='lat' dir='ltr'><strong>cur</strong></span> <span class='ocrx_word' id='word_1_310' title='bbox 1045 3088 1174 3158; x_wconf 87' lang='lat' dir='ltr'><strong>siugutue</strong></span> 
     </span>
     <span class='ocr_line' id='line_1_35' title="bbox 136 3166 1174 3243; baseline -0.001 -13"><span class='ocrx_word' id='word_1_311' title='bbox 136 3171 270 3230; x_wconf 81' lang='lat' dir='ltr'><strong>ueritates</strong></span> <span class='ocrx_word' id='word_1_312' title='bbox 287 3167 550 3242; x_wconf 63' lang='lat' dir='ltr'><strong>apprehensurum</strong></span> <span class='ocrx_word' id='word_1_313' title='bbox 567 3166 618 3224; x_wconf 86' lang='lat' dir='ltr'><strong>sed</strong></span> <span class='ocrx_word' id='word_1_314' title='bbox 633 3180 690 3225; x_wconf 90' lang='lat' dir='ltr'><strong>nou</strong></span> <span class='ocrx_word' id='word_1_315' title='bbox 706 3168 860 3240; x_wconf 78' lang='lat' dir='ltr'><strong>requiritur</strong></span> <span class='ocrx_word' id='word_1_316' title='bbox 870 3175 902 3228; x_wconf 89' lang='lat' dir='ltr'><strong>ut</strong></span> <span class='ocrx_word' id='word_1_317' title='bbox 915 3184 1028 3242; x_wconf 86' lang='lat' dir='ltr'><strong>semper</strong></span> <span class='ocrx_word' id='word_1_318' title='bbox 1040 3171 1174 3243; x_wconf 85' lang='lat' dir='ltr'><strong>deinceps</strong></span> 
     </span>
     <span class='ocr_line' id='line_1_36' title="bbox 137 3251 1224 3328; baseline 0.003 -15"><span class='ocrx_word' id='word_1_319' title='bbox 137 3254 270 3328; x_wconf 79' lang='lat' dir='ltr'><strong>explicite</strong></span> <span class='ocrx_word' id='word_1_320' title='bbox 287 3251 432 3324; x_wconf 75' lang='lat' dir='ltr'><strong>cogitetur,</strong></span> <span class='ocrx_word' id='word_1_321' title='bbox 445 3265 510 3309; x_wconf 90' lang='lat' dir='ltr'><strong>cum</strong></span> <span class='ocrx_word' id='word_1_322' title='bbox 525 3257 634 3310; x_wconf 80' lang='lat' dir='ltr'><strong>ceteros</strong></span> <span class='ocrx_word' id='word_1_323' title='bbox 649 3252 825 3325; x_wconf 84' lang='lat' dir='ltr'><strong>cognitiones</strong></span> <span class='ocrx_word' id='word_1_324' title='bbox 840 3255 1024 3326; x_wconf 79' lang='lat' dir='ltr'><strong>acquirimus.</strong></span> <span class='ocrx_word' id='word_1_325' title='bbox 1038 3255 1083 3312; x_wconf 86' lang='lat' dir='ltr'><strong>Sic</strong></span> <span class='ocrx_word' id='word_1_326' title='bbox 1096 3266 1176 3315; x_wconf 90' lang='lat' dir='ltr'><strong>smor</strong></span> <span class='ocrx_word' id='word_1_327' title='bbox 1219 3311 1224 3316; x_wconf 89' lang='lat'><em>.</em></span> 
     </span>
     <span class='ocr_line' id='line_1_37' title="bbox 136 3335 1175 3413; baseline -0.001 -14"><span class='ocrx_word' id='word_1_328' title='bbox 136 3339 204 3399; x_wconf 91' lang='lat' dir='ltr'><strong>boni</strong></span> <span class='ocrx_word' id='word_1_329' title='bbox 218 3335 375 3413; x_wconf 80' lang='lat' dir='ltr'><strong>generatim</strong></span> <span class='ocrx_word' id='word_1_330' title='bbox 394 3337 513 3410; x_wconf 84' lang='lat' dir='ltr'><strong>inspecti</strong></span> <span class='ocrx_word' id='word_1_331' title='bbox 524 3345 566 3395; x_wconf 89' lang='lat' dir='ltr'><strong>est</strong></span> <span class='ocrx_word' id='word_1_332' title='bbox 583 3337 691 3410; x_wconf 85' lang='lat' dir='ltr'><strong>primus</strong></span> <span class='ocrx_word' id='word_1_333' title='bbox 704 3336 883 3412; x_wconf 80' lang='lat' dir='ltr'><strong>affectusqui</strong></span> <span class='ocrx_word' id='word_1_334' title='bbox 899 3339 929 3397; x_wconf 94' lang='lat' dir='ltr'><strong>iu</strong></span> <span class='ocrx_word' id='word_1_335' title='bbox 945 3339 1041 3397; x_wconf 84' lang='lat' dir='ltr'><strong>animo</strong></span> <span class='ocrx_word' id='word_1_336' title='bbox 1056 3338 1175 3412; x_wconf 79' lang='lat' dir='ltr'><strong>pullulat</strong></span> 
     </span>
     <span class='ocr_line' id='line_1_38' title="bbox 138 3423 1175 3499; baseline -0.001 -16"><span class='ocrx_word' id='word_1_337' title='bbox 138 3432 201 3499; x_wconf 90' lang='lat' dir='ltr'><strong>post</strong></span> <span class='ocrx_word' id='word_1_338' title='bbox 219 3423 473 3497; x_wconf 81' lang='lat' dir='ltr'><strong>apprehensionem</strong></span> <span class='ocrx_word' id='word_1_339' title='bbox 492 3423 580 3494; x_wconf 89' lang='lat' dir='ltr'><strong>eutis,</strong></span> <span class='ocrx_word' id='word_1_340' title='bbox 601 3423 674 3496; x_wconf 84' lang='lat' dir='ltr'><strong>qrrod</strong></span> <span class='ocrx_word' id='word_1_341' title='bbox 696 3437 761 3481; x_wconf 88' lang='lat' dir='ltr'><strong>cum</strong></span> <span class='ocrx_word' id='word_1_342' title='bbox 785 3423 859 3481; x_wconf 87' lang='lat' dir='ltr'><strong>bono</strong></span> <span class='ocrx_word' id='word_1_343' title='bbox 880 3426 1066 3495; x_wconf 79' lang='lat' dir='ltr'><strong>convertitur,</strong></span> <span class='ocrx_word' id='word_1_344' title='bbox 1083 3426 1112 3482; x_wconf 91' lang='lat' dir='ltr'><strong>et</strong></span> <span class='ocrx_word' id='word_1_345' title='bbox 1132 3430 1175 3482; x_wconf 89' lang='lat' dir='ltr'><strong>est</strong></span> 
     </span>
     <span class='ocr_line' id='line_1_39' title="bbox 139 3504 1175 3584; baseline -0.002 -16"><span class='ocrx_word' id='word_1_346' title='bbox 139 3509 224 3568; x_wconf 84' lang='lat' dir='ltr'><strong>etism</strong></span> <span class='ocrx_word' id='word_1_347' title='bbox 244 3508 332 3568; x_wconf 88' lang='lat' dir='ltr'><strong>veluti</strong></span> <span class='ocrx_word' id='word_1_348' title='bbox 352 3507 450 3580; x_wconf 46' lang='lat' dir='ltr'><strong>torma,</strong></span> <span class='ocrx_word' id='word_1_349' title='bbox 463 3507 624 3565; x_wconf 87' lang='lat' dir='ltr'><strong>communis</strong></span> <span class='ocrx_word' id='word_1_350' title='bbox 645 3508 774 3566; x_wconf 90' lang='lat' dir='ltr'><strong>omnium</strong></span> <span class='ocrx_word' id='word_1_351' title='bbox 799 3509 1018 3582; x_wconf 62' lang='lat' dir='ltr'><strong>appetitionum</strong></span> <span class='ocrx_word' id='word_1_352' title='bbox 1034 3504 1084 3566; x_wconf 90' lang='lat' dir='ltr'><strong>sed</strong></span> <span class='ocrx_word' id='word_1_353' title='bbox 1103 3521 1175 3584; x_wconf 85' lang='lat' dir='ltr'><strong>opus</strong></span> 
     </span>
     <span class='ocr_line' id='line_1_40' title="bbox 138 3589 1174 3670; baseline -0.004 -15"><span class='ocrx_word' id='word_1_354' title='bbox 138 3609 196 3655; x_wconf 90' lang='lat' dir='ltr'><strong>non</strong></span> <span class='ocrx_word' id='word_1_355' title='bbox 211 3597 254 3652; x_wconf 84' lang='lat' dir='ltr'><strong>est</strong></span> <span class='ocrx_word' id='word_1_356' title='bbox 267 3597 300 3652; x_wconf 90' lang='lat' dir='ltr'><strong>ut</strong></span> <span class='ocrx_word' id='word_1_357' title='bbox 313 3595 378 3652; x_wconf 88' lang='lat' dir='ltr'><strong>sctu</strong></span> <span class='ocrx_word' id='word_1_358' title='bbox 394 3600 506 3667; x_wconf 88' lang='lat' dir='ltr'><strong>semper</strong></span> <span class='ocrx_word' id='word_1_359' title='bbox 520 3591 650 3652; x_wconf 81' lang='lat' dir='ltr'><strong>eliciatur</strong></span> <span class='ocrx_word' id='word_1_360' title='bbox 659 3591 689 3652; x_wconf 89' lang='lat' dir='ltr'><strong>in</strong></span> <span class='ocrx_word' id='word_1_361' title='bbox 705 3590 824 3668; x_wconf 87' lang='lat' dir='ltr'><strong>singulis</strong></span> <span class='ocrx_word' id='word_1_362' title='bbox 835 3593 1036 3670; x_wconf 83' lang='lat' dir='ltr'><strong>posterioribus</strong></span> <span class='ocrx_word' id='word_1_363' title='bbox 1050 3589 1174 3652; x_wconf 84' lang='lat' dir='ltr'><strong>motibus</strong></span> 
     </span>
     <span class='ocr_line' id='line_1_41' title="bbox 139 3677 1115 3737; baseline 0.002 -3"><span class='ocrx_word' id='word_1_364' title='bbox 139 3677 301 3737; x_wconf 80' lang='lat' dir='ltr'><strong>uoluntatis.</strong></span> <span class='ocrx_word' id='word_1_365' title='bbox 1111 3719 1115 3726; x_wconf 84' lang='grc'><strong>-</strong></span> 
     </span>
    </p>

    <p class='ocr_par' dir='ltr' id='par_1_5' title="bbox 141 3760 1174 3922">
     <span class='ocr_line' id='line_1_42' title="bbox 175 3760 1174 3838; baseline 0.002 -18"><span class='ocrx_word' id='word_1_366' title='bbox 175 3760 202 3820; x_wconf 86' lang='grc'><strong>9.</strong></span> <span class='ocrx_word' id='word_1_367' title='bbox 219 3761 381 3835; x_wconf 58' lang='lat' dir='ltr'><strong>Postromoe</strong></span> <span class='ocrx_word' id='word_1_368' title='bbox 393 3761 504 3837; x_wconf 82' lang='lat' dir='ltr'><strong>adeptio</strong></span> <span class='ocrx_word' id='word_1_369' title='bbox 522 3761 590 3821; x_wconf 89' lang='lat' dir='ltr'><strong>boui</strong></span> <span class='ocrx_word' id='word_1_370' title='bbox 605 3761 687 3822; x_wconf 89' lang='lat' dir='ltr'><strong>nobis</strong></span> <span class='ocrx_word' id='word_1_371' title='bbox 705 3762 860 3836; x_wconf 79' lang='lat' dir='ltr'><strong>adaequate</strong></span> <span class='ocrx_word' id='word_1_372' title='bbox 874 3762 1081 3837; x_wconf 87' lang='lat' dir='ltr'><strong>respondentis,</strong></span> <span class='ocrx_word' id='word_1_373' title='bbox 1098 3762 1174 3838; x_wconf 79' lang='lat' dir='ltr'><strong>quod</strong></span> 
     </span>
     <span class='ocr_line' id='line_1_43' title="bbox 141 3842 1174 3922; baseline 0.002 -19"><span class='ocrx_word' id='word_1_374' title='bbox 141 3842 277 3904; x_wconf 89' lang='lat' dir='ltr'><strong>nimirum</strong></span> <span class='ocrx_word' id='word_1_375' title='bbox 298 3847 443 3907; x_wconf 87' lang='lat' dir='ltr'><strong>sutticiens</strong></span> <span class='ocrx_word' id='word_1_376' title='bbox 458 3846 495 3908; x_wconf 85' lang='lat' dir='ltr'><strong>sit</strong></span> <span class='ocrx_word' id='word_1_377' title='bbox 508 3845 545 3908; x_wconf 86' lang='lat' dir='ltr'><strong>sd</strong></span> <span class='ocrx_word' id='word_1_378' title='bbox 560 3845 764 3921; x_wconf 79' lang='lat' dir='ltr'><strong>oppetitionem</strong></span> <span class='ocrx_word' id='word_1_379' title='bbox 778 3854 905 3907; x_wconf 82' lang='lat' dir='ltr'><strong>umnam</strong></span> <span class='ocrx_word' id='word_1_380' title='bbox 926 3847 1039 3920; x_wconf 89' lang='lat' dir='ltr'><strong>penitus</strong></span> <span class='ocrx_word' id='word_1_381' title='bbox 1059 3848 1174 3922; x_wconf 82' lang='lat' dir='ltr'><strong>explen-</strong></span> 
     </span>
    </p>
   </div>
   <div class='ocr_carea' id='block_1_3' title="bbox 0 0 1396 4492">
    <p class='ocr_par' dir='ltr' id='par_1_6' title="bbox 0 0 1396 4492">
     <span class='ocr_line' id='line_1_44' title="bbox 0 0 1396 4492; baseline 0 0"><span class='ocrx_word' id='word_1_382' title='bbox 0 0 1396 4492; x_wconf 95' lang='lat' dir='ltr'><strong> </strong></span> 
     </span>
    </p>
   </div>
  </div>
 </body>
</html>
