2767 4492
200 327 204 334 ,
233 265 285 330 ‘lat
680 268 844 325 aramum

231 383 303 443 opus
318 364 360 426 eal
374 367 407 426 ut
421 359 586 424 societatem
603 357 634 421 in
649 362 767 436 propria
781 363 873 420 torma
882 361 941 420 ianr
956 361 1022 421 ante
1036 356 1222 422 constitutam
1237 373 1287 423 su·

231 453 356 512 aaudiat.
375 450 489 524 Concipi
504 449 582 508 enirn
597 447 697 521 nequit
711 447 881 506 exercitium
895 447 1071 507 auctoritatis
1084 468 1091 520 ;
1115 448 1172 508 nisi
1187 455 1285 508 aucto-

231 537 300 596 ritas
310 537 340 595 in
352 536 539 594 determinato
552 532 681 592 subiecto
699 532 839 605 resideat,
859 538 944 606 atque
958 533 1041 591 itaut
1056 533 1285 607 adoperandum

232 620 310 680 nnrni
330 626 461 694 exparte
480 619 657 692 expediatur.
674 617 703 678 ld
721 623 834 688 autem,
857 617 1024 691 utquisque
1038 618 1124 691 ridet,
1146 618 1285 692 importat
1363 672 1364 679 ,

232 712 264 764 ut
280 705 458 778 organismus
469 703 628 775 societatis,
645 701 746 760 saitem
764 701 1006 774 fundamentalis,
1023 701 1082 760 iam
1096 707 1163 760 ante
1177 703 1285 762 consti·

233 797 310 850 tutus
324 789 370 861 sit,
387 789 436 864 qui
451 785 725 848 formamsooietatis
740 791 847 860 spectet
862 791 1046 846 enascentena
1061 803 1099 846 ex
1110 787 1284 846 determina·

195 921 202 933 .
233 876 308 934 tione
319 875 439 938 subiecti
450 875 480 934 in
492 873 693 951 quo'suprema
704 871 950 944 potestasrosidet.
962 871 1033 931 Nam
1043 871 1090 930 laic
1100 871 1285 946 organismus

232 963 268 1022 ad
283 961 465 1020 existentiam
483 959 625 1019 societatis
640 964 669 1017 ot
682 956 859 1016 auctoritatis
873 957 1014 1032 pertiuet3
1040 957 1083 1016 vis
1105 963 1202 1016 auteur
1217 974 1284 1032 ope

232 1047 316 1107 randi
331 1047 449 1120 eiusque
465 1045 634 1126 enercitium
649 1043 770 1102 subiecti
789 1043 933 1116 operantis
947 1043 1131 1105 existentiam
1146 1042 1284 1102 subaudit

233 1150 270 1194 ou
285 1149 375 1207 eoque
390 1133 571 1206 iamvigente
587 1131 734 1205 pullulat..
850 1199 856 1202 ,

286 1219 378 1286 Quare
399 1217 445 1284 ius
468 1211 643 1290 conutituana
660 1218 670 1262 t
689 1215 727 1274 ad
744 1218 912 1293 potestatem
931 1215 1121 1290 legislativum
1144 1231 1204 1276 nun
1219 1231 1283 1290 spe·

233 1309 306 1377 ctat,
331 1304 420 1364 immo
442 1317 508 1376 pars
523 1300 698 1364 auctoritatis
714 1299 834 1360 minime
858 1302 1033 1360 censendum
1057 1307 1109 1360 eat.
1131 1301 1201 1360 Nam
1215 1317 1282 1360 curn

233 1389 462 1450 constitutionem
484 1389 576 1462 ipsam
594 1385 703 1461 politici
722 1390 812 1447 status
827 1385 980 1460 respiciat,
1001 1386 1036 1444 ad
1052 1387 1165 1447 medem
1181 1401 1283 1444 causas

233 1474 371 1548 pertinet,
400 1489 417 1532 a
437 1473 541 1547 quibus
556 1471 709 1552 existentia
727 1477 756 1533 et
780 1471 872 1530 lorma
892 1470 956 1545 ipsa
975 1470 1150 1544 reipublicae
1171 1486 1283 1544 proces*

232 1559 278 1618 sit.
298 1559 435 1618 Societute
453 1558 621 1616 antemium
644 1556 806 1628 constituta,
821 1555 853 1616 iu
868 1560 925 1615 toto
953 1571 1070 1630 corpore
1089 1555 1186 1614 sociali
1212 1553 1282 1613 resi-
1363 1620 1364 1623 Ἴ

233 1643 289 1712 dot,
301 1660 359 1704 uon
370 1659 436 1702 vero
455 1643 486 1701 iu
500 1658 559 1702 una
576 1646 684 1700 mutum
701 1641 763 1699 eius
778 1646 867 1716 parte,
884 1645 1040 1714 utcumque
1055 1639 1208 1714 praecipua
1233 1638 1278 1698 rel
1363 1636 1364 1663 i

233 1729 356 1788 turmali.
374 1729 548 1802 Quapropter
562 1742 655 1800 noque
671 1726 856 1798 auctoritatis,
873 1741 966 1800 neque
986 1724 1178 1784 multitudinis
1200 1739 1280 1782 seor-

234 1829 298 1871 sum
312 1818 446 1886 acceptae
462 1811 575 1886 propria
591 1817 644 1882 ost,
661 1810 712 1870 sed
725 1810 874 1884 utriusque
888 1809 977 1884 partis
992 1809 1078 1868 simul
1098 1808 1280 1868 consentien-

234 1897 279 1956 tis.
298 1897 340 1956 lix
352 1912 409 1970 qrro
426 1897 457 1954 lit
478 1901 509 1954 ut
523 1895 683 1954 immutatio
708 1895 919 1955 constitutionis
940 1893 1162 1954 fundamentalis
1181 1894 1280 1966 reipu-

232 1983 333 2054 blicae,
350 1987 399 2038 aut
413 1995 610 2054 quaecumque
621 1980 752 2051 variatio,
769 1996 841 2053 quae
857 1977 1108 2039 accidentalisnon
1123 1980 1161 2038 sit
1176 1978 1227 2036 sed
1243 1978 1284 2038 ad

232 2068 325 2142 ipsam
340 2066 494 2126 essentiam
509 2070 537 2124 et
550 2065 728 2140 primitivam
743 2067 863 2124 formam
879 2066 1037 2138 pertineat;
1054 2080 1150 2138 neque
1174 2079 1192 2122 a
1214 2062 1277 2121 solo
1363 2118 1364 2129 ,

233 2152 361 2227 principe
378 2165 470 2224 neque
485 2167 503 2210 a
517 2151 575 2210 solo
593 2151 697 2225 populo
713 2151 776 2210 lieri
791 2149 888 2224 possit,
904 2149 955 2210 sed
970 2150 1119 2222 utriusque
1134 2147 1279 2222 partiare
1363 2158 1364 2165 ¹

233 2236 371 2297 luntatem
386 2235 529 2309 anquirat.
547 2237 624 2306 Quod
639 2237 664 2296 si
679 2237 715 2294 ab
727 2251 786 2294 una
805 2241 916 2294 tantum
930 2240 1019 2309 parte,
1036 2234 1214 2309 discrepante
1240 2235 1284 2292 al-

233 2326 302 2394 tera,
321 2321 391 2381 torte
406 2325 573 2394 procuretur
588 2327 637 2381 aut
659 2321 688 2380 vi
703 2326 927 2394 oxmrqueatur3
952 2319 1103 2394 illegitima
1126 2317 1282 2377 iudicanda

233 2411 275 2466 est
291 2411 319 2466 et
332 2406 411 2466 omni
422 2407 523 2467 robore
541 2408 685 2466 destituta.
728 2466 732 2477 ,

268 2493 297 2551 ld
309 2497 405 2552 auteur
427 2494 546 2552 minime
571 2492 789 2566 intelligendum
808 2496 851 2552 est
867 2491 902 2550 de
918 2491 963 2564 iis,
980 2507 1055 2566 purae
1075 2507 1134 2550 non
1148 2491 1283 2559 efforma-

233 2577 339 2636 tionem
352 2593 525 2652 organorum
541 2577 809 2648 lundantentalium,
826 2576 951 2636 sormam
962 2575 1137 2650 reipublicae
1150 2575 1286 2635 detenui-

233 2663 374 2735 nantium,
391 2663 442 2720 sed
457 2669 505 2720 aut
520 2678 618 2724 eorum
634 2661 824 2720 evolutionem
835 2661 1042 2737 perfectiorem,
1058 2666 1109 2720 aut
1119 2677 1226 2736 organa
1238 2675 1286 2718 se-

233 2747 370 2805 cundaria
389 2747 586 2806 constituenda
610 2746 786 2820 respiciunt,
815 2761 889 2823 quae
907 2751 1044 2820 potestate
1072 2745 1286 2804 communicata
1363 2758 1364 2793 ;

232 2830 414 2891 instrumenti
429 2838 479 2890 aut
494 2830 657 2890 administri
671 2845 792 2890 munere
807 2831 974 2904 fungantur.
986 2831 1062 2890 llaec
1076 2830 1154 2889 enim
1175 2829 1286 2902 optime
1363 2830 1364 2833 ’

232 2917 374 2988 portinere
393 2916 428 2974 ad
444 2916 642 2975 auctoritatem
660 2919 789 2990 possunt,
805 2920 908 2973 etcum
917 2931 968 2988 per
982 2915 1075 2987 legem
1091 2914 1286 2974 determinen-
1363 2916 1364 2997 p

235 3005 287 3068 tur,
304 3002 340 3060 ad
355 3005 521 3072 potestatem
537 3000 725 3074 legislativum
739 3001 887 3059 commode
901 3005 1082 3060 revocantur.

271 3085 330 3144 tta.
346 3084 476 3144 Exclusis
491 3085 578 3158 igitur
593 3085 689 3158 rebus,
701 3100 776 3157 quae
792 3085 915 3143 formam
938 3085 1033 3158 ipsam
1047 3083 1180 3158 garbernii
1198 3099 1286 3144 reno·

234 3171 357 3230 viandum
370 3171 532 3244 attingunt,
550 3169 580 3228 in
596 3169 632 3228 iis
647 3169 853 3244 omnibuslego
865 3168 1035 3238 deliniendis
1045 3171 1163 3245 spatiari
1179 3169 1286 3245 poterit

233 3253 391 3328 legislativa
406 3259 539 3328 potestas,
564 3269 637 3328 quae
660 3255 698 3312 ad
713 3256 907 3331 operationem
930 3254 1066 3314 socialem
1090 3254 1287 3316 exercendam

1363 3000 1365 3157 i

232 3341 278 3400 uel
292 3341 346 3398 rite
360 3338 538 3414 dirigendam
553 3339 717 3398 necessaria
730 3347 780 3398 aut
797 3340 884 3398 etiam
897 3347 1058 3414 opportuna
1077 3339 1264 3399 videbuntur.
1363 3342 1364 3383 t

271 3425 330 3492 Oua
344 3425 376 3482 in
386 3440 416 3484 re
432 3425 498 3484 linis
513 3424 644 3498 politicae
655 3425 799 3484 societatis
809 3441 922 3498 semper
936 3440 1003 3498 prae
1018 3424 1108 3484 oculis
1123 3423 1224 3482 lraberi
1236 3424 1288 3481 de·

233 3509 297 3572 bot:
314 3515 399 3596 atque
413 3509 516 3569 exinde
532 3509 598 3568 novi
614 3508 719 3569 limites
734 3514 918 3568 enascuntur.
934 3509 1006 3570 llam
1021 3523 1087 3568 aum
1098 3507 1239 3568 eiusmodi
1252 3507 1287 3566 fi-

279 3705 289 3756 l
308 3705 345 3756 lua
361 3721 401 3758 aen
410 3711 505 3773 potestas
517 3709 658 3760 caaata'luetts
673 3707 804 3773 appellatur,
820 3707 912 3758 taeda·
932 3707 971 3758 illa
983 3707 1142 3772 rempublicam
1156 3704 1289 3770 ordinandi,

233 3799 288 3847 quaa
299 3784 391 3834 iot-nram
403 3787 473 3848 ipsam
489 3787 598 3834 societatis
612 3788 710 3849 altingit,
731 3787 821 3849 eiusqua
832 3787 928 3834 diversas
938 3790 1011 3850 partes
1025 3785 1153 3842 constituit,
1167 3789 1190 3833 at
1203 3797 1293 3844 orgum

230 3863 291 3916 ,eraut
305 3859 488 3924 fundamentalia,
504 3862 585 3924 φιίδιιι
599 3863 735 3909 auctoritatis
748 3861 873 3910 iunadonus
882 3861 990 3909 stabiliter
1003 3861 1141 3908 addicantur.
1157 3861 1185 3909 ln
1199 3875 1295 3910 numm!

232 3931 282 3982 talia
297 3937 338 3996 ast,
354 3934 412 3980 utin
426 3935 560 3996 primitivam
574 3936 708 3998 reipublicae
722 3937 899 3986 aonaiitutionam
914 3937 1022 3986 inlluxuuv
1035 3941 1141 3987 merent.
