<?xml version="1.0" encoding="UTF-8"?>
<!DOCTYPE html PUBLIC "-//W3C//DTD XHTML 1.0 Transitional//EN"
    "http://www.w3.org/TR/xhtml1/DTD/xhtml1-transitional.dtd">
<html xmlns="http://www.w3.org/1999/xhtml" xml:lang="en" lang="en">
 <head>
  <title>
</title>
<meta http-equiv="Content-Type" content="text/html;charset=utf-8" />
  <meta name='ocr-system' content='tesseract 3.04.00' />
  <meta name='ocr-capabilities' content='ocr_page ocr_carea ocr_par ocr_line ocrx_word'/>
</head>
<body>
  <div class='ocr_page' id='page_1' title='image "./institutionesph00libegoog_0887.png"; bbox 0 0 2767 4492; ppageno 0'>
   <div class='ocr_carea' id='block_1_1' title="bbox 506 278 1150 348">
    <p class='ocr_par' dir='ltr' id='par_1_1' title="bbox 506 278 1150 348">
     <span class='ocr_line' id='line_1_1' title="bbox 506 278 1150 348; baseline 0.003 -13"><span class='ocrx_word' id='word_1_1' title='bbox 506 291 585 336; x_wconf 79' lang='lat' dir='ltr'>runis</span> <span class='ocrx_word' id='word_1_2' title='bbox 602 291 745 338; x_wconf 70' lang='lat' dir='ltr'>aaronis</span> <span class='ocrx_word' id='word_1_3' title='bbox 1094 278 1150 348; x_wconf 67' lang='lat'>313</span> 
     </span>
    </p>
   </div>
   <div class='ocr_carea' id='block_1_2' title="bbox 102 377 1155 1560">
    <p class='ocr_par' dir='ltr' id='par_1_2' title="bbox 102 377 1150 952">
     <span class='ocr_line' id='line_1_2' title="bbox 103 377 1149 456; baseline 0.002 -14"><span class='ocrx_word' id='word_1_4' title='bbox 103 381 242 442; x_wconf 89' lang='lat' dir='ltr'>nimirum</span> <span class='ocrx_word' id='word_1_5' title='bbox 256 380 302 438; x_wconf 78' lang='lat' dir='ltr'>rel</span> <span class='ocrx_word' id='word_1_6' title='bbox 313 378 445 436; x_wconf 89' lang='lat' dir='ltr'>sociasse</span> <span class='ocrx_word' id='word_1_7' title='bbox 458 379 558 435; x_wconf 91' lang='lat' dir='ltr'>mutuo</span> <span class='ocrx_word' id='word_1_8' title='bbox 572 377 757 450; x_wconf 84' lang='lat' dir='ltr'>respicientes</span> <span class='ocrx_word' id='word_1_9' title='bbox 771 381 909 456; x_wconf 87' lang='lat' dir='ltr'>alliciunt,</span> <span class='ocrx_word' id='word_1_10' title='bbox 920 382 965 442; x_wconf 83' lang='lat' dir='ltr'>rol</span> <span class='ocrx_word' id='word_1_11' title='bbox 976 383 1049 442; x_wconf 91' lang='lat' dir='ltr'>inter</span> <span class='ocrx_word' id='word_1_12' title='bbox 1058 384 1149 444; x_wconf 86' lang='lat' dir='ltr'>socios</span> 
     </span>
     <span class='ocr_line' id='line_1_3' title="bbox 102 461 1150 544; baseline 0.005 -19"><span class='ocrx_word' id='word_1_13' title='bbox 102 472 130 526; x_wconf 90' lang='lat' dir='ltr'>et</span> <span class='ocrx_word' id='word_1_14' title='bbox 146 466 290 540; x_wconf 79' lang='lat' dir='ltr'>publicam</span> <span class='ocrx_word' id='word_1_15' title='bbox 301 462 498 522; x_wconf 89' lang='lat' dir='ltr'>auctoritatem</span> <span class='ocrx_word' id='word_1_16' title='bbox 518 461 623 534; x_wconf 78' lang='lat' dir='ltr'>vigent.</span> <span class='ocrx_word' id='word_1_17' title='bbox 641 463 675 520; x_wconf 83' lang='lat' dir='ltr'>dt</span> <span class='ocrx_word' id='word_1_18' title='bbox 687 463 733 522; x_wconf 85' lang='lat' dir='ltr'>ius</span> <span class='ocrx_word' id='word_1_19' title='bbox 748 463 966 526; x_wconf 85' lang='lat' dir='ltr'>internationale</span> <span class='ocrx_word' id='word_1_20' title='bbox 975 470 1093 544; x_wconf 88' lang='lat' dir='ltr'>populos</span> <span class='ocrx_word' id='word_1_21' title='bbox 1103 487 1150 530; x_wconf 79' lang='lat' dir='ltr'>eo</span> 
     </span>
     <span class='ocr_line' id='line_1_4' title="bbox 103 547 1150 630; baseline 0.006 -19"><span class='ocrx_word' id='word_1_22' title='bbox 103 567 224 627; x_wconf 88' lang='lat' dir='ltr'>rumque</span> <span class='ocrx_word' id='word_1_23' title='bbox 239 555 362 610; x_wconf 89' lang='lat' dir='ltr'>rectores</span> <span class='ocrx_word' id='word_1_24' title='bbox 376 547 585 622; x_wconf 89' lang='lat' dir='ltr'>contemplatur</span> <span class='ocrx_word' id='word_1_25' title='bbox 593 548 686 620; x_wconf 90' lang='lat' dir='ltr'>quoad</span> <span class='ocrx_word' id='word_1_26' title='bbox 698 547 849 610; x_wconf 81' lang='lat' dir='ltr'>relationes</span> <span class='ocrx_word' id='word_1_27' title='bbox 863 559 1006 624; x_wconf 80' lang='lat' dir='ltr'>externas,</span> <span class='ocrx_word' id='word_1_28' title='bbox 1015 571 1066 614; x_wconf 91' lang='lat' dir='ltr'>seu</span> <span class='ocrx_word' id='word_1_29' title='bbox 1076 572 1150 630; x_wconf 87' lang='lat' dir='ltr'>quae</span> 
     </span>
     <span class='ocr_line' id='line_1_5' title="bbox 103 631 1150 716; baseline 0.004 -19"><span class='ocrx_word' id='word_1_30' title='bbox 103 653 162 698; x_wconf 91' lang='lat' dir='ltr'>nou</span> <span class='ocrx_word' id='word_1_31' title='bbox 177 638 253 695; x_wconf 88' lang='lat' dir='ltr'>inter</span> <span class='ocrx_word' id='word_1_32' title='bbox 267 644 362 710; x_wconf 86' lang='lat' dir='ltr'>partes</span> <span class='ocrx_word' id='word_1_33' title='bbox 377 633 506 692; x_wconf 89' lang='lat' dir='ltr'>eiusdem</span> <span class='ocrx_word' id='word_1_34' title='bbox 520 631 646 706; x_wconf 89' lang='lat' dir='ltr'>corporis</span> <span class='ocrx_word' id='word_1_35' title='bbox 665 632 782 708; x_wconf 79' lang='lat' dir='ltr'>politici,</span> <span class='ocrx_word' id='word_1_36' title='bbox 799 635 849 693; x_wconf 87' lang='lat' dir='ltr'>sed</span> <span class='ocrx_word' id='word_1_37' title='bbox 863 637 937 694; x_wconf 89' lang='lat' dir='ltr'>inter</span> <span class='ocrx_word' id='word_1_38' title='bbox 951 639 1063 698; x_wconf 84' lang='lat' dir='ltr'>diversa</span> <span class='ocrx_word' id='word_1_39' title='bbox 1080 642 1150 716; x_wconf 92' lang='lat' dir='ltr'>poli·</span> 
     </span>
     <span class='ocr_line' id='line_1_6' title="bbox 105 718 1150 796; baseline 0.003 -14"><span class='ocrx_word' id='word_1_40' title='bbox 105 723 160 782; x_wconf 89' lang='lat' dir='ltr'>tica</span> <span class='ocrx_word' id='word_1_41' title='bbox 185 735 303 796; x_wconf 87' lang='lat' dir='ltr'>corpora</span> <span class='ocrx_word' id='word_1_42' title='bbox 318 719 506 778; x_wconf 88' lang='lat' dir='ltr'>intercedunt.</span> <span class='ocrx_word' id='word_1_43' title='bbox 523 718 698 792; x_wconf 82' lang='lat' dir='ltr'>Quapropter</span> <span class='ocrx_word' id='word_1_44' title='bbox 713 719 878 778; x_wconf 90' lang='lat' dir='ltr'>societatem</span> <span class='ocrx_word' id='word_1_45' title='bbox 893 720 972 779; x_wconf 92' lang='lat' dir='ltr'>illam</span> <span class='ocrx_word' id='word_1_46' title='bbox 987 738 1150 796; x_wconf 83' lang='lat' dir='ltr'>supremam</span> 
     </span>
     <span class='ocr_line' id='line_1_7' title="bbox 102 802 1147 881; baseline 0.004 -14"><span class='ocrx_word' id='word_1_47' title='bbox 102 807 227 881; x_wconf 83' lang='lat' dir='ltr'>respicit,</span> <span class='ocrx_word' id='word_1_48' title='bbox 248 820 322 881; x_wconf 88' lang='lat' dir='ltr'>quae</span> <span class='ocrx_word' id='word_1_49' title='bbox 332 805 396 879; x_wconf 87' lang='lat' dir='ltr'>plus</span> <span class='ocrx_word' id='word_1_50' title='bbox 410 803 542 864; x_wconf 80' lang='lat' dir='ltr'>minusve</span> <span class='ocrx_word' id='word_1_51' title='bbox 555 802 696 863; x_wconf 66' lang='lat' dir='ltr'>subidter</span> <span class='ocrx_word' id='word_1_52' title='bbox 705 819 743 864; x_wconf 84' lang='lat' dir='ltr'>ex</span> <span class='ocrx_word' id='word_1_53' title='bbox 758 805 894 865; x_wconf 84' lang='lat' dir='ltr'>omnious</span> <span class='ocrx_word' id='word_1_54' title='bbox 908 805 1042 866; x_wconf 78' lang='lat' dir='ltr'>civilibus</span> <span class='ocrx_word' id='word_1_55' title='bbox 1058 811 1147 871; x_wconf 89' lang='lat' dir='ltr'>socie·</span> 
     </span>
     <span class='ocr_line' id='line_1_8' title="bbox 104 891 401 952; baseline -0.007 0"><span class='ocrx_word' id='word_1_56' title='bbox 104 893 211 952; x_wconf 87' lang='lat' dir='ltr'>tatibus</span> <span class='ocrx_word' id='word_1_57' title='bbox 224 891 401 951; x_wconf 76' lang='lat' dir='ltr'>efformatur.</span> 
     </span>
    </p>

    <p class='ocr_par' dir='ltr' id='par_1_3' title="bbox 102 975 1155 1560">
     <span class='ocr_line' id='line_1_9' title="bbox 137 975 1151 1050; baseline 0.006 -14"><span class='ocrx_word' id='word_1_58' title='bbox 137 977 179 1036; x_wconf 80' lang='lat' dir='ltr'>lix</span> <span class='ocrx_word' id='word_1_59' title='bbox 193 977 239 1036; x_wconf 89' lang='lat' dir='ltr'>his</span> <span class='ocrx_word' id='word_1_60' title='bbox 256 977 301 1036; x_wconf 86' lang='lat' dir='ltr'>via</span> <span class='ocrx_word' id='word_1_61' title='bbox 315 975 450 1036; x_wconf 84' lang='lat' dir='ltr'>sternitur</span> <span class='ocrx_word' id='word_1_62' title='bbox 465 976 501 1034; x_wconf 87' lang='lat' dir='ltr'>ad</span> <span class='ocrx_word' id='word_1_63' title='bbox 514 976 601 1036; x_wconf 89' lang='lat' dir='ltr'>huius</span> <span class='ocrx_word' id='word_1_64' title='bbox 611 977 678 1036; x_wconf 88' lang='lat' dir='ltr'>libri</span> <span class='ocrx_word' id='word_1_65' title='bbox 688 977 870 1050; x_wconf 83' lang='lat' dir='ltr'>partitionem</span> <span class='ocrx_word' id='word_1_66' title='bbox 879 979 1067 1040; x_wconf 89' lang='lat' dir='ltr'>innuendam.</span> <span class='ocrx_word' id='word_1_67' title='bbox 1080 983 1151 1043; x_wconf 84' lang='lat' dir='ltr'>liam</span> 
     </span>
     <span class='ocr_line' id='line_1_10' title="bbox 102 1061 1153 1139; baseline 0.002 -15"><span class='ocrx_word' id='word_1_68' title='bbox 102 1065 282 1124; x_wconf 84' lang='lat' dir='ltr'>individuum</span> <span class='ocrx_word' id='word_1_69' title='bbox 306 1062 456 1136; x_wconf 87' lang='lat' dir='ltr'>dupliciter</span> <span class='ocrx_word' id='word_1_70' title='bbox 474 1061 511 1120; x_wconf 90' lang='lat' dir='ltr'>ad</span> <span class='ocrx_word' id='word_1_71' title='bbox 530 1062 618 1121; x_wconf 86' lang='lat' dir='ltr'>alium</span> <span class='ocrx_word' id='word_1_72' title='bbox 643 1063 825 1122; x_wconf 84' lang='lat' dir='ltr'>individuum</span> <span class='ocrx_word' id='word_1_73' title='bbox 844 1064 944 1123; x_wconf 84' lang='lat' dir='ltr'>reterri</span> <span class='ocrx_word' id='word_1_74' title='bbox 959 1071 1069 1139; x_wconf 90' lang='lat' dir='ltr'>potest:</span> <span class='ocrx_word' id='word_1_75' title='bbox 1096 1069 1153 1126; x_wconf 84' lang='lat' dir='ltr'>Pri·</span> 
     </span>
     <span class='ocr_line' id='line_1_11' title="bbox 103 1146 1152 1225; baseline 0.003 -17"><span class='ocrx_word' id='word_1_76' title='bbox 103 1165 193 1221; x_wconf 90' lang='lat' dir='ltr'>mum,</span> <span class='ocrx_word' id='word_1_77' title='bbox 205 1155 344 1222; x_wconf 86' lang='lat' dir='ltr'>quatenus</span> <span class='ocrx_word' id='word_1_78' title='bbox 358 1162 446 1205; x_wconf 88' lang='lat' dir='ltr'>manu</span> <span class='ocrx_word' id='word_1_79' title='bbox 461 1146 548 1205; x_wconf 89' lang='lat' dir='ltr'>solius</span> <span class='ocrx_word' id='word_1_80' title='bbox 562 1152 681 1206; x_wconf 88' lang='lat' dir='ltr'>naturae</span> <span class='ocrx_word' id='word_1_81' title='bbox 691 1149 830 1221; x_wconf 84' lang='lat' dir='ltr'>cumipse</span> <span class='ocrx_word' id='word_1_82' title='bbox 840 1149 982 1222; x_wconf 83' lang='lat' dir='ltr'>alligatur,</span> <span class='ocrx_word' id='word_1_83' title='bbox 994 1155 1079 1225; x_wconf 86' lang='lat' dir='ltr'>atq&#39;ue</span> <span class='ocrx_word' id='word_1_84' title='bbox 1090 1152 1152 1212; x_wconf 86' lang='lat' dir='ltr'>ideo</span> 
     </span>
     <span class='ocr_line' id='line_1_12' title="bbox 102 1231 1154 1308; baseline 0.003 -14"><span class='ocrx_word' id='word_1_85' title='bbox 102 1235 134 1294; x_wconf 89' lang='lat' dir='ltr'>in</span> <span class='ocrx_word' id='word_1_86' title='bbox 153 1239 229 1292; x_wconf 86' lang='lat' dir='ltr'>statu</span> <span class='ocrx_word' id='word_1_87' title='bbox 253 1232 340 1291; x_wconf 86' lang='lat' dir='ltr'>etiam</span> <span class='ocrx_word' id='word_1_88' title='bbox 365 1231 490 1304; x_wconf 80' lang='lat' dir='ltr'>solivago</span> <span class='ocrx_word' id='word_1_89' title='bbox 513 1231 615 1290; x_wconf 88' lang='lat' dir='ltr'>ollicils</span> <span class='ocrx_word' id='word_1_90' title='bbox 634 1247 703 1305; x_wconf 81' lang='lat' dir='ltr'>erga</span> <span class='ocrx_word' id='word_1_91' title='bbox 726 1233 796 1291; x_wconf 88' lang='lat' dir='ltr'>alios</span> <span class='ocrx_word' id='word_1_92' title='bbox 820 1234 1154 1308; x_wconf 66' lang='lat' dir='ltr'>adstringitum-deinde</span> 
     </span>
     <span class='ocr_line' id='line_1_13' title="bbox 102 1317 1155 1394; baseline 0.004 -17"><span class='ocrx_word' id='word_1_93' title='bbox 102 1323 252 1392; x_wconf 88' lang='lat' dir='ltr'>qnatenus,</span> <span class='ocrx_word' id='word_1_94' title='bbox 269 1317 402 1376; x_wconf 87' lang='lat' dir='ltr'>societate</span> <span class='ocrx_word' id='word_1_95' title='bbox 416 1317 495 1376; x_wconf 83' lang='lat' dir='ltr'>civili</span> <span class='ocrx_word' id='word_1_96' title='bbox 509 1317 671 1390; x_wconf 90' lang='lat' dir='ltr'>constituta,</span> <span class='ocrx_word' id='word_1_97' title='bbox 688 1318 818 1376; x_wconf 85' lang='lat' dir='ltr'>eiusdem</span> <span class='ocrx_word' id='word_1_98' title='bbox 832 1319 958 1393; x_wconf 86' lang='lat' dir='ltr'>corporis</span> <span class='ocrx_word' id='word_1_99' title='bbox 973 1320 1080 1394; x_wconf 89' lang='lat' dir='ltr'>politici</span> <span class='ocrx_word' id='word_1_100' title='bbox 1096 1339 1155 1382; x_wconf 89' lang='lat' dir='ltr'>una</span> 
     </span>
     <span class='ocr_line' id='line_1_14' title="bbox 102 1401 1152 1481; baseline 0.003 -19"><span class='ocrx_word' id='word_1_101' title='bbox 102 1417 169 1462; x_wconf 93' lang='lat' dir='ltr'>cum</span> <span class='ocrx_word' id='word_1_102' title='bbox 184 1402 248 1461; x_wconf 88' lang='lat' dir='ltr'>aliis</span> <span class='ocrx_word' id='word_1_103' title='bbox 265 1402 428 1460; x_wconf 85' lang='lat' dir='ltr'>membrum</span> <span class='ocrx_word' id='word_1_104' title='bbox 439 1401 572 1461; x_wconf 82' lang='lat' dir='ltr'>eflicitur.</span> <span class='ocrx_word' id='word_1_105' title='bbox 590 1401 735 1462; x_wconf 82' lang='lat' dir='ltr'>Consimili</span> <span class='ocrx_word' id='word_1_106' title='bbox 744 1403 803 1462; x_wconf 88' lang='lat' dir='ltr'>lere</span> <span class='ocrx_word' id='word_1_107' title='bbox 813 1409 895 1477; x_wconf 89' lang='lat' dir='ltr'>pacto</span> <span class='ocrx_word' id='word_1_108' title='bbox 910 1403 1040 1463; x_wconf 85' lang='lat' dir='ltr'>diversae</span> <span class='ocrx_word' id='word_1_109' title='bbox 1055 1422 1152 1481; x_wconf 87' lang='lat' dir='ltr'>respn-</span> 
     </span>
     <span class='ocr_line' id='line_1_15' title="bbox 102 1486 1153 1560; baseline 0.004 -14"><span class='ocrx_word' id='word_1_110' title='bbox 102 1487 195 1546; x_wconf 88' lang='lat' dir='ltr'>hlicas</span> <span class='ocrx_word' id='word_1_111' title='bbox 209 1493 259 1546; x_wconf 88' lang='lat' dir='ltr'>aut</span> <span class='ocrx_word' id='word_1_112' title='bbox 277 1487 407 1546; x_wconf 88' lang='lat' dir='ltr'>nationes</span> <span class='ocrx_word' id='word_1_113' title='bbox 421 1487 564 1560; x_wconf 90' lang='lat' dir='ltr'>duplicem</span> <span class='ocrx_word' id='word_1_114' title='bbox 578 1486 834 1547; x_wconf 87' lang='lat' dir='ltr'>considerationem</span> <span class='ocrx_word' id='word_1_115' title='bbox 852 1488 1001 1547; x_wconf 85' lang='lat' dir='ltr'>obiiciunt.</span> <span class='ocrx_word' id='word_1_116' title='bbox 1026 1491 1153 1550; x_wconf 88' lang='lat' dir='ltr'>Primum</span> 
     </span>
    </p>
   </div>
   <div class='ocr_carea' id='block_1_3' title="bbox 103 1573 1271 1647">
    <p class='ocr_par' dir='ltr' id='par_1_4' title="bbox 103 1573 1271 1647">
     <span class='ocr_line' id='line_1_16' title="bbox 103 1573 1271 1647; baseline 0.002 -14"><span class='ocrx_word' id='word_1_117' title='bbox 103 1573 181 1633; x_wconf 91' lang='lat' dir='ltr'>enim</span> <span class='ocrx_word' id='word_1_118' title='bbox 202 1573 323 1647; x_wconf 86' lang='lat' dir='ltr'>spectari</span> <span class='ocrx_word' id='word_1_119' title='bbox 348 1577 467 1646; x_wconf 89' lang='lat' dir='ltr'>possunt</span> <span class='ocrx_word' id='word_1_120' title='bbox 485 1573 515 1630; x_wconf 90' lang='lat' dir='ltr'>in</span> <span class='ocrx_word' id='word_1_121' title='bbox 538 1576 612 1630; x_wconf 84' lang='lat' dir='ltr'>statu</span> <span class='ocrx_word' id='word_1_122' title='bbox 636 1587 716 1631; x_wconf 89' lang='lat' dir='ltr'>mere</span> <span class='ocrx_word' id='word_1_123' title='bbox 734 1574 845 1645; x_wconf 81' lang='lat' dir='ltr'>nativo,</span> <span class='ocrx_word' id='word_1_124' title='bbox 866 1578 1008 1646; x_wconf 89' lang='lat' dir='ltr'>quatenus</span> <span class='ocrx_word' id='word_1_125' title='bbox 1024 1591 1155 1636; x_wconf 85' lang='lat' dir='ltr'>seorsum</span> <span class='ocrx_word' id='word_1_126' title='bbox 1216 1621 1219 1624; x_wconf 74' lang='lat'><strong>.</strong></span> <span class='ocrx_word' id='word_1_127' title='bbox 1267 1608 1271 1615; x_wconf 74' lang='lat'>=</span> 
     </span>
    </p>
   </div>
   <div class='ocr_carea' id='block_1_4' title="bbox 103 1657 1162 2837">
    <p class='ocr_par' dir='ltr' id='par_1_5' title="bbox 103 1657 1162 2837">
     <span class='ocr_line' id='line_1_17' title="bbox 103 1657 1154 1732; baseline 0.002 -14"><span class='ocrx_word' id='word_1_128' title='bbox 103 1673 171 1718; x_wconf 87' lang='lat' dir='ltr'>cum</span> <span class='ocrx_word' id='word_1_129' title='bbox 183 1663 284 1717; x_wconf 89' lang='lat' dir='ltr'>mutua</span> <span class='ocrx_word' id='word_1_130' title='bbox 297 1657 518 1731; x_wconf 90' lang='lat' dir='ltr'>independeutia</span> <span class='ocrx_word' id='word_1_131' title='bbox 527 1663 718 1731; x_wconf 82' lang='lat' dir='ltr'>enascuntur3</span> <span class='ocrx_word' id='word_1_132' title='bbox 735 1657 848 1730; x_wconf 89' lang='lat' dir='ltr'>deinde,</span> <span class='ocrx_word' id='word_1_133' title='bbox 857 1664 998 1732; x_wconf 87' lang='lat' dir='ltr'>qnatenus</span> <span class='ocrx_word' id='word_1_134' title='bbox 1013 1661 1050 1718; x_wconf 90' lang='lat' dir='ltr'>ad</span> <span class='ocrx_word' id='word_1_135' title='bbox 1064 1662 1154 1721; x_wconf 89' lang='lat' dir='ltr'>socie·</span> 
     </span>
     <span class='ocr_line' id='line_1_18' title="bbox 104 1742 1154 1819; baseline 0.003 -17"><span class='ocrx_word' id='word_1_136' title='bbox 104 1748 191 1802; x_wconf 90' lang='lat' dir='ltr'>tatem</span> <span class='ocrx_word' id='word_1_137' title='bbox 204 1757 293 1802; x_wconf 86' lang='lat' dir='ltr'>unam</span> <span class='ocrx_word' id='word_1_138' title='bbox 313 1742 561 1802; x_wconf 78' lang='lat' dir='ltr'>internationalem</span> <span class='ocrx_word' id='word_1_139' title='bbox 580 1743 720 1802; x_wconf 86' lang='lat' dir='ltr'>stabiliter</span> <span class='ocrx_word' id='word_1_140' title='bbox 734 1743 941 1802; x_wconf 80' lang='lat' dir='ltr'>cdormandam</span> <span class='ocrx_word' id='word_1_141' title='bbox 959 1745 1086 1819; x_wconf 90' lang='lat' dir='ltr'>impulsu</span> <span class='ocrx_word' id='word_1_142' title='bbox 1104 1762 1154 1805; x_wconf 89' lang='lat' dir='ltr'>na·</span> 
     </span>
     <span class='ocr_line' id='line_1_19' title="bbox 103 1827 1154 1904; baseline 0.003 -16"><span class='ocrx_word' id='word_1_143' title='bbox 103 1833 184 1888; x_wconf 89' lang='lat' dir='ltr'>turae</span> <span class='ocrx_word' id='word_1_144' title='bbox 196 1829 359 1887; x_wconf 88' lang='lat' dir='ltr'>incitantm.</span> <span class='ocrx_word' id='word_1_145' title='bbox 375 1827 408 1886; x_wconf 82' lang='lat' dir='ltr'>ltt</span> <span class='ocrx_word' id='word_1_146' title='bbox 422 1828 559 1900; x_wconf 88' lang='lat' dir='ltr'>quoniam</span> <span class='ocrx_word' id='word_1_147' title='bbox 573 1828 714 1888; x_wconf 91' lang='lat' dir='ltr'>eiusmodi</span> <span class='ocrx_word' id='word_1_148' title='bbox 728 1828 880 1902; x_wconf 87' lang='lat' dir='ltr'>propensio</span> <span class='ocrx_word' id='word_1_149' title='bbox 891 1829 928 1886; x_wconf 90' lang='lat' dir='ltr'>ab</span> <span class='ocrx_word' id='word_1_150' title='bbox 942 1829 1013 1903; x_wconf 85' lang='lat' dir='ltr'>ipsis</span> <span class='ocrx_word' id='word_1_151' title='bbox 1033 1831 1154 1904; x_wconf 85' lang='lat' dir='ltr'>positive</span> 
     </span>
     <span class='ocr_line' id='line_1_20' title="bbox 104 1913 1155 1988; baseline 0.001 -15"><span class='ocrx_word' id='word_1_152' title='bbox 104 1913 274 1988; x_wconf 87' lang='lat' dir='ltr'>complenda</span> <span class='ocrx_word' id='word_1_153' title='bbox 288 1919 340 1985; x_wconf 91' lang='lat' dir='ltr'>est,</span> <span class='ocrx_word' id='word_1_154' title='bbox 359 1917 391 1970; x_wconf 92' lang='lat' dir='ltr'>ut</span> <span class='ocrx_word' id='word_1_155' title='bbox 401 1913 545 1985; x_wconf 85' lang='lat' dir='ltr'>ellectum,</span> <span class='ocrx_word' id='word_1_156' title='bbox 563 1929 649 1987; x_wconf 89' lang='lat' dir='ltr'>quem</span> <span class='ocrx_word' id='word_1_157' title='bbox 666 1913 795 1988; x_wconf 80' lang='lat' dir='ltr'>involvit,</span> <span class='ocrx_word' id='word_1_158' title='bbox 812 1914 966 1988; x_wconf 87' lang='lat' dir='ltr'>sortiatur;</span> <span class='ocrx_word' id='word_1_159' title='bbox 983 1915 1073 1975; x_wconf 90' lang='lat' dir='ltr'>oritur</span> <span class='ocrx_word' id='word_1_160' title='bbox 1087 1917 1155 1975; x_wconf 89' lang='lat' dir='ltr'>hinc</span> 
     </span>
     <span class='ocr_line' id='line_1_21' title="bbox 103 1997 1155 2074; baseline 0.002 -16"><span class='ocrx_word' id='word_1_161' title='bbox 103 2003 136 2058; x_wconf 91' lang='lat' dir='ltr'>nt</span> <span class='ocrx_word' id='word_1_162' title='bbox 149 2001 286 2073; x_wconf 87' lang='lat' dir='ltr'>positivae</span> <span class='ocrx_word' id='word_1_163' title='bbox 305 1999 447 2057; x_wconf 75' lang='lat' dir='ltr'>mulctatis</span> <span class='ocrx_word' id='word_1_164' title='bbox 457 1997 685 2056; x_wconf 84' lang='lat' dir='ltr'>internationalis</span> <span class='ocrx_word' id='word_1_165' title='bbox 700 1999 868 2072; x_wconf 80' lang='lat' dir='ltr'>efformatis,</span> <span class='ocrx_word' id='word_1_166' title='bbox 879 2015 1054 2074; x_wconf 87' lang='lat' dir='ltr'>quamquam</span> <span class='ocrx_word' id='word_1_167' title='bbox 1073 2009 1155 2060; x_wconf 89' lang='lat' dir='ltr'>natu-</span> 
     </span>
     <span class='ocr_line' id='line_1_22' title="bbox 104 2080 1155 2160; baseline 0.004 -18"><span class='ocrx_word' id='word_1_168' title='bbox 104 2083 173 2142; x_wconf 86' lang='lat' dir='ltr'>ralis</span> <span class='ocrx_word' id='word_1_169' title='bbox 187 2083 306 2153; x_wconf 88' lang='lat' dir='ltr'>dicatur,</span> <span class='ocrx_word' id='word_1_170' title='bbox 324 2087 473 2154; x_wconf 89' lang='lat' dir='ltr'>propterea</span> <span class='ocrx_word' id='word_1_171' title='bbox 485 2080 561 2153; x_wconf 91' lang='lat' dir='ltr'>quod</span> <span class='ocrx_word' id='word_1_172' title='bbox 575 2083 669 2140; x_wconf 87' lang='lat' dir='ltr'>ordini</span> <span class='ocrx_word' id='word_1_173' title='bbox 681 2089 711 2140; x_wconf 88' lang='lat' dir='ltr'>ot</span> <span class='ocrx_word' id='word_1_174' title='bbox 720 2084 1030 2157; x_wconf 88' lang='lat' dir='ltr'>propensioninaturae</span> <span class='ocrx_word' id='word_1_175' title='bbox 1039 2101 1155 2160; x_wconf 89' lang='lat' dir='ltr'>respon·</span> 
     </span>
     <span class='ocr_line' id='line_1_23' title="bbox 105 2165 1157 2242; baseline 0.007 -17"><span class='ocrx_word' id='word_1_176' title='bbox 105 2169 153 2226; x_wconf 91' lang='lat' dir='ltr'>det</span> <span class='ocrx_word' id='word_1_177' title='bbox 163 2187 172 2240; x_wconf 89' lang='lat'><em>;</em></span> <span class='ocrx_word' id='word_1_178' title='bbox 192 2172 286 2225; x_wconf 71' lang='lat' dir='ltr'>umen</span> <span class='ocrx_word' id='word_1_179' title='bbox 301 2165 394 2238; x_wconf 87' lang='lat' dir='ltr'>quoad</span> <span class='ocrx_word' id='word_1_180' title='bbox 408 2165 607 2222; x_wconf 85' lang='lat' dir='ltr'>executionem</span> <span class='ocrx_word' id='word_1_181' title='bbox 626 2167 803 2226; x_wconf 85' lang='lat' dir='ltr'>avolnntate</span> <span class='ocrx_word' id='word_1_182' title='bbox 823 2175 908 2242; x_wconf 90' lang='lat' dir='ltr'>atque</span> <span class='ocrx_word' id='word_1_183' title='bbox 927 2187 945 2228; x_wconf 88' lang='lat' dir='ltr'>a</span> <span class='ocrx_word' id='word_1_184' title='bbox 969 2172 1157 2232; x_wconf 79' lang='lat' dir='ltr'>conventione</span> 
     </span>
     <span class='ocr_line' id='line_1_24' title="bbox 106 2247 1157 2322; baseline 0.007 -12"><span class='ocrx_word' id='word_1_185' title='bbox 106 2252 236 2310; x_wconf 86' lang='lat' dir='ltr'>humana</span> <span class='ocrx_word' id='word_1_186' title='bbox 250 2247 429 2322; x_wconf 79' lang='lat' dir='ltr'>dependeat3</span> <span class='ocrx_word' id='word_1_187' title='bbox 448 2247 590 2321; x_wconf 87' lang='lat' dir='ltr'>siquidem</span> <span class='ocrx_word' id='word_1_188' title='bbox 604 2263 642 2306; x_wconf 85' lang='lat' dir='ltr'>ex</span> <span class='ocrx_word' id='word_1_189' title='bbox 657 2250 827 2322; x_wconf 85' lang='lat' dir='ltr'>aequalibus</span> <span class='ocrx_word' id='word_1_190' title='bbox 841 2257 869 2310; x_wconf 90' lang='lat' dir='ltr'>et</span> <span class='ocrx_word' id='word_1_191' title='bbox 884 2255 959 2312; x_wconf 90' lang='lat' dir='ltr'>inter</span> <span class='ocrx_word' id='word_1_192' title='bbox 982 2272 1012 2314; x_wconf 89' lang='lat' dir='ltr'>se</span> <span class='ocrx_word' id='word_1_193' title='bbox 1037 2257 1157 2316; x_wconf 86' lang='lat' dir='ltr'>minime</span> 
     </span>
     <span class='ocr_line' id='line_1_25' title="bbox 106 2333 1156 2416; baseline 0.006 -22"><span class='ocrx_word' id='word_1_194' title='bbox 106 2335 241 2396; x_wconf 86' lang='lat' dir='ltr'>subiectis</span> <span class='ocrx_word' id='word_1_195' title='bbox 251 2333 379 2407; x_wconf 87' lang='lat' dir='ltr'>partibus</span> <span class='ocrx_word' id='word_1_196' title='bbox 393 2333 530 2405; x_wconf 80' lang='lat' dir='ltr'>exsurgit.</span> <span class='ocrx_word' id='word_1_197' title='bbox 548 2333 577 2391; x_wconf 93' lang='lat' dir='ltr'>ld</span> <span class='ocrx_word' id='word_1_198' title='bbox 594 2347 645 2416; x_wconf 86' lang='lat' dir='ltr'>suo</span> <span class='ocrx_word' id='word_1_199' title='bbox 657 2334 718 2392; x_wconf 89' lang='lat' dir='ltr'>loco</span> <span class='ocrx_word' id='word_1_200' title='bbox 737 2335 966 2410; x_wconf 80' lang='lat' dir='ltr'>explicabimus3</span> <span class='ocrx_word' id='word_1_201' title='bbox 987 2345 1017 2396; x_wconf 92' lang='lat' dir='ltr'>at</span> <span class='ocrx_word' id='word_1_202' title='bbox 1031 2341 1063 2398; x_wconf 95' lang='lat' dir='ltr'>in</span> <span class='ocrx_word' id='word_1_203' title='bbox 1076 2357 1156 2414; x_wconf 88' lang='lat' dir='ltr'>prae-</span> 
     </span>
     <span class='ocr_line' id='line_1_26' title="bbox 107 2417 1156 2493; baseline 0.005 -14"><span class='ocrx_word' id='word_1_204' title='bbox 107 2420 180 2479; x_wconf 88' lang='lat' dir='ltr'>senti</span> <span class='ocrx_word' id='word_1_205' title='bbox 199 2419 318 2477; x_wconf 89' lang='lat' dir='ltr'>innuere</span> <span class='ocrx_word' id='word_1_206' title='bbox 337 2417 488 2491; x_wconf 83' lang='lat' dir='ltr'>voluimus,</span> <span class='ocrx_word' id='word_1_207' title='bbox 506 2417 543 2476; x_wconf 91' lang='lat' dir='ltr'>ad</span> <span class='ocrx_word' id='word_1_208' title='bbox 567 2418 704 2476; x_wconf 87' lang='lat' dir='ltr'>materiae</span> <span class='ocrx_word' id='word_1_209' title='bbox 726 2419 908 2492; x_wconf 89' lang='lat' dir='ltr'>partitionem</span> <span class='ocrx_word' id='word_1_210' title='bbox 932 2426 1156 2493; x_wconf 87' lang='lat' dir='ltr'>proponendam.</span> 
     </span>
     <span class='ocr_line' id='line_1_27' title="bbox 107 2503 1156 2579; baseline 0.001 -15"><span class='ocrx_word' id='word_1_211' title='bbox 107 2506 257 2578; x_wconf 90' lang='lat' dir='ltr'>Postquam</span> <span class='ocrx_word' id='word_1_212' title='bbox 270 2504 349 2563; x_wconf 88' lang='lat' dir='ltr'>enim</span> <span class='ocrx_word' id='word_1_213' title='bbox 363 2504 394 2562; x_wconf 91' lang='lat' dir='ltr'>in</span> <span class='ocrx_word' id='word_1_214' title='bbox 409 2507 484 2561; x_wconf 89' lang='lat' dir='ltr'>statu</span> <span class='ocrx_word' id='word_1_215' title='bbox 499 2503 860 2576; x_wconf 84' lang='lat' dir='ltr'>mutuaeindspeudentiae</span> <span class='ocrx_word' id='word_1_216' title='bbox 876 2504 1028 2564; x_wconf 88' lang='lat' dir='ltr'>relationes</span> <span class='ocrx_word' id='word_1_217' title='bbox 1039 2510 1156 2579; x_wconf 90' lang='lat' dir='ltr'>populo-</span> 
     </span>
     <span class='ocr_line' id='line_1_28' title="bbox 106 2587 1157 2664; baseline 0 -15"><span class='ocrx_word' id='word_1_218' title='bbox 106 2601 171 2650; x_wconf 91' lang='lat' dir='ltr'>rum</span> <span class='ocrx_word' id='word_1_219' title='bbox 187 2595 312 2664; x_wconf 89' lang='lat' dir='ltr'>tempore</span> <span class='ocrx_word' id='word_1_220' title='bbox 327 2595 389 2646; x_wconf 92' lang='lat' dir='ltr'>tum</span> <span class='ocrx_word' id='word_1_221' title='bbox 404 2588 482 2662; x_wconf 90' lang='lat' dir='ltr'>pacis</span> <span class='ocrx_word' id='word_1_222' title='bbox 498 2593 559 2646; x_wconf 91' lang='lat' dir='ltr'>tum</span> <span class='ocrx_word' id='word_1_223' title='bbox 569 2587 637 2647; x_wconf 86' lang='lat' dir='ltr'>belli</span> <span class='ocrx_word' id='word_1_224' title='bbox 648 2588 903 2663; x_wconf 87' lang='lat' dir='ltr'>perpenderimus;</span> <span class='ocrx_word' id='word_1_225' title='bbox 920 2589 1092 2662; x_wconf 83' lang='lat' dir='ltr'>depositiva</span> <span class='ocrx_word' id='word_1_226' title='bbox 1108 2591 1157 2650; x_wconf 85' lang='lat' dir='ltr'>illa</span> 
     </span>
     <span class='ocr_line' id='line_1_29' title="bbox 107 2673 1154 2747; baseline 0.003 -13"><span class='ocrx_word' id='word_1_227' title='bbox 107 2675 315 2734; x_wconf 89' lang='lat' dir='ltr'>consociatione</span> <span class='ocrx_word' id='word_1_228' title='bbox 329 2673 456 2746; x_wconf 78' lang='lat' dir='ltr'>gentium</span> <span class='ocrx_word' id='word_1_229' title='bbox 481 2673 512 2730; x_wconf 89' lang='lat' dir='ltr'>in</span> <span class='ocrx_word' id='word_1_230' title='bbox 536 2689 639 2747; x_wconf 89' lang='lat' dir='ltr'>corpus</span> <span class='ocrx_word' id='word_1_231' title='bbox 662 2687 753 2732; x_wconf 90' lang='lat' dir='ltr'>uuum</span> <span class='ocrx_word' id='word_1_232' title='bbox 778 2673 995 2732; x_wconf 90' lang='lat' dir='ltr'>internationale</span> <span class='ocrx_word' id='word_1_233' title='bbox 1014 2673 1154 2737; x_wconf 83' lang='lat' dir='ltr'>dicemus.</span> 
     </span>
     <span class='ocr_line' id='line_1_30' title="bbox 107 2757 1162 2837; baseline 0.004 -19"><span class='ocrx_word' id='word_1_234' title='bbox 107 2759 184 2830; x_wconf 84' lang='lat' dir='ltr'>Quae</span> <span class='ocrx_word' id='word_1_235' title='bbox 198 2759 315 2835; x_wconf 84' lang='lat' dir='ltr'>quidem</span> <span class='ocrx_word' id='word_1_236' title='bbox 329 2757 426 2818; x_wconf 89' lang='lat' dir='ltr'>omnia</span> <span class='ocrx_word' id='word_1_237' title='bbox 436 2757 527 2817; x_wconf 86' lang='lat' dir='ltr'>tribus</span> <span class='ocrx_word' id='word_1_238' title='bbox 541 2757 684 2818; x_wconf 88' lang='lat' dir='ltr'>distinctis</span> <span class='ocrx_word' id='word_1_239' title='bbox 698 2759 850 2833; x_wconf 88' lang='lat' dir='ltr'>capitimus</span> <span class='ocrx_word' id='word_1_240' title='bbox 870 2773 1087 2837; x_wconf 84' lang='lat' dir='ltr'>persequemur.</span> <span class='ocrx_word' id='word_1_241' title='bbox 1159 2783 1162 2790; x_wconf 95' lang='lat'>·</span> 
     </span>
    </p>
   </div>
   <div class='ocr_carea' id='block_1_5' title="bbox 478 3027 792 3103">
    <p class='ocr_par' dir='ltr' id='par_1_6' title="bbox 478 3027 792 3103">
     <span class='ocr_line' id='line_1_31' title="bbox 478 3027 792 3103; baseline 0.006 -3"><span class='ocrx_word' id='word_1_242' title='bbox 478 3027 614 3100; x_wconf 75' lang='lat' dir='ltr'><strong>CAPUT</strong></span> <span class='ocrx_word' id='word_1_243' title='bbox 632 3029 792 3103; x_wconf 80' lang='lat' dir='ltr'>PRIMUM</span> 
     </span>
    </p>
   </div>
   <div class='ocr_carea' id='block_1_6' title="bbox 317 3313 950 3370">
    <p class='ocr_par' dir='ltr' id='par_1_7' title="bbox 317 3313 950 3370">
     <span class='ocr_line' id='line_1_32' title="bbox 317 3313 950 3370; baseline 0.002 -4"><span class='ocrx_word' id='word_1_244' title='bbox 317 3317 359 3366; x_wconf 80' lang='lat' dir='ltr'>ott</span> <span class='ocrx_word' id='word_1_245' title='bbox 376 3315 528 3370; x_wconf 69' lang='lat' dir='ltr'>auctricis</span> <span class='ocrx_word' id='word_1_246' title='bbox 543 3313 769 3366; x_wconf 77' lang='lat' dir='ltr'>nuturtoltutus</span> <span class='ocrx_word' id='word_1_247' title='bbox 781 3315 950 3367; x_wconf 73' lang='lat' dir='ltr'>rtattottttd.</span> 
     </span>
    </p>
   </div>
   <div class='ocr_carea' id='block_1_7' title="bbox 104 3571 1157 3819">
    <p class='ocr_par' dir='ltr' id='par_1_8' title="bbox 104 3571 1157 3819">
     <span class='ocr_line' id='line_1_33' title="bbox 146 3571 1157 3646; baseline 0 -14"><span class='ocrx_word' id='word_1_248' title='bbox 146 3574 209 3633; x_wconf 85' lang='lat' dir='ltr'>Tria</span> <span class='ocrx_word' id='word_1_249' title='bbox 224 3573 270 3632; x_wconf 89' lang='lat' dir='ltr'>hic</span> <span class='ocrx_word' id='word_1_250' title='bbox 283 3573 372 3633; x_wconf 87' lang='lat' dir='ltr'>tribus</span> <span class='ocrx_word' id='word_1_251' title='bbox 387 3571 514 3631; x_wconf 89' lang='lat' dir='ltr'>articulis</span> <span class='ocrx_word' id='word_1_252' title='bbox 529 3571 717 3646; x_wconf 83' lang='lat' dir='ltr'>inquiremus:</span> <span class='ocrx_word' id='word_1_253' title='bbox 733 3574 834 3630; x_wconf 87' lang='lat' dir='ltr'>mutua</span> <span class='ocrx_word' id='word_1_254' title='bbox 848 3572 997 3632; x_wconf 88' lang='lat' dir='ltr'>nationum</span> <span class='ocrx_word' id='word_1_255' title='bbox 1008 3572 1157 3646; x_wconf 72' lang='lat' dir='ltr'>cauciago-</span> 
     </span>
     <span class='ocr_line' id='line_1_34' title="bbox 113 3656 1157 3732; baseline 0.002 -16"><span class='ocrx_word' id='word_1_256' title='bbox 113 3659 244 3732; x_wconf 74' lang='lat' dir='ltr'>nonaum</span> <span class='ocrx_word' id='word_1_257' title='bbox 258 3663 391 3718; x_wconf 86' lang='lat' dir='ltr'>naturam</span> <span class='ocrx_word' id='word_1_258' title='bbox 406 3656 580 3728; x_wconf 81' lang='lat' dir='ltr'>commercii,</span> <span class='ocrx_word' id='word_1_259' title='bbox 593 3672 648 3730; x_wconf 91' lang='lat' dir='ltr'>quo</span> <span class='ocrx_word' id='word_1_260' title='bbox 662 3656 718 3715; x_wconf 89' lang='lat' dir='ltr'>sibi</span> <span class='ocrx_word' id='word_1_261' title='bbox 731 3657 858 3715; x_wconf 84' lang='lat' dir='ltr'>invicem</span> <span class='ocrx_word' id='word_1_262' title='bbox 884 3658 1068 3732; x_wconf 89' lang='lat' dir='ltr'>opitulantur;</span> <span class='ocrx_word' id='word_1_263' title='bbox 1084 3657 1157 3718; x_wconf 79' lang='lat' dir='ltr'>‘obli-</span> 
     </span>
     <span class='ocr_line' id='line_1_35' title="bbox 104 3742 1087 3819; baseline 0 -17"><span class='ocrx_word' id='word_1_264' title='bbox 104 3744 249 3816; x_wconf 82' lang='lat' dir='ltr'>gationem</span> <span class='ocrx_word' id='word_1_265' title='bbox 264 3744 420 3818; x_wconf 80' lang='lat' dir='ltr'>foederum,</span> <span class='ocrx_word' id='word_1_266' title='bbox 438 3742 542 3818; x_wconf 83' lang='lat' dir='ltr'>quibus</span> <span class='ocrx_word' id='word_1_267' title='bbox 557 3757 631 3804; x_wconf 80' lang='lat' dir='ltr'>nova</span> <span class='ocrx_word' id='word_1_268' title='bbox 646 3757 733 3802; x_wconf 86' lang='lat' dir='ltr'>onera</span> <span class='ocrx_word' id='word_1_269' title='bbox 747 3742 803 3805; x_wconf 89' lang='lat' dir='ltr'>sibi</span> <span class='ocrx_word' id='word_1_270' title='bbox 817 3747 917 3805; x_wconf 90' lang='lat' dir='ltr'>mutuo</span> <span class='ocrx_word' id='word_1_271' title='bbox 926 3743 1087 3819; x_wconf 87' lang='lat' dir='ltr'>imponunt.</span> 
     </span>
    </p>
   </div>
   <div class='ocr_carea' id='block_1_8' title="bbox 0 0 1398 4492">
    <p class='ocr_par' dir='ltr' id='par_1_9' title="bbox 0 0 1398 4492">
     <span class='ocr_line' id='line_1_36' title="bbox 0 0 1398 4492; baseline 0 0"><span class='ocrx_word' id='word_1_272' title='bbox 0 0 1398 4492; x_wconf 95' lang='lat' dir='ltr'> </span> 
     </span>
    </p>
   </div>
  </div>
 </body>
</html>
