2767 4492
163 319 167 327 '
244 311 299 376 tto
565 323 775 373 usrmnusros
789 322 953 372 osmnmrs

272 411 374 473 videre
384 411 446 471 acie
460 412 565 472 mentis
575 412 744 471 attributum
753 409 867 486 aliquod
881 411 1008 471 subiecto
1019 418 1187 486 congruere,
1199 413 1286 490 atque

237 500 292 558 hoc
306 499 401 572 ipsum
416 497 574 571 ollirmare,
591 497 668 557 idem
682 501 735 556 est.
753 496 871 556 Proinde
886 511 969 554 mens
985 495 1127 569 principio
1145 497 1286 557 contradi·

238 582 341 642 ctionis
356 582 514 641 assentiens
523 597 581 641 non
591 581 724 640 innititur
733 580 842 640 visione
852 580 1006 639 identitatis
1017 581 1204 640 terminorum
1214 587 1286 641 tam·

238 683 325 742 qnam
338 667 555 741 praemissam
569 681 625 740 qua
640 665 717 744 illiqs
731 665 865 741 principii
875 670 982 724 certam
992 671 1073 725 eruat
1082 665 1282 740 cognitionem,

239 754 290 814 sed
306 758 453 827 tamquam
470 751 606 826 requisito
631 751 668 810 od
686 751 762 810 hanc
780 751 951 811 eliciendam
969 751 1139 811 necessmio.
1161 752 1285 827 Quapro-

237 845 301 915 pter
313 839 447 897 identitas
457 838 652 911 terminomm,
663 842 748 912 atque
757 837 861 896 horum
876 835 1053 896 necessarius
1062 851 1155 896 nexus
1165 841 1209 896 est
1218 851 1286 898 con·

237 922 307 984 ditio
322 923 435 982 iudiciis
449 923 598 998 analyticis
612 923 707 996 insita,
725 937 782 982 non
798 937 864 982 vero
878 921 1024 982 constiutit
1036 921 1163 997 effetum,
1176 938 1214 982 es
1227 937 1285 997 quo
1330 999 1334 1006 ¹

238 1009 354 1069 illorum
375 1008 480 1066 veritas
498 1007 646 1066 inferatur.
665 1007 754 1082 itque
775 1008 828 1066 troc
846 1007 914 1066 inde
937 1007 1029 1080 magis
1053 1011 1187 1082 apparet,
1208 1007 1284 1082 quod

237 1091 398 1154 istiusmodi
413 1091 567 1152 identitatis
587 1091 705 1152 etiatum
721 1093 751 1151 io
767 1092 970 1167 principiorum
985 1105 1106 1151 numero
1120 1091 1220 1151 haberi
1234 1109 1283 1152 ne-

237 1185 330 1255 queat.
351 1179 459 1238 llcvcra
473 1178 551 1237 enim
565 1179 749 1252 nugatorium
764 1184 823 1250 est,
840 1193 894 1236 nec
907 1177 966 1236 ulle
980 1177 1089 1236 ratione
1104 1177 1148 1236 ad·
1159 1178 1284 1238 inieran-

237 1265 306 1324 dum
320 1263 404 1323 valet.
421 1262 523 1338 Nequit
537 1264 615 1322 enim
630 1265 736 1324 exinde
755 1263 935 1339 syllogismus
951 1261 1081 1335 conflari,
1098 1263 1167 1337 quin
1188 1263 1285 1323 minor

236 1348 390 1425 pmpositio
404 1364 519 1423 prorsus
533 1348 611 1407 idem
626 1349 770 1423 exprimat
785 1349 860 1424 quod
874 1347 977 1422 illati03
994 1355 1025 1406 ut
1039 1363 1085 1406 ex.
1103 1363 1145 1420 gr.
1162 1347 1188 1406 si
1207 1347 1283 1407 dicu-

235 1449 297 1493 res:
319 1433 398 1509 qood
415 1439 469 1502 cst,
490 1441 546 1504 cst·
566 1432 653 1506 utqui
667 1441 701 1491 tu
721 1449 766 1506 es;
785 1449 853 1508 erqo
875 1439 908 1492 tu
931 1449 968 1492 es.
989 1433 1049 1501 Qua
1067 1431 1282 1493 ratiocinatione

237 1519 334 1578 nescio
349 1534 386 1576 an
402 1517 491 1592 possit
505 1517 613 1592 aliquid
627 1517 753 1592 ineptius
768 1517 933 1592 excogitari.

272 1605 317 1662 75.
333 1604 473 1661 Adversus
488 1619 541 1676 ea,
558 1618 631 1676 quae
646 1603 774 1661 diximus
789 1603 824 1661 de
844 1603 1014 1661 resolutione
1028 1603 1206 1661 axiomatum
1220 1619 1284 1678 syn·

238 1689 408 1746 theticorum
424 1703 474 1746 seu
488 1687 795 1760 experimentaliumin
811 1687 982 1761 principium
993 1687 1166 1746 causalitotis
1182 1686 1227 1747 vel
1241 1703 1284 1746 ra·

238 1772 324 1831 tionis
339 1771 517 1844 sufficientis,
534 1773 575 1829 sic
589 1772 709 1830 fortasse
724 1773 787 1846 quis
803 1769 931 1831 obiiciat:
949 1771 977 1830 Si
993 1787 1027 1830 ea
1038 1771 1145 1832 theoria
1159 1785 1227 1831 vera
1241 1789 1284 1832 es-

239 1861 297 1928 set,
319 1856 464 1914 axiomata
479 1857 716 1929 experimentalia
737 1856 876 1916 haherent
893 1855 1093 1916 certitudinem
1113 1857 1285 1934 metaphysi-

240 1955 313 2012 cam,
325 1939 427 1998 saltem
442 1941 535 2014 quoad
550 1939 792 2000 universalitatem
807 1957 903 2014 suam3
919 1955 987 2000 nam
1001 1941 1173 2016 principium
1189 1947 1284 2002 causa·

237 2023 334 2095 litatis
352 2039 369 2081 a
384 2040 439 2097 quo
454 2039 518 2082 eam
532 2025 702 2098 derivarent,
719 2026 897 2086 certitudinis
911 2033 953 2085 est
965 2025 1167 2102 metapysicae.

274 2110 438 2182 llespondco
459 2109 588 2182 negando
609 2109 776 2168 illationem.
794 2112 864 2170 Nam
883 2111 1027 2170 axiomata
1048 2110 1285 2188 experimentalia

237 2195 398 2253 formantur
406 2190 523 2267 quidem
532 2194 705 2254 adminiculo
717 2195 848 2270 principii
859 2197 1032 2256 causalitatis
1044 2196 1089 2255 vel
1097 2197 1215 2257 rationis
1226 2199 1284 2256 sul·

239 2279 379 2348 licientis,
396 2287 425 2336 at
440 2279 614 2337 subaudiunt
635 2281 842 2354 experientiam
857 2280 925 2339 iacti
940 2286 968 2340 et
982 2281 1225 2342 enumerationem
1240 2295 1285 2339 ca-

238 2381 322 2423 suum
336 2363 539 2437 peculiarium,
558 2369 703 2438 tamquam
719 2365 937 2424 tundamentum
952 2380 1008 2439 quo
1022 2366 1194 2440 innitantur3
1210 2365 1285 2440 quod

238 2451 364 2524 proiecto
380 2464 437 2506 non
448 2449 609 2522 suppeditat
620 2449 675 2508 nisi
690 2450 888 2510 certitudinem
903 2451 1060 2524 physicam.
1072 2451 1159 2522 Unde,
1171 2450 1285 2511 etiamsi

237 2533 337 2591 haberi
347 2532 492 2594 velledtut
509 2533 704 2592 conclusiones
720 2535 840 2593 duarum
856 2535 1086 2609 praemissarum,
1096 2550 1285 2609 quarumuna

240 2618 276 2675 sit
290 2617 462 2690 principium
477 2617 594 2675 rationis
609 2619 787 2692 sullicieotis,
804 2619 892 2678 altera
906 2619 1014 2678 faenum
1024 2620 1200 2694 experientia
1210 2637 1285 2680 com·

238 2708 366 2776 pertom3
386 2707 478 2761 tamen
494 2703 693 2762 certitudinem
709 2704 855 2778 physicam
870 2720 927 2764 non
937 2705 1123 2765 excederent:
1140 2705 1284 2766 conclusio

238 2786 318 2870 ctrina
333 2787 471 2863 sequitur
484 2787 653 2847 debiliorem
668 2789 908 2863 praeniissarum
922 2799 1050 2866 portem.

644 2942 816 3019 ⁸tremendus
831 2959 874 3020 ill.

549 3127 588 3186 De
600 3129 750 3205 principio
767 3123 962 3192 causalitotis.

266 3295 310 3356 76.
318 3296 493 3356 causalitate
504 3297 622 3356 effatum
631 3299 673 3357 sic
684 3301 826 3360 enuntiari
836 3303 1094 3380 potestquidquid
1101 3303 1144 3380 sit,
1153 3303 1202 3362 sui
1211 3319 1284 3362 con-

238 3398 305 3440 som
321 3381 422 3454 dolet,
443 3381 489 3439 rel
503 3383 600 3441 omnis
617 3391 733 3442 euentus
750 3387 891 3446 sudondit
908 3403 1046 3461 eausam·
1066 3385 1209 3448 ueletiam
1222 3401 1287 3446 nen

239 3466 333 3524 datur
352 3467 464 3540 effectus
478 3465 539 3525 siue
557 3483 657 3526 muso.
671 3468 730 3536 Oua
745 3471 862 3542 quidem
870 3471 900 3530 in
910 3487 941 3531 re
956 3473 1053 3532 sedulo
1064 3473 1218 3532 notandum
1228 3477 1282 3545 est,

242 3551 317 3623 quod
331 3551 383 3609 etsi
399 3550 567 3626 plerumque
582 3553 726 3610 communi
737 3569 790 3612 usu
801 3555 973 3630 principium
983 3557 1122 3617 eiusmodi
1131 3571 1198 3616 cum
1209 3556 1287 3630 prin·
1380 3595 1381 3612 t

240 3631 314 3705 cipio
330 3634 448 3693 rationis
462 3634 632 3696 sufficientis
646 3635 782 3695 conlundi
798 3639 894 3713 soleat
913 3642 1055 3702 tamenab
1069 3651 1285 3716 eononperum

240 3715 362 3773 differat.
379 3719 511 3777 Subiecta
525 3720 603 3777 onim
618 3726 646 3778 et
660 3721 796 3780 attributa
810 3723 961 3801 utriusque
985 3726 1098 3786 diversa
1122 3732 1197 3786 sunt.
1214 3725 1286 3786 iiam

237 3798 356 3858 rationis
378 3803 545 3862 sufficientis
565 3803 683 3862 clintum
698 3805 750 3863 ait:
771 3805 854 3866 litttt
870 3825 926 3869 mae
950 3811 1030 3885 quod
1044 3811 1191 3870 rotunda
1205 3811 1285 3885 suffi-
1379 3821 1380 3885 l

238 3883 360 3944 cientem
378 3901 434 3944 cor
449 3888 488 3949 sit
505 3903 565 3948 ooo
585 3887 708 3964 lmoeot;
729 3889 847 3953 effatum
865 3909 931 3955 vero
956 3895 1130 3957 causalitate
1145 3897 1283 3956 affirmat:
1378 3949 1379 3964 y
