2767 4492
352 330 428 378 rans
444 329 756 397 marm-aunonensi
765 330 935 379 uumnmrs
1112 319 1166 381 293

120 417 225 478 idcirco
238 415 305 476 iliae
320 422 462 477 corruant.
483 415 588 476 Deinde
602 416 632 475 id
647 416 743 491 etiam,
760 419 836 492 quod
850 419 945 493 locuti
959 433 1069 494 summ,
1083 434 1165 480 raro

120 502 244 563 candum
257 508 309 562 est.
326 502 365 561 iia
379 503 456 562 enim
472 501 612 563 sententia
627 501 701 560 actio
711 501 884 577 huiusmodi,
896 519 954 578 qua
963 503 1037 564 Deus
1045 504 1078 564 in
1087 505 1164 564 nihi·

119 588 180 648 ium
194 594 338 647 creaturas
349 587 503 661 redigeret,
527 585 651 646 absurda
669 589 753 645 asset,
771 586 842 645 Nam
856 587 929 647 actio
942 604 1008 647 cum
1019 589 1097 648 reale
1113 589 1166 649 aii·

121 672 189 747 quid
204 687 238 731 ac
253 672 408 746 positivum
421 671 468 746 sit,
484 687 536 746 pru
552 671 673 731 termino
687 670 812 730 nihiium
821 669 927 730 habere
936 674 1086 748 nequit-et
1097 689 1165 734 cum

120 757 297 817 effectionem
313 757 439 831 aliquam
453 756 508 817 sihi
526 756 664 832 implicet;
679 755 733 814 hoc
747 755 809 829 ipso
823 755 898 829 quod
913 757 1020 830 mquid
1034 759 1163 835 destruit,

120 841 197 901 aliud
211 841 288 901 iacit.
306 841 480 915 Quapropter
493 841 568 900 Deus
583 840 704 915 agendo,
720 839 833 898 nuliam
846 854 910 898 ram
924 840 966 899 sic
975 841 1105 902 demoliri
1116 861 1165 918 po
1235 882 1248 907 .

120 930 183 1000 test,
200 931 232 984 ut
247 927 309 986 eius
321 925 394 984 nihil
408 926 531 998 supersit
545 941 598 985 nec
613 939 719 985 novum
733 924 811 983 aliud
827 930 971 998 exsurgat.
988 925 1080 993 Quare
1088 934 1166 1001 pote

120 1016 178 1070 stas
192 1011 233 1070 sic
248 1010 393 1070 evertendi
408 1009 566 1068 realitatem
580 1009 690 1068 endum
705 1013 864 1068 creatorum
876 1055 884 1083 ,
898 1015 929 1067 ut
942 1009 1009 1068 inde
1023 1010 1095 1069 nihii
1107 1012 1166 1085 pla·

119 1111 156 1155 ne
171 1095 301 1169 supersit3
318 1094 456 1168 explicari
470 1093 552 1152 aliter
567 1094 674 1168 nequit,
690 1093 747 1152 nisi
762 1093 919 1155 eessadone
932 1093 1060 1153 influxus
1074 1094 1162 1170 iliius,
1192 1088 1195 1095 ⁴

121 1195 177 1254 quo
198 1185 283 1238 antea
306 1179 336 1238 in
361 1178 512 1237 existentia
535 1177 740 1237 retinebantur.
767 1177 798 1237 ld
821 1183 917 1237 autem
935 1179 1085 1252 positivam
1099 1195 1164 1240 con-

120 1265 308 1323 servationem
324 1263 442 1322 invoivit
458 1265 481 1321 ⁴.
510 1263 542 1321 tit
556 1263 642 1336 igitur
658 1267 780 1336 potestas
794 1263 958 1322 destruendi
981 1263 1096 1338 penitus
1117 1281 1164 1326 res

68 1391 74 1402 .
120 1346 209 1407 semel
223 1348 361 1420 conditae,
377 1363 482 1422 easque
497 1347 528 1406 in
544 1348 667 1406 nihilum
681 1347 829 1424 redigendi
843 1348 900 1407 Deo
916 1347 1074 1422 tribuatur3
1092 1350 1165 1409 actio

121 1431 260 1505 quaedam
276 1432 450 1491 admittenda
465 1437 526 1500 est,
543 1448 602 1506 qua
617 1433 691 1491 Deus
705 1433 736 1490 in
750 1448 847 1492 rerum
860 1432 1044 1492 existentiam
1062 1433 1166 1505 iugiter

120 1516 231 1590 influat,
244 1522 272 1575 at
282 1533 339 1591 qua
349 1517 435 1576 eemel
447 1517 613 1590 interrupta,
624 1531 671 1576 res
686 1521 798 1576 creatae
812 1517 843 1576 in
857 1517 979 1576 nihilum
989 1516 1163 1577 relabantur.

120 1601 149 1660 ld
160 1617 227 1659 vero
237 1601 375 1660 eiusmodi
386 1601 631 1661 conservationem
646 1601 774 1675 invoivit,
786 1602 899 1675 quaein
910 1601 1029 1676 perenni
1042 1601 1166 1676 quodam

119 1685 232 1744 intluxu
248 1687 338 1758 posito
352 1687 467 1758 sitque
484 1687 574 1758 prima
585 1700 781 1744 causasarum
790 1685 969 1744 conditarum
980 1687 1165 1760 proferendae

118 1769 286 1830 existentiae
301 1781 442 1844 operetur.
458 1769 584 1843 Denique
599 1768 662 1844 ipsa
676 1785 775 1829 rerum
789 1775 950 1829 creatarum
959 1770 1162 1845 confingenda,

117 1854 265 1914 veritatem
281 1870 368 1929 quant
384 1861 496 1912 tuemur
509 1855 656 1913 evidenter
676 1856 837 1915 contirmat.
864 1856 919 1915 Res
941 1855 1019 1913 enim
1035 1869 1165 1929 quaeque

119 1953 185 1997 cum
200 1940 313 2000 condita
331 1947 393 2008 eet,
409 1953 466 1998 non
488 1938 593 1998 idcirco
615 1939 689 1998 entis
714 1940 904 2014 contingentis
924 1946 1058 1998 naturam
1073 1941 1163 1999 exuit.

119 2023 210 2092 Quare
225 2025 250 2084 ei
264 2039 401 2098 germana
416 2024 478 2082 eius
497 2028 640 2097 spectetur
658 2024 800 2097 conditio,
817 2023 1038 2083 indifferentiam
1053 2039 1166 2098 semper

118 2107 222 2165 retinet
237 2109 272 2167 ad
287 2107 468 2167 existendum
483 2107 635 2166 reiaecus.
654 2107 796 2181 Quidquid
810 2109 887 2167 eninr
897 2108 1011 2167 interna
1021 2107 1164 2167 existendi

118 2192 287 2250 necessitate
310 2205 367 2250 non
389 2191 511 2264 inuitur,
531 2191 562 2249 id
579 2197 614 2249 ut
635 2193 671 2250 ad
692 2191 874 2252 existentiam
896 2192 1106 2266 inchoandam,
1122 2191 1164 2251 sic
1205 2207 1209 2213 ’

80 2347 83 2352 .
118 2275 206 2334 etiam
216 2275 251 2332 ad
263 2273 484 2348 protrahendam
494 2290 545 2349 per
555 2291 585 2334 se
598 2275 717 2334 minime
726 2277 842 2336 sufficit.
859 2277 998 2345 Quamdiu
1009 2277 1095 2350 igitur
1105 2293 1167 2352 per·

119 2365 184 2431 stat,
202 2359 316 2417 aliunde
331 2359 368 2418 ad
382 2359 524 2418 existendi
540 2361 782 2434 perseverantiam
797 2361 980 2421 determinari
993 2361 1111 2435 indiget.

155 2443 210 2503 Nec
225 2443 382 2502 audiendus
396 2450 458 2518 est,
477 2445 526 2518 qui
541 2446 649 2504 diceret
664 2461 779 2505 causam
795 2445 1040 2507 determinationis
1055 2445 1117 2503 eius
1134 2445 1166 2503 in

118 2527 182 2601 ipsa
196 2527 338 2587 creatione
352 2527 461 2603 reponi,
475 2545 547 2602 quae
562 2545 624 2588 rem
640 2530 765 2604 primum
780 2530 911 2588 eduxite
926 2527 1025 2587 nihiio.
1042 2528 1113 2584 Nam
1127 2527 1166 2585 ei·

26 2603 31 2612 '
111 2610 211 2688 ¹iectus
226 2613 377 2682 creationis
392 2614 475 2688 piene
490 2615 659 2674 exhauritur
672 2615 703 2674 in
719 2617 783 2684 hoc,
799 2615 874 2688 quod
888 2629 935 2672 res
949 2611 1063 2671 condita
1076 2611 1166 2671 mmai

166 2824 176 2869 i
197 2824 229 2869 td
244 2839 290 2870 rem
307 2825 427 2870 certesiae:
447 2843 455 2865 ι
474 2825 517 2870 Nee
533 2823 623 2869 dubium
638 2829 679 2886 est,
696 2825 715 2868 si
731 2825 790 2869 Deus
806 2827 899 2869 maret
909 2837 922 2867 a
932 2837 972 2868 sno
986 2835 1102 2883 concursu,
1114 2821 1168 2884 quin

121 2919 129 2940 ι
150 2898 223 2942 statim
234 2899 307 2942 omnia
321 2898 345 2942 in
361 2898 455 2943 nihilum
470 2897 515 2942 sint
529 2897 627 2959 abitura,
640 2898 690 2958 quin
702 2903 818 2958 tauquam
833 2902 905 2944 ereata
918 2901 1073 2959 mangonum
1083 2896 1168 2958 stipsis

121 2995 130 3015 ι
151 2986 279 3018 concursum
295 2971 426 3034 praeberet,
445 2971 501 3015 nihii
519 2975 589 3015 erant.
609 2971 652 3015 Nec
667 2987 706 3032 per
722 2972 763 3016 lroc
779 2973 836 3033 qnod
853 2971 975 3018 substantia
990 2971 1075 3018 dicatur
1090 2987 1129 3035 per
1144 2986 1168 3019 se

121 3068 130 3090 ι
151 3047 255 3108 existere,
274 3045 395 3092 excluditur
411 3059 529 3091 concursus
546 3044 649 3106 divinas,
667 3061 711 3106 quo
726 3045 811 3106 indiget
826 3046 854 3092 ad
870 3046 1046 3110 subsistendum,
1064 3047 1103 3094 sed
1118 3052 1170 3092 ten-

118 3144 126 3166 ·
147 3121 258 3168 tnmmodo
275 3121 422 3182 significamus
431 3156 438 3184 ,
454 3120 515 3166 iiiam
529 3135 576 3166 esse
594 3120 659 3166 talem
675 3136 737 3184 rem,
753 3127 779 3168 nt
800 3121 882 3184 absque
898 3123 958 3169 omni
974 3124 1017 3170 alia
1033 3128 1105 3170 ereata
1120 3137 1167 3168 assa

118 3221 127 3244 e
147 3197 234 3261 possit,
251 3196 309 3260 qnod
326 3195 352 3242 de
374 3197 445 3242 medis
461 3211 534 3242 rernm
550 3195 594 3242 diei
612 3213 655 3242 non
671 3202 752 3260 potest.
770 3199 816 3244 Nee
833 3200 891 3245 Dens
908 3198 1032 3245 ostenderet
1046 3197 1168 3260 potentiam

118 3295 128 3317 a
148 3287 209 3320 suam
225 3287 272 3319 esea
286 3271 433 3335 immensam,
450 3271 469 3318 si
483 3286 517 3318 rea
535 3271 587 3318 teies
604 3271 718 3336 efficeret,
734 3278 759 3319 nt
775 3278 849 3336 postea
865 3274 913 3320 sine
928 3273 976 3336 ipso
992 3289 1039 3318 esse
1057 3277 1165 3335 possent,

119 3369 128 3392 ι
147 3348 185 3396 sod
202 3353 277 3394 centn
292 3347 352 3394 illam
367 3347 391 3393 in
405 3347 446 3394 hoo
462 3351 577 3394 testaretur
593 3347 679 3394 finitam
693 3363 748 3413 esse,
761 3349 819 3411 qnod
833 3365 868 3396 res
882 3348 949 3396 semel
964 3355 1048 3395 creatae
1061 3362 1107 3393 nen
1121 3362 1167 3393 am·

119 3447 128 3469 a
146 3427 205 3488 plius
220 3424 248 3471 ab
264 3439 289 3472 oo
304 3423 432 3486 penderent.
445 3424 489 3470 Nec
499 3424 573 3470 recide
588 3424 612 3470 in
628 3423 712 3472 foveam
727 3439 740 3470 a
756 3441 791 3472 me
806 3431 912 3488 paratam,
929 3441 979 3471 cum
994 3423 1043 3470 dico
1058 3422 1107 3470 tari
1121 3437 1166 3469 non

120 3527 128 3550 e
147 3523 223 3570 posse,
238 3511 263 3552 ut
277 3505 334 3552 Deus
351 3504 469 3568 quidquam
485 3504 548 3552 ahter
564 3504 679 3568 dostruat,
696 3520 762 3568 qaam
776 3505 880 3552 cessando
895 3521 908 3550 a
923 3521 962 3551 suo
977 3518 1097 3565 concursat,
1115 3503 1166 3564 qnia

119 3603 128 3625 ι
148 3582 245 3644 alioquin
262 3597 300 3644 per
315 3581 430 3645 positivam
445 3581 553 3628 actionem
566 3581 651 3628 veniret
666 3580 693 3626 ad
709 3597 754 3627 non
768 3597 815 3628 ene.
832 3582 911 3641 hiapna
925 3580 984 3626 enim
999 3578 1124 3625 differentia
1133 3582 1167 3625 est

120 3677 129 3702 ι
147 3658 204 3705 inter
220 3674 245 3705 ea
259 3673 314 3720 quae
328 3657 385 3705 fient
399 3673 438 3721 per
454 3659 569 3722 positirsm
584 3659 623 3704 Dei
640 3658 767 3720 actionem,
783 3673 839 3719 quae
860 3657 934 3702 omnia
949 3670 993 3701 non
1009 3660 1101 3718 pussant
1120 3669 1165 3700 non

120 3756 128 3777 ι
147 3750 194 3781 assa
208 3733 271 3782 vaide
287 3734 343 3794 bens
353 3750 359 3796 3
371 3739 393 3780 et
403 3750 428 3780 ea
439 3751 493 3797 qaae
504 3735 531 3780 ob
544 3735 685 3781 cessationem
702 3733 808 3796 positiaae
823 3733 915 3778 achonis
932 3731 1044 3794 eveniant,
1056 3736 1081 3776 nt
1091 3728 1165 3776 omnia

119 3832 129 3854 ι
147 3810 204 3858 mala
219 3815 241 3857 et
254 3817 341 3874 peecata
357 3817 379 3856 et
394 3810 511 3858 destructio
527 3811 619 3858 alicuius
633 3811 703 3876 entis,
715 3811 843 3874 nimquam
857 3807 940 3871 mquid
956 3808 1051 3857 existens
1066 3806 1164 3856 deum·

120 3905 130 3934 e
147 3891 191 3937 tar.
210 3906 220 3932 ι
238 3887 314 3948 Epist.
333 3886 356 3936 2.
375 3889 479 3949 ciperem
494 3890 511 3933 t.
528 3886 552 3951 6,
569 3903 593 3935 n.
609 3887 632 3936 7.
