2767 4492
550 321 681 374 ramera
1101 307 1136 374 ot

101 415 141 478 rit.
156 411 213 476 Etsi
228 409 305 480 enim
319 410 395 489 quau
409 409 483 473 Deus
496 427 531 473 eo
545 413 607 472 iure
623 413 664 471 nti
680 411 782 486 valeat,
798 425 837 472 ex
849 415 976 490 potemm
994 412 1137 486 dimanet,

101 503 169 578 quod
183 501 224 560 uti
234 500 310 573 velit,
329 499 449 574 prolluat
462 513 499 558 ex
514 497 652 570 bonitate3
670 499 746 572 quod
760 500 803 557 uti
816 501 898 573 sciat,
909 506 1036 575 emergat
1050 515 1088 559 ex
1097 513 1140 558 aa·

9 615 11 632 ›
101 586 214 662 pientia3
230 589 325 644 tamen
340 585 416 658 quod
429 582 500 642 illud
517 597 616 642 resera
630 583 744 657 habeat,
760 585 889 657 exsurgit
902 599 939 643 ex
952 585 1037 659 pleno
1051 583 1141 643 dorni·

100 671 144 730 nio
157 669 230 745 quod
250 669 373 730 Creatori
390 674 522 743 respectu
536 675 733 728 creaturamm
753 669 897 744 competit.
923 669 1044 729 [tilectus
1062 670 1141 728 enim

102 755 149 814 lroo
163 755 225 829 ipso
239 755 314 828 quod
330 769 348 812 a
369 767 457 812 causa
472 753 608 828 procedit,
625 767 728 812 causae
742 752 902 826 subiicitur,
919 767 1007 828 aqua
1022 754 1052 812 id
1065 753 1142 828 quod

102 841 181 900 habet
197 840 319 914 senapit3
338 845 366 898 et
380 855 436 914 quo
458 839 550 912 magis
569 839 640 897 irasc
654 838 791 898 realitatis
805 837 995 913 dependentia
1014 838 1142 898 extermi-

102 931 151 1000 tnr,
167 941 200 985 eo
214 925 299 984 latim
312 930 390 1000 patet
403 923 542 984 subiectio
556 911 630 998 tinae
644 921 712 982 inde
725 923 863 983 dimanat.

503 1096 671 1155 serranum
685 1091 730 1154 ll.

145 1288 147 1302 ·
260 1265 299 1327 De
312 1264 410 1344 primo
426 1271 452 1327 at
464 1263 720 1327 universalissima
741 1261 811 1340 lepis
822 1271 982 1341 praecepto.

138 1434 181 1496 te.
194 1435 251 1496 lloc
265 1434 381 1497 nomine
395 1451 455 1498 non
469 1436 546 1498 allud
561 1435 746 1513 intelligimus
759 1435 816 1497 nisi
830 1434 1002 1496 abstractam
1017 1429 1144 1508 alienam

99 1521 325 1597 praeceptionem
339 1527 467 1598 naturae,
480 1537 554 1598 puae
563 1524 600 1582 sit
615 1523 704 1584 veluti
713 1522 894 1582 adumbratio
907 1521 1040 1581 elementi
1056 1519 1142 1592 iltius,

100 1607 173 1682 quod
188 1607 218 1666 in
233 1607 361 1684 quolibet
373 1607 454 1667 iussu
469 1608 539 1682 legis
554 1607 728 1682 implicatur,
739 1612 769 1666 et
782 1607 818 1666 ad
834 1621 931 1682 quam
947 1611 1093 1680 amquam
1107 1605 1144 1663 ad

9 1737 11 1746 ,
100 1691 260 1766 generalem
275 1693 437 1766 formulam,
458 1698 553 1762 cetera
566 1691 638 1752 luris
652 1692 791 1752 neamalis
800 1691 942 1766 principle
959 1690 1143 1750 reducantur.

135 1776 210 1844 tinae
233 1777 349 1850 quidem
367 1777 516 1852 vestigatio
530 1792 588 1836 non
605 1777 716 1836 inutilis
732 1777 877 1836 censenda
891 1782 943 1850 est,
960 1774 1143 1850 quemadmo-

99 1861 165 1920 dum
181 1859 394 1922 Burlameclrius
409 1860 592 1922 existimavit.
609 1861 667 1921 Etsi
681 1862 759 1920 enirn
773 1861 868 1922 oldaia
882 1860 1037 1935 peculiaria
1056 1860 1145 1919 homi·

99 1945 144 2005 nis
158 1947 289 2019 cognosci
304 1946 422 2020 possint,
435 1947 505 2020 quin
520 1945 612 2005 ullum
626 1961 793 2020 supremum
804 1945 977 2020 principium
993 1949 1142 2018 statuatur,

99 2031 173 2105 quod
188 2032 253 2090 sinu
268 2045 319 2090 suo
334 2037 428 2090 cetera
441 2031 529 2090 veluti
540 2031 697 2104 contineam
717 2037 812 2090 tamen
822 2029 996 2104 principium
1005 2029 1146 2090 eiusmodi

98 2129 198 2175 revera
211 2120 314 2188 exstat,
330 2115 449 2189 eiusque
463 2115 585 2174 detectio
600 2114 635 2174 ad
656 2115 792 2174 scientiae
806 2116 1011 2188 perlectionem
1030 2129 1145 2189 magno·

99 2215 166 2274 pere
181 2199 298 2259 coniert.
315 2199 348 2257 st
363 2214 431 2258 sane
446 2199 478 2256 in
493 2198 613 2272 siugulis
627 2199 787 2274 praeceptis
802 2199 874 2258 iuris
890 2207 1011 2259 naturae
1024 2198 1146 2259 elemen-

98 2291 161 2342 tum
175 2283 288 2358 aliquod
298 2297 449 2342 communs
463 2284 583 2342 latenter
593 2284 661 2343 insit
671 2299 788 2344 necesse
802 2291 855 2358 est,
864 2285 893 2344 in
905 2285 1069 2358 quaomnia
1079 2300 1144 2343 con·

98 2369 224 2442 veniant,
242 2373 271 2428 et
285 2383 322 2427 ex
336 2381 392 2443 quo
406 2367 465 2427 rim
480 2383 563 2427 suam
581 2369 792 2442 quodammodo
805 2377 981 2428 mutuentur.
1001 2367 1146 2430 itiusmodi

98 2454 283 2528 elementum,
301 2454 375 2529 quod
387 2467 439 2528 ope
455 2450 568 2512 debitae
582 2455 747 2514 attentionis
755 2454 990 2514 etaltstractionis
1004 2454 1146 2525 detegitur

98 2545 129 2598 at
142 2539 262 2613 arulum,
282 2539 472 2614 propositione
488 2539 583 2613 aliqua
597 2540 723 2612 generali
736 2539 860 2614 exprimi
869 2543 970 2612 potest,
980 2551 1054 2611 quae
1064 2537 1145 2610 quasi

99 2624 230 2684 omnium
250 2623 414 2684 communis
429 2624 588 2684 enuntiatio
603 2625 751 2684 haheamr.
766 2625 856 2696 itque
871 2623 900 2681 id
914 2622 950 2681 ad
964 2621 1102 2680 unitatem
1117 2624 1146 2680 et

99 2709 231 2769 ordinem
253 2710 390 2770 scientiae
414 2709 561 2784 proprium
581 2723 755 2791 magnopere
768 2707 1012 2778 accommodam,
1032 2705 1145 2779 potissi-

98 2809 181 2852 mum
202 2793 270 2868 quia
290 2809 371 2853 mens
386 2794 501 2852 nonnisi
517 2793 548 2852 in
569 2809 612 2866 eo,
630 2795 705 2866 quod
724 2791 886 2850 absolutum
902 2794 946 2848 est
962 2794 992 2848 et
1008 2788 1144 2863 primum,

98 2877 243 2936 rationem
257 2877 395 2951 comperit
412 2893 510 2936 eorum
526 2891 600 2948 quae
614 2875 733 2935 relativa
748 2879 858 2934 suntet
875 2874 1053 2934 maundaria.
1074 2873 1146 2934 lllnc

99 2960 205 3034 evenit,
223 2967 256 3019 ut
273 2961 309 3018 ad
328 2960 405 3034 le'ges
419 2965 448 3019 et
463 2959 604 3033 principia
618 2959 747 3019 maxime
764 2958 952 3032 generationi
967 2965 1087 3018 naturae
1100 2973 1145 3017 re·
1233 3020 1235 3024 ,

98 3046 209 3122 piatur3
226 3057 280 3103 nec
290 3043 481 3118 conquiescat,
498 3043 588 3102 donec
602 3059 636 3103 eo
651 3043 822 3118 pervenerit,
839 3044 890 3104 ubi
904 3044 1060 3113 terminum
1080 3042 1146 3102 ulti·

98 3142 183 3190 mum
199 3133 228 3189 et
241 3143 407 3204 supremum
421 3127 557 3202 inspiciat
571 3127 664 3202 seriei,
681 3143 769 3203 quam
784 3129 999 3204 contemplatur.

138 3213 183 3273 59.
199 3215 304 3274 varum
313 3229 349 3274 ns
360 3213 389 3273 in
402 3215 455 3274 troc
464 3213 688 3273 absuectissimo
700 3213 920 3290 legisprincipio
931 3212 1145 3274 determinando

97 3313 239 3373 emamus,
255 3313 371 3358 neceam
386 3305 429 3358 est
443 3299 621 3358 characteres
632 3299 762 3372 innuere,
779 3298 884 3372 ouibus
899 3299 1071 3360 instructum
1082 3314 1145 3359 essa

9 3379 10 3386 ’
97 3384 196 3444 debet.
212 3383 234 3444 li
254 3389 349 3443 summ
363 3383 409 3442 his
423 3383 621 3445 consuantur:
646 3388 678 3443 ut
691 3382 730 3442 sit
746 3381 1011 3460 simplicissimae,
1026 3383 1146 3442 caloes·

97 3467 297 3542 solestanum,
317 3483 431 3544 seraper
453 3467 674 3544 obligatorium,
691 3467 731 3528 od
745 3467 832 3527 aliud
853 3468 1049 3528 irrednctbilc.
1069 3469 1145 3527 iltre

98 3553 219 3628 quidem
238 3567 316 3626 sera,
340 3554 414 3627 quod
435 3553 619 3613 irredncibile
638 3569 701 3613 esse
722 3558 861 3628 oporteat,
881 3553 991 3611 nemini
1012 3553 1142 3613 dubium.

97 3639 174 3703 Nam
189 3640 214 3699 si
228 3640 359 3716 superins
373 3639 546 3714 principium
560 3637 686 3713 haberet,
704 3639 741 3698 sd
755 3639 830 3714 quod
847 3638 975 3698 resecari
990 3644 1019 3698 et
1032 3655 1069 3698 er
1089 3653 1145 3714 quo

97 3723 204 3784 inlarri
219 3730 326 3799 possst,
343 3725 402 3784 iam
417 3723 579 3784 absolutum
594 3730 623 3784 et
636 3725 762 3799 primunr
775 3740 835 3784 non
850 3728 933 3784 esset.
951 3723 1030 3793 Quod
1048 3730 1144 3785 autem

96 3807 261 3866 maximam
278 3809 519 3872 universalitatem
534 3810 675 3884 exquirat,
702 3809 785 3868 facile
802 3814 888 3883 patet.
906 3809 976 3869 dum
996 3809 1074 3868 enim
1096 3825 1144 3869 ex-

95 3907 267 3970 pressorum
282 3894 318 3955 sit
331 3893 372 3970 id,
387 3895 462 3970 quod
475 3895 507 3958 iu
521 3895 622 3958 ceteris
639 3893 773 3958 ammons
785 3893 946 3972 praeceptis
967 3899 1088 3957 naturae
1101 3893 1144 3957 la·
