2767 4492
230 249 289 316 tau
483 235 486 242 ’
677 263 839 311 emanare

233 354 271 414 tio
280 353 323 412 est
336 350 488 410 cuiuslibet
501 348 644 418 societatis
654 353 683 410 et
696 349 745 410 lex
759 349 991 424 fundamentalis,
1008 349 1223 426 quam'papyris
1236 350 1285 411 in·
1361 380 1362 385 κ

232 436 319 498 scribi
333 442 382 496 aut
396 435 500 496 abelis
514 436 676 510 consignari
691 451 748 494 non
763 441 883 510 oportet,
900 451 968 495 cum
982 436 1012 495 in
1028 437 1090 510 ipsa
1104 438 1217 497 ratione
1230 437 1283 496 lro
1361 430 1362 481 l

124 568 126 574 .
231 522 319 584 minis
333 521 407 580 notia
421 537 480 580 non
495 520 622 582 delendis
641 521 760 594 adigito
774 521 823 579 liei
846 521 990 596 insculpta
1010 521 1129 596 legatur.
1154 522 1285 582 Societas

206 651 212 660 .
233 607 311 668 enim
325 606 356 665 in
370 606 476 664 bonurn
491 622 548 666 non
566 622 631 667 tero
641 607 671 664 in
682 606 886 665 detrimentum
899 606 1042 665 sociorum
1056 606 1219 665 redundare
1233 607 1284 666 de·

232 693 294 766 het3
313 707 367 750 neo
381 707 455 766 quae
468 707 485 749 a
499 697 602 750 natura
617 691 789 765 tribuuntur,
805 691 841 750 ab
856 691 973 750 lromine
987 690 1064 750 demi
1079 698 1209 765 possunt.
1223 693 1286 751 lloc

234 783 331 838 tamen
348 792 406 835 non
421 783 497 838 vetat
510 778 580 852 quin
590 777 654 836 iura
668 776 811 836 eiusmodi
821 775 875 835 sub
890 776 1045 837 dictamine
1055 777 1179 836 iustitiae
1194 782 1224 836 et
1238 794 1286 836 ra·

234 863 318 923 tionis
335 867 528 936 temperentur
537 863 612 922 inter
621 877 652 921 sc
667 868 753 936 atque
766 861 906 920 limitibus
914 861 1087 935 quibusdam
1101 861 1287 922 circumseri-

233 949 347 1021 henlur,
363 952 447 1023 prout
461 947 648 1008 coexistentia
663 954 833 1019 ceterorum,
849 952 877 1006 et
890 946 1003 1021 adeptio
1020 947 1150 1021 publicae
1164 947 1286 1006 felicita·
1361 976 1362 993 .

234 1033 270 1092 tis
284 1033 421 1107 exposcit.
438 1034 552 1108 Neque,
569 1033 594 1092 si
609 1047 655 1091 res
670 1032 772 1091 intime
786 1031 998 1105 consideretur,
1018 1027 1088 1108 dum
1102 1032 1132 1090 id
1146 1033 1285 1106 allicitur,
1361 1068 1362 1109 ,

233 1118 277 1178 ris
293 1117 485 1177 ullanaturae
500 1123 550 1176 aut
562 1118 674 1177 iuribus
688 1116 903 1176 individuorum
914 1117 1045 1191 iniertnr,
1058 1118 1108 1176 sed
1122 1119 1220 1192 potius
1233 1133 1287 1176 na·

235 1208 316 1262 turae
325 1203 417 1262 ordini
427 1203 645 1262 obsecundatur.
659 1203 686 1261 Si
701 1202 781 1261 enim
792 1209 894 1260 natura
907 1201 1054 1260 hominem
1068 1202 1207 1262 socialem
1217 1219 1289 1262 oon·
1361 1200 1362 1269 ζ

237 1288 317 1362 didit,
335 1295 420 1362 atque
430 1289 465 1348 ad
475 1289 636 1347 convictum
647 1303 715 1346 oum
729 1288 793 1345 aliis
808 1286 963 1360 ordinavit3
979 1288 1105 1361 proiecto
1119 1288 1193 1361 iura,
1212 1305 1289 1363 qnae

236 1373 278 1434 illi
293 1373 394 1447 largita
409 1379 460 1447 est,
473 1389 521 1432 eas
535 1372 787 1432 determinationes
797 1387 903 1446 eosque
917 1372 1025 1430 limites
1039 1379 1210 1447 susceptura
1224 1389 1291 1434 esse

228 1458 342 1532 ‚voluit,
359 1458 419 1517 sinc
434 1459 538 1532 quibus
561 1457 682 1531 socialis,
695 1456 882 1518 coexistentia
902 1456 953 1516 vix
972 1462 1021 1516 aut
1038 1473 1076 1517 ne
1094 1457 1143 1516 vix
1167 1458 1291 1532 quidem

237 1543 320 1602 lirma
335 1543 510 1602 consisteret.

274 1629 335 1688 195.
352 1629 393 1687 lix
408 1629 547 1688 eiusmodi
563 1631 651 1689 tutela
665 1630 771 1688 iurium
785 1630 937 1688 manifeste
947 1630 1075 1704 sequitur
1088 1635 1120 1688 nt
1134 1629 1210 1688 nihil
1223 1635 1288 1689 ten-

237 1719 312 1774 tetur
326 1719 376 1772 aut
390 1715 579 1788 permittatur,
596 1716 671 1788 quod
686 1716 794 1774 civium
808 1714 995 1774 incolumitati
1010 1721 1060 1773 ant
1073 1714 1153 1773 cirili
1167 1715 1289 1773 liberta·

237 1800 258 1858 ti
275 1799 431 1872 quidquam
447 1801 585 1872 detrahat,
605 1815 658 1858 nec
673 1801 724 1858 ulli
738 1807 892 1874 utcumque
906 1799 942 1859 ad
956 1800 1086 1858 intimam
1105 1801 1205 1874 poprdi
1223 1817 1294 1875 par·

238 1890 296 1943 tem
310 1883 465 1956 pertinenti
480 1899 498 1942 a
513 1890 696 1958 praepotente
718 1886 813 1960 aliquo
832 1890 881 1944 aut
900 1886 987 1944 divite
1010 1885 1117 1943 iniuria
1141 1886 1295 1960 irrogetur

236 1969 365 2042 impune.
383 1967 473 2026 lmmo
488 1969 615 2028 maxime
629 1970 753 2045 principi
767 1987 853 2029 curae
867 1970 904 2030 sit
917 1970 1070 2029 humilium
1090 1968 1245 2044 detonsio,
1262 1979 1297 2030 ut
1361 2010 1362 2027 .

237 2069 336 2114 eorum
357 2068 445 2112 causo
468 2053 603 2113 adversus
625 2054 764 2115 violentos
788 2055 929 2130 quoslibet
956 2055 1125 2114 vindicetur.
1152 2055 1297 2117 Benefica

236 2139 314 2198 enim
329 2136 467 2211 principis
484 2139 663 2212 providentia
678 2156 746 2214 erga
760 2141 843 2215 illos,
860 2141 910 2215 qui
924 2140 1016 2214 magis
1030 2139 1177 2213 indigent,
1195 2142 1299 2214 splen·

237 2221 331 2280 didius
346 2228 374 2280 et
398 2223 544 2283 efficacius
566 2225 674 2298 rotgero
690 2225 789 2300 deneg
809 2226 859 2300 qui
873 2232 973 2284 conca
987 2224 1056 2285 satis
1078 2240 1178 2299 perse
1193 2235 1300 2299 prute-

237 2313 352 2381 guntm‚
369 2308 431 2367 eius
447 2309 590 2369 inllnxum
604 2311 700 2370 minus
714 2313 866 2384 postulant.

273 2393 342 2451 Tuta
355 2394 441 2452 etiam
452 2395 489 2454 sit
503 2401 611 2469 oportet
626 2397 783 2471 proprietas
797 2397 1023 2470 singulorumet
1032 2398 1154 2456 iacultas
1164 2413 1239 2457 eam
1250 2418 1303 2460 au·

237 2478 323 2551 gendi
343 2479 418 2538 intra
436 2483 572 2540 termines
589 2482 745 2540 honestatis
764 2489 792 2540 et
811 2484 874 2542 sine
894 2484 1006 2542 iactura
1025 2482 1093 2541 boni
1112 2488 1305 2558 communis,

237 2579 290 2622 nec
311 2563 376 2638 plus
400 2581 491 2640 aequo
510 2567 627 2639 emungi
648 2567 776 2626 subditos
791 2573 840 2626 aut
855 2569 970 2642 gravari
988 2574 1223 2628 consentaneum
1246 2579 1303 2630 est.

237 2647 294 2706 litsi
308 2650 386 2708 enim
402 2651 437 2708 ad
453 2651 516 2710 iura
531 2651 686 2709 malestatis
701 2653 843 2725 pertineat
856 2654 1005 2726 vectigalia
1022 2658 1051 2712 et
1074 2653 1184 2712 tributa
1203 2655 1305 2731 impu

237 2749 307 2792 nere
333 2735 451 2807 civilem,
472 2742 503 2794 nt
526 2736 664 2810 impensis
683 2737 908 2812 gubernationis,
931 2755 1005 2812 qnae
1027 2739 1058 2797 in
1082 2738 1241 2812 publicam
1258 2759 1305 2802 ce-

237 2818 307 2876 dant
321 2820 482 2893 utilitatem,
501 2829 610 2895 praesto
627 2823 692 2896 sint,
710 2829 738 2881 et
753 2825 789 2882 ad
803 2825 963 2884 exercitum
979 2825 1124 2896 alendum,
1140 2831 1173 2883 et
1187 2828 1306 2901 stipen-

238 2904 285 2962 dia
299 2907 523 2980 magistratibus,
544 2909 664 2983 aliisque
680 2915 818 2984 quotquot
833 2911 960 2969 societati
974 2927 1040 2970 snas
1060 2925 1164 2985 operas
1186 2915 1305 2986 locant,

237 2990 426 3049 ministranda
440 3007 498 3051 non
518 2993 611 3053 desint
634 2996 742 3068 media3
761 3001 856 3054 tamen
879 3012 1015 3055 mensura
1028 3011 1191 3069 congruens
1214 3013 1307 3058 exer·

238 3077 329 3134 condo
344 3093 401 3136 non
417 3085 467 3150 est,
485 3095 558 3153 quae
573 3081 708 3155 adoplici
724 3082 846 3140 termino
860 3098 992 3141 normam
1002 3083 1120 3156 accipit:
1133 3097 1151 3140 a
1165 3084 1249 3143 reali
1261 3087 1308 3144 in-

239 3160 363 3233 digentia
374 3162 442 3222 boni
457 3164 574 3240 publici,
592 3171 619 3224 et
635 3182 651 3224 a
665 3167 1035 3241 privatorumfacnltate.-Si
1046 3168 1124 3226 enim
1134 3168 1308 3245 plusquam

239 3247 351 3306 socialis
366 3250 519 3308 necessitas
535 3252 652 3310 suadent
666 3268 809 3327 expensae
825 3253 912 3326 liunt,
936 3253 1015 3312 deest
1035 3253 1107 3311 ratio
1130 3267 1184 3312 eur
1206 3271 1307 3316 onera

240 3332 361 3392 subditis
375 3334 510 3409 imposita
523 3336 651 3410 legitima
661 3338 727 3396 sint.
740 3339 789 3396 Sin
800 3339 952 3412 plusquam
966 3343 1157 3412 eongmenter
1172 3344 1306 3416 possint,

240 3418 316 3478 eires
336 3427 536 3496 emunguntur,
554 3428 664 3496 praeter
685 3429 779 3482 cetera
799 3424 905 3482 damna
926 3429 955 3482 et
977 3423 1112 3496 pericula,
1134 3437 1307 3488 enervatur

238 3506 282 3566 vis
297 3507 432 3580 civitatis3
449 3508 531 3566 cuius
545 3508 632 3568 robur
647 3512 675 3568 et
689 3509 834 3583 opulentia
844 3511 969 3570 arobore
980 3516 1010 3569 et
1023 3511 1173 3585 opulentia
1183 3512 1309 3575 civium

241 3595 370 3668 emergit.

276 3679 355 3748 Quod
369 3681 394 3739 si
407 3681 478 3739 haee
488 3682 551 3741 iura
565 3696 638 3756 quae
647 3681 874 3741 incolumitatem
884 3686 913 3742 et
923 3683 1125 3757 proprietatem
1134 3687 1313 3758 respiciunt

240 3762 315 3821 laedi
330 3781 388 3824 non
407 3765 519 3839 debent,
537 3767 587 3824 sed
601 3768 694 3840 potius
715 3768 880 3826 confirmari
896 3773 924 3826 ct
938 3769 1069 3841 delendi3
1090 3767 1183 3828 multo
1206 3776 1314 3848 magis

240 3842 271 3902 id
285 3847 340 3906 sibi
360 3849 507 3909 vindicant
526 3852 636 3923 potiora
654 3852 705 3912 illa
724 3853 789 3912 iura
809 3869 884 3926 quae
898 3853 1049 3916 nemmem
1066 3857 1095 3914 et
1113 3853 1315 3920 honestatem
