2767 4492
255 296 309 367 l-i8
697 315 859 360 naruams

290 401 335 462 98.
352 399 455 467 Ouaeri
469 397 517 458 hic
531 400 627 473 posset
640 401 739 458 utrum
753 399 830 457 iusta
846 397 974 458 defensio
993 411 1086 474 nsque
1102 398 1141 458 ad
1154 413 1308 472 aggresso·

256 487 297 547 ris
311 500 431 558 necem,
449 499 534 558 quam
549 483 633 543 modo
648 483 790 557 explicato
806 481 890 542 licere
903 484 1051 558 diximus,
1067 500 1085 544 a
1102 485 1166 543 inre
1181 491 1309 544 naturae

255 586 313 633 non
328 569 413 629 modo
429 569 607 643 permittatur
622 583 721 626 rerum
736 566 821 625 ctiam
835 569 1035 642 praecipiatur.
1052 569 1226 643 llepouimus
1238 585 1309 628 eam

255 653 412 730 generatim
427 668 486 712 uon
500 652 641 729 praecipi,
658 652 707 710 sed
724 651 848 725 permitti
865 658 985 711 tantum.
1001 654 1060 712 Non
1075 653 1153 712 euim
1168 658 1201 710 ut
1216 653 1308 712 vitam

256 744 364 811 servet,
381 753 454 812 quae
469 753 520 812 per
536 753 566 796 se
582 736 690 796 bonum
708 737 859 810 physicum
873 737 1024 796 dumtaxat
1037 742 1080 796 est
1093 737 1254 811 etquidem
1268 737 1310 796 ad

256 823 436 885 individuum
456 815 624 898 pertinens,
646 820 766 894 obligari
786 821 872 880 homo
891 829 982 895 potest
996 821 1032 880 ad
1051 822 1194 894 actionem
1210 837 1230 880 a
1247 837 1311 895 qua

260 917 406 985 tantopere
428 915 530 968 natura
551 907 702 979 abhorret,
718 907 811 981 qualis
832 914 875 967 est
894 907 1017 967 bominis
1032 908 1201 967 interiectio.
1222 907 1309 967 Pras-

261 995 359 1056 sertim
376 995 444 1069 quia
459 1010 490 1053 se
517 992 685 1052 abstinendo
701 990 762 1050 avi
781 993 939 1065 aggressuri
956 993 1142 1068 opponenda,
1158 992 1246 1051 nltius
1258 992 1312 1052 bo

261 1097 334 1142 num
348 1087 475 1155 spectare
492 1085 591 1154 potest,
604 1077 744 1136 nimirum
759 1077 872 1136 virtutis
881 1078 1051 1137 exercitium
1065 1083 1249 1137 stactemam
1260 1095 1312 1153 ag·

261 1166 399 1240 gressoris
415 1164 553 1237 salutem3
571 1179 643 1238 qliae
658 1169 734 1221 certo
748 1163 855 1221 certius
870 1179 988 1238 pessum
1001 1163 1072 1236 iret,
1089 1163 1114 1222 si
1127 1162 1153 1221 is
1168 1168 1250 1222 tauto
1263 1179 1312 1222 ac·

262 1250 374 1310 cinctus
392 1249 510 1309 incisori
524 1249 660 1322 migraret
674 1263 690 1307 e
705 1247 774 1308 vita.
797 1248 868 1306 llinc
888 1255 1002 1321 tamen,
1021 1254 1052 1308 ut
1069 1249 1192 1322 quisque
1209 1248 1309 1322 videt,

264 1334 395 1409 exceptio
411 1334 472 1392 lieri
487 1331 580 1406 debet,
597 1348 633 1392 ne
649 1333 689 1405 is,
707 1332 757 1406 qui
773 1332 982 1406 aggressionem
998 1331 1106 1407 patitur
1119 1347 1151 1390 se
1162 1332 1196 1390 in
1210 1331 1311 1391 lethali

263 1420 347 1494 culpa
362 1418 469 1478 versari
481 1419 625 1488 consolat,
642 1423 691 1476 aut
705 1424 783 1476 certo
803 1424 900 1475 noscat
919 1423 1032 1492 propter
1048 1417 1094 1476 sni
1113 1417 1308 1492 interemptio·

262 1520 329 1564 nem
349 1503 458 1563 bonum
473 1518 624 1564 commune
640 1502 803 1576 periclitari.
819 1503 897 1560 Tunc
910 1502 1136 1574 enimoliicium,
1147 1517 1206 1575 quo
1220 1517 1253 1560 se
1265 1517 1311 1561 or-

267 1589 364 1650 dinato
380 1601 476 1648 amore
490 1588 607 1661 diligere
623 1603 656 1646 ac
671 1586 779 1646 bonnm
800 1601 952 1644 commune
973 1587 1083 1660 privato
1104 1585 1182 1644 bono
1194 1592 1312 1660 autepo

245 1671 339 1732 'nere
355 1673 449 1744 debet,
466 1673 501 1730 ad
519 1672 575 1730 rim
592 1671 620 1730 vi
636 1671 830 1746 repellandam
844 1671 1041 1743 adstringeret.

302 1757 347 1815 ea.
366 1757 433 1815 Guur
448 1757 482 1815 de
498 1756 560 1814 iure
575 1772 606 1814 se
623 1757 720 1814 tuendi
735 1771 864 1828 agamus,
883 1770 937 1813 non
955 1756 1007 1814 abs
1022 1771 1054 1814 re
1068 1755 1124 1815 erit
1137 1755 1174 1814 ad
1189 1771 1313 1815 examen

177 1861 181 1868 ·
264 1855 396 1899 revocure
413 1841 620 1913 praeiudicium
638 1839 710 1898 illud
728 1838 835 1898 levium
850 1838 1313 1913 quorumdamlromiuum,quiad

266 1924 373 1982 laesum
387 1925 522 1983 lrooorcm
541 1925 792 1996 redintegrandum
806 1926 951 1998 privatum
967 1931 1111 1983 certamen
1129 1926 1245 1999 propria
1263 1941 1311 1982 au-

268 2009 395 2067 ctoritate
416 2009 593 2082 susripiuut,
611 2011 684 2082 quod
705 2009 838 2068 duellum
855 2009 1007 2084 appellant.
1029 2009 1061 2068 lit
1078 2008 1109 2066 in
1130 2010 1232 2082 primis
1253 2009 1311 2068 aui·

267 2093 503 2153 madverteudum
514 2099 556 2152 cst
567 2109 618 2152 nos
631 2110 686 2152 aron
699 2094 775 2167 loqui
786 2095 820 2152 dc
832 2109 935 2167 genere
950 2091 998 2151 illo
1009 2094 1174 2152 certaminis
1187 2093 1312 2168 singula·

271 2179 326 2249 rie,
343 2177 418 2250 quod
437 2176 549 2250 publica
565 2183 732 2238 aristot-itate
748 2180 783 2236 atl
799 2178 907 2238 bellum
923 2179 1079 2237 finiendum
1094 2179 1268 2251 assumitur,
1284 2183 1314 2236 ut

274 2261 391 2320 victoria
407 2262 446 2320 illi
464 2262 534 2336 prrrti
551 2263 745 2336 adiudicctur,
762 2263 844 2321 euius
858 2265 941 2322 miles
955 2265 1045 2321 victor
1060 2265 1174 2322 existat.
1191 2263 1222 2321 ld
1236 2263 1314 2321 enim

270 2362 444 2421 quamquam
459 2346 586 2406 absoluto
607 2364 624 2406 a
642 2349 751 2406 ratione
769 2348 972 2423 prohibeatur,
989 2363 1063 2421 natae
1083 2347 1163 2405 iubet
1177 2363 1214 2406 no
1228 2347 1314 2406 iortu-

274 2447 330 2490 nne
347 2431 541 2490 committatur
556 2432 629 2506 tptrod
651 2431 808 2506 aptioribus
820 2438 849 2489 et
866 2431 1059 2491 securioribus
1076 2431 1180 2490 mediis
1195 2430 1317 2490 obtineri

274 2522 374 2589 potest
393 2521 486 2574 tarrrcn
500 2516 529 2574 iu
546 2514 689 2588 aliquibus
700 2516 922 2575 circumstantiis
935 2515 1046 2575 licitum
1055 2521 1108 2588 est,
1119 2515 1193 2574 sieut
1207 2515 1317 2574 licitum

273 2605 315 2659 cst
331 2600 447 2658 bellum.
475 2600 529 2660 Sed
544 2606 575 2660 ut
588 2602 622 2658 ad
638 2600 765 2659 duellum
782 2600 893 2674 proprie
906 2600 1013 2660 dictum
1028 2615 1189 2660 sermonem
1201 2599 1318 2658 restrin-

273 2701 375 2760 gamus
394 2731 400 2758 ,
418 2685 512 2758 ipsum
527 2685 649 2744 describi
667 2692 774 2756 potest:
791 2685 923 2743 duorum
942 2693 996 2744 aut
1015 2685 1153 2759 plurium
1171 2692 1318 2742 certamen

269 2770 393 2846 priuata
408 2787 499 2830 cttttsn
515 2777 541 2828 ot
553 2770 675 2845 privata
691 2770 1050 2846 auetoritatctuaccptttm,
1062 2767 1320 2844 destpnottsonreo

274 2855 388 2926 aratis,
405 2854 563 2926 iudicibus,
577 2853 634 2912 loco
659 2862 684 2912 ct
709 2862 854 2930 tempore,
877 2870 936 2928 quo
956 2853 1172 2928 confligendum
1192 2853 1243 2911 sit.
1264 2853 1320 2912 lloc

272 2939 405 2998 certandi
425 2953 515 3012 genus
534 2938 694 2997 asserimus
715 2939 793 2998 lalsis
812 2937 960 3013 principiis
979 2937 1081 3013 inniti,
1102 2937 1244 2997 iniustum
1260 2951 1321 2996 esse

272 3037 324 3098 pcr
339 3037 379 3095 se,
398 3028 426 3080 ct
440 3023 569 3095 ineptum
584 3038 673 3096 scopo
690 3030 804 3097 propter
818 3038 904 3096 quem
919 3022 1085 3082 adstruitur.

307 3107 397 3180 litque
411 3107 447 3164 ad
465 3106 681 3180 primumquod
697 3109 806 3179 attinet,
823 3107 949 3165 duellum
963 3123 1020 3165 uon
1043 3106 1181 3166 srirtuto
1204 3106 1323 3166 militati

272 3191 321 3264 scd
335 3207 372 3250 en·
388 3189 611 3265 septemtrionali
626 3191 758 3251 barbarie
783 3193 923 3266 originem
947 3190 1039 3250 duxit.
1056 3192 1271 3252 Romani-enim
1296 3197 1323 3248 ct
1369 3260 1370 3267 ἵ

274 3275 380 3349 Graeci,
398 3277 474 3336 iuter,
486 3275 615 3335 natiooes
632 3292 732 3335 omues
749 3275 967 3349 bellicosissimi,
984 3292 1021 3336 ue
1037 3291 1142 3336 nomen
1157 3276 1277 3350 quidem
1291 3277 1324 3335 il·
1369 3280 1370 3283 ’

272 3359 323 3418 lud
340 3361 509 3428 retinebant,
527 3375 560 3422 eo
575 3377 660 3420 sensu
675 3377 732 3435 quo
747 3376 824 3418 nnnc
839 3367 1001 3435 usurpatur,
1027 3361 1049 3419 A
1069 3360 1264 3434 longobardis
1279 3377 1324 3435 po·

274 3445 414 3504 tissimum
431 3446 557 3519 privatus
582 3446 629 3504 laic
654 3444 800 3519 pugnandi
815 3460 877 3505 mos
892 3444 1020 3504 invectus
1034 3452 1087 3519 est,
1108 3451 1257 3520 umquam
1282 3446 1326 3504 dt·

274 3531 451 3590 incrassatio
468 3531 627 3590 iudicialis.
643 3531 663 3590 a
678 3531 739 3589 loro
754 3530 888 3604 deinceps
902 3529 1009 3589 eiectus
1022 3532 1059 3589 ad
1074 3537 1185 3589 veteres
1194 3531 1328 3604 migrarit

274 3617 392 3691 equites,
409 3616 458 3690 qui
468 3632 502 3675 eo
517 3616 563 3675 usi
578 3621 644 3674 sunt
660 3623 805 3689 tamqnam
819 3615 915 3675 divino
930 3616 1180 3690 quodamiudicio,
1196 3616 1234 3675 ad
1247 3623 1330 3676 tuen-

274 3700 341 3758 dam
351 3699 543 3759 innocentiam
559 3706 586 3758 et
602 3699 751 3758 veritatem
766 3707 865 3759 eontra
879 3701 1075 3774 improborum
1089 3701 1332 3760 calunzniamaut

276 3783 343 3841 vim.
359 3785 483 3844 Tandem
498 3790 666 3858 augescente
681 3784 793 3844 cultura
807 3785 836 3844 id
851 3785 1081 3858 etiamevanuit3
1097 3790 1126 3842 st
1139 3784 1276 3844 duellum
1286 3802 1331 3844 re·

276 3871 386 3930 teutmu
401 3877 444 3930 est
458 3871 609 3934 dnmmxat
624 3876 753 3946 umqum
775 3871 904 3931 medium
917 3870 1045 3949 privatae
1059 3870 1213 3944 vindictae,
1234 3877 1269 3932 et
1281 3873 1334 3932 ho·
