2767 4492
213 299 268 392 tro
356 398 359 402 A
543 337 931 388 nnrmnrsneeonnnnnnrs

206 445 241 489 ac
257 431 403 488 maneant.
424 421 470 486 Sic
483 439 535 502 pcr
549 425 755 486 conscientiam
768 424 902 484 nummus
916 419 1102 498 cogitationes
1112 497 1116 502 Ι
1126 419 1158 484 in
1176 414 1259 487 nobie

206 514 433 587 volibonesque,
449 510 581 585 aliaque,
605 525 679 584 quae
692 525 746 570 nos
767 509 916 583 alliciunt,
939 508 1097 582 permutari
1117 509 1257 584 novisque

206 597 427 658 succedentibus
439 611 627 668 evanescam
655 611 708 654 nos
723 600 819 654 umen
833 594 910 669 ipeoe
924 593 1043 654 'eosdem
1063 608 1154 667 usque
1167 593 1258 668 persi-

206 689 291 744 stere.
307 683 354 742 Sic
371 683 476 741 iterum
490 681 662 742 exteriorem
675 686 809 740 namram
823 677 1061 754 contemplando,
1078 677 1255 754 animantia,

205 768 319 843 plantas
341 772 370 825 ct
392 780 511 840 corpora
534 781 592 824 non
616 764 742 824 virentia
762 764 934 824 mutationes
957 761 1087 826 assiduas
1112 761 1257 838 suscipere

205 857 393 924 contuemur,
419 851 489 925 quin
505 856 601 909 umen
615 849 678 924 ipsa
692 855 807 908 exstare
831 847 972 908 desinant.
988 847 1060 906 llinc
1074 847 1196 921 duplicis
1210 863 1257 922 ge

204 939 283 998 neris
297 936 440 994 realitates
453 934 647 1010 concipimus:
664 934 745 1008 abas,
762 933 879 1008 quaein
895 947 925 990 se
941 947 998 990 non
1014 936 1080 990 sunt
1095 933 1145 990 sed
1159 932 1256 992 suble·

205 1029 283 1080 ctum
302 1020 420 1095 aliquod
432 1017 690 1091 alliciunt3a11as,
717 1033 790 1092 qnae
808 1017 864 1077 illis
879 1016 1058 1076 substantae
1074 1016 1161 1076 veluti
1177 1017 1256 1077 luloi-

203 1121 273 1165 men
297 1104 444 1164 exhibent.
465 1102 629 1176 Superiores
654 1103 834 1176 appellantur
858 1101 1041 1176 qualitates,
1068 1099 1252 1176 mammete,

202 1188 285 1249 orout
295 1209 306 1262 ;
327 1187 496 1264 posteriores
519 1202 587 1245 vero
608 1186 742 1244 dicuntur
761 1186 943 1246 substantioe
962 1201 996 1245 eo
1018 1186 1093 1260 quod
1106 1193 1181 1245 stent
1199 1185 1253 1256 aab

203 1274 415 1334 accidentibus:
431 1286 536 1346 easque
550 1271 590 1328 ita
603 1270 660 1328 illis
674 1270 823 1332 subiacere
837 1271 1033 1345 intelligimus,
1051 1276 1082 1330 ut
1093 1271 1181 1330 tulero
1196 1270 1252 1330 alio

201 1374 260 1418 non
273 1359 420 1431 indigeant
433 1357 465 1415 in
480 1355 639 1415 existendo.
658 1356 745 1414 Secue
759 1356 836 1415 enim
851 1358 876 1415 si
891 1355 969 1430 ipsae
984 1356 1070 1415 etiam
1080 1355 1251 1428 subiectum,

201 1443 249 1502 cui
263 1443 440 1522 inhaereant,
459 1441 620 1513 exigerent:
637 1445 707 1499 tunc
723 1445 772 1498 aut
785 1455 953 1514 progressus
961 1440 1081 1498 ficrctin
1091 1439 1249 1512 infinitum,

201 1532 251 1586 aut
264 1527 288 1585 si
303 1526 419 1584 tandem
433 1524 587 1598 aliquando
600 1524 637 1583 ad
650 1523 775 1583 fulcrum
795 1524 909 1599 aliquod
923 1523 1105 1598 deveniatur,
1132 1525 1208 1598 quod
1221 1525 1253 1586 in

201 1626 232 1669 se
245 1627 303 1671 uon
315 1611 347 1670 in
361 1611 418 1670 alio
432 1609 546 1682 exismt,
563 1609 617 1668 hoo
631 1611 744 1685 proprie
759 1611 813 1670 erit
822 1611 897 1684 quod
908 1610 1067 1685 appellatur
1082 1610 1250 1670 substantia.

201 1695 341 1763 Quoniam
360 1709 428 1753 vero
449 1692 636 1767 intelligimus
656 1692 686 1752 id
707 1695 835 1768 praecise
854 1695 890 1753 ad
912 1695 1053 1753 rationem
1077 1694 1251 1754 substantiae

191 1779 356 1853 generatim
372 1783 505 1853 acceptae
519 1778 671 1852 pertinere,
683 1785 716 1837 ut
725 1779 807 1838 alteri
821 1779 862 1838 rei
877 1795 935 1838 non
945 1779 1068 1839 insideat
1080 1778 1112 1838 in
1126 1780 1250 1838 existen·

200 1865 249 1935 do;
267 1864 347 1946 qnod!
356 1869 453 1921 autem
462 1862 723 1938 modificationibus
737 1864 854 1938 substet,
867 1864 896 1922 id
911 1879 968 1923 non
983 1880 1020 1923 er
1035 1869 1173 1937 conceptu
1188 1863 1250 1937 ipso

200 1946 376 2006 substantiae
390 1946 441 2005 sed
455 1962 493 2005 ex
506 1962 540 2006 co
555 1953 667 2006 mutum
681 1949 834 2022 procedere
849 1950 925 2022 qnod
939 1950 1098 2008 substantia
1109 1950 1146 2008 sit
1155 1955 1249 2008 creata

200 2039 230 2090 et
243 2029 389 2088 mutabilis
399 2049 405 2087 :
417 2030 486 2089 hinc
499 2031 530 2089 in
545 2032 672 2104 generali
686 2032 748 2090 eius
762 2033 926 2091 delinitione
941 2034 1066 2107 primum
1080 2038 1191 2092 tantum
1205 2035 1249 2094 in-

202 2114 353 2188 cludimus,
370 2114 548 2188 dicimusque
562 2116 751 2174 substantiam
761 2133 828 2176 ·essc
842 2133 893 2176 arae
907 2133 960 2193 per
972 2133 1001 2176 se
1015 2126 1107 2192 statu,
1124 2134 1175 2178 seu
1189 2135 1251 2180 ooo

201 2197 338 2272 indigeat
352 2197 415 2257 alio
429 2215 476 2273 re,
494 2199 544 2258 oui
559 2207 717 2274 tamquam
731 2201 855 2260 subbato
869 2201 1025 2262 inhaereat
1033 2222 1043 2273 ;
1059 2202 1190 2264 accidens
1205 2220 1251 2263 ve·

201 2297 234 2342 ro
252 2297 314 2340 esse
329 2281 447 2357 aliquid
465 2282 553 2342 alteri
572 2284 749 2359 inamoeno,
770 2301 822 2345 seu
843 2285 979 2360 indigeres
998 2285 1123 2345 subiecto
1146 2287 1249 2362 utiquo

201 2366 280 2440 quod
295 2367 418 2441 ofstoiot.

236 2450 282 2508 tl.
302 2451 361 2517 Non
376 2452 538 2526 deluenmt‚
555 2453 605 2526 qui
621 2453 664 2512 rel
674 2454 863 2529 periculosam
881 2460 909 2513 et
923 2455 1087 2530 ancipitem,
1104 2457 1149 2515 rel
1163 2457 1248 2530 plane

201 2533 303 2592 falsam
317 2536 493 2596 substantiae
508 2537 703 2596 definitionem
718 2539 902 2598 tradiderunt.
923 2541 1097 2614 ltprimum
1108 2541 1249 2601 Ganlesins

201 2617 391 2678 substantiam
403 2621 473 2679 dicit
487 2637 550 2681 esse
559 2637 625 2680 rom
638 2638 716 2696 quae
729 2623 774 2682 ito
788 2623 901 2691 omittit,
925 2633 961 2682 tot
978 2625 1065 2684 utillo
1076 2625 1140 2686 olio
1153 2643 1186 2686 re
1203 2628 1249 2686 ιἰι-

201 2700 301 2774 dipoot
314 2703 354 2762 od
368 2705 553 2764 emittendum
568 2709 593 2763 t.
611 2706 687 2774 Quae
702 2706 830 2767 delinitio
840 2707 869 2766 in
879 2708 984 2766 bonam
998 2715 1108 2782 partem
1124 2711 1249 2784 torqueri

200 2790 313 2866 potest,
339 2787 364 2846 si
378 2788 419 2847 ita
435 2789 629 2866 intelligutur,
645 2798 678 2852 ut
692 2791 852 2851 substantia
865 2807 923 2851 non
937 2807 998 2854 rem
1019 2795 1122 2869 aliam,
1140 2811 1178 2854 cx
1192 2812 1248 2872 qua
1267 2794 1271 2802 '

201 2870 326 2942 pendeat
340 2878 484 2947 tamquam
499 2891 517 2934 a
530 2890 633 2950 causa;
650 2876 701 2934 sed
711 2891 775 2935 eam
791 2881 901 2936 tantum
911 2877 1052 2951 excludat,
1065 2895 1102 2938 ex
1112 2895 1169 2954 qua
1179 2897 1248 2955 pen·

201 2954 267 3014 dent
279 2962 312 3016 ut
325 2972 343 3016 a
357 2960 483 3018 subiecto
507 2961 554 3019 cni
567 2960 724 3021 inhaereat.
741 2961 773 3019 Et
787 2977 855 3020 sane
874 2961 905 3020 in
919 2962 972 3021 lioc
988 2977 1074 3022 sensu
1089 2981 1106 3022 a
1125 2963 1248 3024 Gartesio

201 3038 340 3112 prolatam
353 3057 416 3100 esse
425 3042 547 3104 libenter
560 3045 759 3105 existimamus
775 3048 799 3105 2.
816 3047 946 3106 Attamen
960 3047 1029 3106 satis
1044 3056 1177 3108 accurato
1190 3065 1248 3110 non

201 3129 253 3197 est,
269 3126 362 3199 qualis
372 3127 499 3187 definitio
513 3145 576 3188 esse
590 3130 688 3204 debet3
701 3136 850 3206 propterea
864 3132 940 3206 quod
955 3133 980 3192 ei
994 3147 1102 3208 severe,
1119 3134 1248 3193 utrerba

201 3213 313 3282 sonant,
329 3210 494 3286 accipiatur,
506 3213 563 3272 Deo
576 3213 728 3275 dumtaxat
741 3221 896 3290 competet,
915 3217 964 3290 qui
978 3233 1054 3277 unus
1071 3233 1108 3278 ox
1122 3217 1202 3278 nulla
1215 3235 1247 3278 re

246 3433 257 3478 l
274 3436 456 3497 mmmm
470 3441 561 3488 roim.
577 3456 601 3503 p.
617 3440 641 3503 l,
657 3457 681 3487 n.
698 3441 737 3487 45.

245 3509 261 3554 2
276 3510 330 3556 Elici
345 3511 385 3558 lroc
395 3518 467 3575 potest
479 3529 505 3560 er
519 3515 591 3562 robis
605 3515 659 3578 ipsis
674 3518 774 3580 (artesii,
785 3521 822 3580 qui
834 3525 948 3582 postquem
962 3521 1114 3568 definitionem
1124 3522 1185 3568 illem
1196 3539 1251 3586 pro-

200 3582 259 3646 tulit,
273 3587 377 3633 continuo
390 3589 520 3651 subiungit:
541 3612 550 3633 ι
563 3592 591 3637 Et
606 3593 694 3654 quidem
708 3594 830 3640 substantia
842 3611 852 3658 ,-
866 3612 921 3657 quae
936 3597 997 3644 nulle
1013 3599 1079 3660 plane
1093 3615 1116 3645 re
1133 3598 1247 3662 indigeat,

202 3677 211 3699 ι
227 3659 292 3705 unica
307 3666 390 3709 butum
404 3670 475 3726 potest
489 3665 591 3730 intelligi,
603 3683 682 3730 nempe
692 3669 758 3716 Deus.
772 3666 831 3716 Alius
842 3687 892 3718 roro
903 3687 978 3720 omnes
993 3674 1082 3720 nonnisi
1097 3689 1139 3736 opo
1154 3689 1250 3720 conmar-

201 3752 210 3776 ι
229 3749 267 3780 rus
280 3734 320 3781 Dei
334 3737 425 3785 existere
438 3756 501 3801 posse
520 3742 662 3805 percipimus.
679 3746 750 3806 Atque
772 3745 821 3793 ideo
836 3762 914 3794 nornen
937 3749 1071 3796 substantioe
1087 3765 1130 3796 non
1146 3749 1252 3800 convenit

201 3827 210 3851 ι
228 3809 273 3856 lieo
288 3814 310 3856 el
322 3809 367 3858 illis
381 3815 485 3880 miooae,
497 3821 522 3863 nt
535 3817 580 3864 (liei
594 3817 649 3867 solet
662 3819 686 3866 in
701 3819 789 3869 scholis.
805 3842 814 3866 ι
832 3825 889 3871 Loco
902 3838 981 3884 nuper
994 3826 1073 3874 citato.
