2767 4492
153 324 212 392 '³8
610 337 771 388 mantra

173 441 238 487 rum
253 424 359 488 dixerit
370 441 447 498 laum,
465 439 550 500 quern
564 436 649 498 super
663 423 791 482 maxine
800 419 932 484 imminet
941 419 1077 482 miseriei
1091 417 1216 484 Maxim

174 519 269 570 eutem
285 512 399 572 miseria
414 519 457 571 est
467 511 583 570 emissio
597 510 703 570 summi
718 509 787 570 boni
801 523 868 568 cum
882 513 1040 568 ceterorum
1054 506 1213 581 privatione

174 597 335 657 coniuncta.

229 682 270 742 lb.
290 683 366 751 Quae
380 682 521 757 explicata
535 687 602 742 sunt
616 681 756 742 rationem
772 681 854 741 nobis
869 679 1020 756 aperiunt,
1039 693 1092 740 cur
1107 679 1156 740 bei
1168 695 1213 741 eo·

173 768 269 842 guilis,
286 783 358 841 quae
371 769 406 826 ed
423 767 536 840 plenam
548 769 659 830 futurae
669 769 743 825 virae
755 768 917 826 felicitatem
928 765 1056 840 pertinet,
1069 765 1213 827 bominem

174 852 299 911 ediviuo
314 869 409 912 amore
424 853 555 912 recedere
570 853 687 911 minime
703 853 795 925 sinat,
812 869 869 910 non
887 854 926 910 ite
940 851 989 910 liei
1004 852 1126 925 cognitio
1138 867 1214 926 quae

172 939 254 998 modo
269 938 389 998 babetur
411 946 440 997 et
455 953 528 1012 uriae
544 939 626 998 nubis
643 939 730 996 licum
746 945 938 1010 repraesentat
951 948 984 996 ut
998 939 1151 998 terminum
1168 955 1212 996 or·

172 1023 266 1098 dinis,
289 1023 319 1082 in
345 1039 400 1097 quo
415 1023 599 1097 nosmetipsos
615 1023 713 1081 liberis
735 1024 839 1082 ansuis
862 1022 1020 1081 actionibus
1044 1024 1214 1082 constituere

91 1177 93 1182 ,
172 1108 316 1168 debemus.
341 1109 411 1170 ilem
426 1109 585 1182 cognitione
611 1109 679 1181 illa,
702 1109 813 1167 futurae
829 1109 902 1167 vitae
926 1107 1089 1168 felicitatem
1108 1107 1213 1166 consu-

173 1200 277 1266 tuente,
289 1193 363 1252 Deus
371 1193 501 1252 distincte
512 1199 540 1252 et
549 1195 624 1252 clare
635 1192 894 1267 repraesentabitur
903 1207 955 1252 ceu
971 1194 1032 1252 fons
1049 1192 1133 1251 totius
1145 1190 1214 1250 boni

172 1281 246 1354 quod
265 1279 347 1338 nobis
360 1279 390 1337 in
405 1277 453 1338 illo
478 1283 553 1338 stetu
570 1279 717 1354 provenire
732 1285 839 1354 potest,
866 1279 952 1338 itaut
975 1277 1086 1336 bonitas
1099 1277 1211 1351 amab,

172 1381 244 1439 quae
264 1363 370 1438 inipso
393 1365 515 1438 perfecta
539 1363 699 1438 reperitur,
715 1372 797 1422 extra
814 1364 908 1438 ipsum
929 1363 1042 1422 nonnisi
1056 1361 1214 1422 defectibus

172 1449 298 1508 admixta
312 1454 340 1508 et
356 1449 507 1508 terminate
521 1451 719 1523 conspicietur.
736 1449 827 1517 liuere
845 1463 911 1508 cum
927 1448 1056 1508 voluntas
1069 1447 1212 1506 nonnisiu

171 1534 246 1594 bono
267 1534 342 1594 allici
364 1533 470 1609 possit,
496 1535 581 1606 idnue
597 1536 699 1594 meiius
712 1536 743 1593 in
764 1535 838 1605 Deo,
865 1549 951 1609 quem
973 1533 1003 1612 in
1018 1533 1144 1607 quolibet
1157 1532 1211 1591 alio

171 1619 289 1692 obiectu,
306 1619 428 1679 inveniri
443 1619 588 1678 evidenter
602 1627 630 1678 et
645 1621 775 1679 distincte
792 1620 963 1694 perspiciat,
979 1617 1153 1692 impossibiie
1167 1622 1212 1676 est

171 1711 203 1764 ut
216 1721 234 1762 a
248 1705 303 1762 lien
318 1720 348 1764 se
362 1711 469 1764 avertet
485 1713 597 1780 propter
612 1706 728 1764 ulterius
745 1706 812 1765 boni
827 1721 962 1764 amorem
979 1707 1012 1764 tlt
1026 1710 1124 1763 annue
1139 1703 1212 1762 bens

170 1790 312 1864 praesenti
328 1797 438 1848 nostrae
457 1791 609 1864 cognitioni
625 1793 818 1865 respondens,
837 1799 918 1864 pnnut
932 1790 1070 1850 terminus
1084 1795 1128 1847 est
1139 1787 1212 1846 urdi-

171 1875 217 1932 nis
230 1875 344 1933 moretis
353 1875 551 1947 conservandi,
565 1875 646 1934 nobis
655 1877 788 1935 obiicitur
803 1883 936 1949 unquam
948 1874 1054 1948 aliquid
1063 1872 1212 1948 adeptione

172 1959 302 2030 arduum,
319 1961 393 2034 quod
410 1959 544 2018 nimirum
560 1962 658 2033 attingi
674 1977 691 2019 a
707 1961 787 2020 nobis
802 1969 933 2034 nequeat,
948 1957 1021 2033 buin
1035 1959 1094 2018 vim
1107 1958 1211 2034 passiu-

171 2043 257 2102 nibus
270 2045 427 2104 inferamus
444 2051 472 2102 st
491 2061 548 2103 nnn
564 2061 653 2119 pauca
669 2047 744 2105 bona
758 2063 776 2104 a
791 2046 873 2104 nubis
887 2045 1071 2118 abdicemus,
1097 2060 1169 2119 ques
1179 2045 1211 2102 in

170 2130 313 2202 praesenti
324 2130 397 2189 ritae
412 2135 485 2188 statu
502 2146 553 2188 nos
569 2131 751 2191 vehementer
765 2133 903 2190 alliciunt.
921 2131 997 2198 Quae
1008 2129 1123 2204 quidem
1136 2129 1211 2187 bone

171 2213 202 2271 in
217 2213 298 2272 nobis
312 2215 347 2272 ed
363 2215 451 2274 ileum
470 2216 634 2276 ordinandis
649 2218 768 2276 minime
782 2217 975 2287 includuntur,
991 2213 1043 2274 sed
1055 2216 1211 2274 excludun·

173 2302 218 2356 tur
236 2299 336 2372 potius.
354 2300 445 2368 Qtrare
461 2302 589 2360 voluntas
601 2313 681 2361 extre
697 2304 774 2361 bunc
789 2302 919 2361 ordinem
934 2300 1152 2360 etextrelieum
1167 2299 1210 2357 sic

173 2389 351 2454 perspectum
367 2383 447 2456 plura
461 2382 535 2441 bone
549 2387 672 2456 reperit,
700 2383 841 2457 praesenti
855 2382 979 2442 bominis
994 2381 1081 2440 stabii
1100 2396 1211 2440 accum-

172 2466 292 2540 mudafa,
308 2468 412 2542 quibus
430 2469 576 2528 sollicitari
598 2485 629 2538 se
643 2469 830 2543 ¹persentiscit
845 2477 874 2527 et
892 2469 1019 2528 edivina
1044 2483 1139 2526 amore
1163 2467 1212 2526 ab·

172 2545 269 2622 strabi.
295 2555 382 2628 litque
396 2554 425 2612 id
441 2554 533 2628 ipsum
549 2555 756 2627 sapientissime
774 2571 915 2614 asumma
940 2555 1054 2614 liectore
1075 2553 1211 2612 constitu

173 2643 307 2704 tamesi,
333 2647 364 2698 ut
378 2640 489 2713 adeptio
506 2640 647 2698 felicitatis
663 2639 780 2698 ultimae
795 2649 824 2699 et
842 2641 1030 2714 sempiternae
1050 2638 1210 2711 praemium

172 2731 245 2782 esset
268 2725 365 2783 virtuti
386 2725 559 2799 propositum
582 2732 610 2784 et
630 2725 667 2782 ab
694 2727 808 2784 bomine
830 2728 950 2800 propriis
968 2723 1026 2783 suis
1047 2721 1208 2781 actionibus

172 2811 378 2882 quodammodo
393 2811 586 2869 elaboraretur
597 2829 604 2884 3
625 2813 864 2883 quemadmodum
880 2822 980 2870 natura
991 2809 1066 2869 ends
1082 2807 1166 2867 tiberi
1179 2813 1211 2867 et

172 2896 317 2955 rationalis
332 2896 466 2970 exquirit.

228 2980 269 3038 lii.
290 2981 330 3038 lix
346 2981 475 3055 superius
499 2981 648 3056 disputatis
663 2982 832 3058 intelligitur
855 2984 941 3042 etiam
962 2995 1049 3057 quam
1073 2978 1212 3040 fallaciter

173 3071 200 3125 et
214 3079 300 3140 preve
320 3066 452 3125 ieremias
467 3068 603 3126 Berrtbem
624 3076 772 3143 postquam
787 3069 937 3127 utilitatem
951 3067 982 3126 in
996 3067 1167 3146 principium
1181 3071 1212 3123 et

171 3150 317 3209 criterium
342 3152 510 3210 moralitatis
525 3162 688 3212 convertere
710 3154 834 3226 studuit,
855 3154 891 3211 ad
910 3168 975 3212 earn
993 3151 1096 3210 deiude
1118 3153 1210 3209 deter·

172 3235 336 3296 minandem
351 3236 459 3296 bonum
476 3238 598 3296 bominis
613 3239 759 3312 proprium
772 3238 842 3296 illud
860 3253 922 3296 esse
937 3237 1031 3305 dieat,
1052 3235 1127 3309 prod
1142 3249 1211 3309 prae

172 3322 272 3380 ceteris
296 3323 465 3395 voluptatem
482 3323 564 3380 effert
580 3325 603 3382 l.
627 3323 679 3382 Sed
704 3324 819 3382 basciu
835 3321 949 3381 burniue
970 3321 1142 3380 betetudexo
1156 3318 1209 3378 rui·

171 3407 261 3466 reuda
274 3423 332 3466 nou
347 3415 425 3481 sunt;
442 3409 589 3467 mirandus
606 3409 697 3483 potius
712 3409 875 3480 Genuensis,
887 3408 937 3482 qui
947 3407 1121 3466 infelicitate
1133 3421 1208 3480 pras·

173 3493 261 3552 sentis
275 3494 349 3552 vitae
369 3495 566 3552 constituenda
591 3510 647 3552 non
672 3494 774 3552 melius
794 3494 997 3568 piliosopbetus
1017 3492 1110 3566 sitis
1132 3490 1207 3549 enirn

172 3582 319 3651 postquem
336 3579 370 3636 ed
387 3593 448 3636 rem
465 3579 536 3636 benc
551 3578 752 3652 definiendam,
768 3587 899 3637 naturam
916 3577 1040 3636 bominis
1058 3576 1209 3634 discutien-

173 3664 310 3722 demessa
325 3665 406 3738 dixit,
425 3665 565 3722 concludit
583 3667 695 3724 unitam
711 3665 873 3723 felicitatem
887 3663 1001 3722 nonnisi
1018 3663 1047 3719 in
1062 3662 1167 3721 doloris
1180 3666 1209 3718 et

172 3747 355 3821 aegritudinis
382 3750 519 3818 termule
537 3751 644 3824 reponi.
664 3751 705 3809 En
723 3753 785 3810 eius
807 3751 912 3809 uerba:
942 3773 953 3801 ι
983 3747 1090 3822 Ecquid
1106 3757 1209 3805 natura

217 3927 682 4000 lbmmdmcmetprit,
