2767 4492
153 361 156 368 ¹
234 333 283 400 itt
561 344 790 416 unrsnursrcun
804 340 952 395 cremans

229 447 297 496 uero
313 444 386 510 qnae
402 432 652 494 contradictionem
668 432 724 493 sibi
737 429 895 508 implicant,
915 445 952 491 ue
965 431 1040 492 licus
1055 431 1171 508 quidem
1185 433 1280 498 cilice
1380 460 1381 463 ¹

229 537 260 580 re
274 523 383 594 potcst3
404 517 509 577 idcirco
524 517 651 592 seqnitur
667 521 700 576 nt
713 517 834 576 materia
844 531 896 592 per
906 530 937 575 se
948 517 1076 590 cogitans
1090 532 1127 577 ue
1141 519 1281 581 divinitus

230 605 344 679 quidem
360 604 502 678 possibilis
516 605 562 662 sit.

263 690 318 750 Nec
333 688 409 747 dicat
422 685 525 762 aliquis
538 683 614 746 cilici
629 685 657 746 id
672 686 799 762 poterisne
809 685 996 761 exquisitiore
1005 684 1128 762 quodam
1139 690 1282 750 materiae

228 777 450 847 temperamento
469 771 628 846 idoneaque
648 775 800 831 eductura.
817 769 888 831 Nam
906 776 1060 846 utcumque
1081 773 1205 832 materia
1224 775 1282 833 eia·

227 857 352 930 boretur,
369 856 508 930 expoliari
524 857 650 930 proiecto
665 871 723 916 uon
743 856 846 930 poterit
856 855 1071 915 'conditionibus
1087 857 1134 930 iis,
1150 874 1225 932 quae
1241 861 1280 918 ad

227 941 354 1002 eiusdem
373 942 507 1000 naturam
526 939 663 1015 attinent;
680 939 777 1015 qualis
794 944 871 999 certe
885 942 928 998 est
947 936 1086 1014 extentio,
1103 955 1141 1000 ex
1159 951 1218 1016 qua
1237 959 1282 1003 re-

226 1025 321 1101 liquae
339 1031 467 1100 manant,
483 1031 512 1086 et
526 1041 600 1101 qrrae
614 1039 681 1084 cum
696 1023 877 1099 simplicitate
891 1021 1034 1100 principii,
1052 1022 1129 1085 unde
1145 1018 1280 1101 cogitatio

225 1110 359 1186 emergit,
378 1111 505 1170 manime
523 1115 660 1186 pugnant.
683 1110 829 1169 structura
849 1115 946 1169 autem
964 1110 993 1168 et
1012 1112 1179 1186 temperatio
1199 1112 1280 1174 eliud

224 1201 370 1270 praestare
383 1200 538 1272 nequeunt,
557 1195 614 1254 nisi
629 1207 736 1256 norum
753 1193 884 1254 ordinem
895 1190 1022 1268 partium
1036 1199 1065 1254 et
1078 1193 1222 1256 diversam
1236 1199 1278 1258 di-

226 1280 346 1340 stantiae
361 1279 536 1352 relationem,
560 1293 597 1338 ex
613 1276 757 1352 quesitus
772 1282 884 1337 tautum
898 1277 988 1337 oritur
1004 1283 1033 1338 et
1050 1277 1208 1339 collocatio.
1381 1292 1382 1299 ¹

261 1361 294 1422 lit
311 1377 379 1423 sane
396 1377 566 1438 quocunque
587 1367 669 1436 pacto
693 1360 815 1421 materia
833 1365 1016 1435 temperetur,
1042 1361 1135 1436 ipsam
1153 1364 1277 1437 proiecto

225 1447 366 1508 distinctis
380 1447 509 1522 partibus
526 1446 684 1506 coalescere
699 1459 819 1505 necesse
834 1450 886 1504 est.
903 1445 981 1513 Quae
995 1447 1138 1505 concretio
1148 1447 1172 1506 sl
1187 1463 1204 1506 a
1219 1462 1277 1508 tna-

226 1535 311 1594 teriae
326 1534 441 1593 notione
458 1538 647 1605 removeatur,
669 1532 729 1592 iam
748 1546 808 1591 non
826 1530 949 1606 emptus
967 1533 1087 1591 materia
1107 1535 1273 1610 concipitur,

224 1619 274 1678 scd
294 1633 344 1677 eus
359 1617 437 1678 alind
457 1618 519 1678 eius
533 1617 595 1677 loco
611 1615 773 1676 suffectum.
794 1617 828 1675 itt
840 1629 909 1675 reru
927 1627 974 1675 res
994 1622 1129 1678 constans
1147 1615 1276 1694 partibus

224 1703 323 1776 nequit
333 1717 395 1761 esse
410 1715 461 1776 per
472 1717 502 1760 se
518 1700 688 1776 cognitionis
703 1699 888 1774 principium.
906 1699 1019 1760 Etenim
1032 1700 1133 1762 intima
1147 1703 1276 1763 omnium
1382 1726 1383 1749 1

224 1787 356 1868 cognitio,
372 1791 405 1845 ut
419 1801 455 1845 en
475 1785 567 1861 capite
584 1783 731 1859 superiore
752 1784 846 1859 colligi
865 1791 966 1860 potest,
989 1801 1023 1846 ea
1038 1793 1081 1846 cst
1095 1803 1168 1862 quae
1187 1789 1283 1848 sensi·

222 1869 333 1930 uilitate
353 1871 523 1930 continetur,
539 1869 578 1930 lia
598 1870 676 1930 euim
690 1883 750 1928 non
763 1869 847 1929 modo
862 1870 898 1929 ad
912 1869 1072 1946 simplicem
1088 1877 1197 1932 tautum
1212 1889 1278 1948 per-

224 1955 382 2030 ceptionem
397 1961 564 2030 ccerctatur,
586 1955 743 2014 sedetiam
764 1953 880 2014 nonnisi
901 1957 976 2014 iacta
995 1957 1134 2030 quaedam
1154 1962 1279 2017 externa

226 2045 255 2099 et
270 2045 411 2114 concreta,
430 2055 495 2099 cum
511 2041 675 2116 praesentia
688 2039 773 2100 nobis
788 2044 864 2114 sunt,
881 2039 1073 2115 deprehendit.
1090 2037 1160 2114 Ergo
1173 2041 1199 2100 si
1213 2058 1279 2102 ma-

229 2124 317 2182 leriae
333 2124 456 2198 cognitio
477 2123 563 2185 tribui
579 2129 683 2200 posset,
704 2124 775 2184 haec
794 2130 871 2184 certe
889 2125 1012 2185 senentio
1032 2123 1130 2185 saitem
1146 2141 1209 2185 esse
1227 2127 1279 2186 dc·

226 2205 315 2267 beret.
335 2208 413 2276 Ouod
432 2209 457 2268 si
473 2225 507 2270 ea
523 2224 635 2285 quoque
649 2209 787 2270 materiae
803 2214 956 2285 repugnat;
973 2211 1062 2270 multo
1079 2211 1170 2285 magis
1189 2227 1276 2286 repu-

222 2291 322 2368 gnabit
340 2291 502 2370 intellectio,
524 2311 598 2369 quae
619 2296 705 2369 louge
721 2295 873 2370 perfectior
888 2292 1012 2369 cognitio
1030 2299 1082 2355 est.
1103 2293 1187 2370 Atqui
1209 2311 1275 2355 sen·

150 2383 154 2392 “
223 2377 310 2437 dandi
328 2378 500 2454 principium
519 2381 640 2439 materia
658 2395 722 2439 esse
740 2394 797 2439 uon
812 2383 914 2454 potest.
930 2379 1002 2454 Ergo
1020 2379 1121 2456 nequit
1135 2381 1275 2440 materiae

222 2467 382 2538 competere
403 2463 461 2523 uiia
480 2463 623 2538 cogitatio.
645 2461 678 2522 lit
693 2475 725 2523 re
741 2463 858 2537 quidem
874 2474 954 2538 rara,
974 2461 1098 2523 sensatio
1113 2463 1144 2522 iu
1162 2478 1277 2539 compo·

222 2548 275 2606 sito
292 2549 386 2622 aliquo
402 2548 585 2624 percipiendo
605 2554 746 2607 versatur.
764 2547 957 2622 compositum
978 2554 1075 2607 autem
1095 2546 1205 2623 percipi
1226 2563 1276 2606 ue

217 2631 292 2705 nuit,
307 2631 363 2691 uisi
373 2631 550 2706 principium
560 2631 753 2706 perceptionis
767 2633 830 2691 cius
839 2629 969 2707 partibus
980 2637 1084 2692 careat.
1097 2633 1185 2692 secus
1195 2632 1275 2690 enim

222 2715 247 2786 si
265 2729 364 2774 earum
379 2715 554 2776 admixtione
571 2719 723 2786 constaret,
740 2713 853 2776 nullum
872 2714 1015 2791 integrum
1030 2715 1174 2777 obiectum
1189 2717 1275 2776 unico

222 2803 287 2858 actu
303 2799 536 2874 apprehenderet.
553 2799 631 2860 ictio
646 2797 734 2874 enim,
751 2814 825 2876 quae
840 2799 876 2860 ad
890 2800 1051 2860 subiectum
1065 2798 1181 2876 anquod
1195 2813 1274 2859 mere

221 2883 402 2958 expertibus
419 2889 648 2959 coagmentatum
666 2889 785 2961 spectat,
802 2884 931 2960 singulas
945 2883 1022 2945 illius
1034 2889 1129 2960 partes
1143 2894 1274 2944 seorsum

221 2967 319 3026 allicit.
336 2969 431 3028 Partes
445 2983 522 3044 uero,
539 2983 605 3030 curn
615 2967 745 3030 diversae
755 2970 813 3030 siut
826 2970 902 3029 inter
915 2985 956 3043 se,
974 2970 1137 3044 portionem
1152 2967 1273 3028 actionis

219 3052 365 3128 propriam
375 3067 440 3111 curn
456 3054 519 3114 aliis
533 3069 592 3114 non
607 3055 830 3115 communicant.
848 3053 915 3113 iota
929 3053 1017 3136 igitur
1031 3053 1104 3114 actio
1119 3051 1192 3113 nulii
1207 3051 1273 3112 sule

220 3137 294 3196 iecto
310 3136 405 3210 inerit,
422 3137 471 3196 sed
482 3140 646 3200 minutatim
661 3142 691 3200 in
707 3139 823 3199 induite
837 3138 979 3199 elementa
988 3139 1174 3214 dispergetur,
1190 3138 1274 3197 iuxta

220 3221 387 3284 divisionem
404 3223 529 3296 partium
548 3225 652 3298 quibus
667 3224 828 3284 subiectum
848 3227 967 3299 constat,
983 3229 1013 3283 et
1025 3223 1076 3283 vix
1092 3226 1125 3282 ut
1138 3221 1272 3281 cumulus

218 3305 345 3380 plurium
362 3305 560 3368 distinctorum
575 3308 781 3368 elementorum
799 3307 830 3367 in
846 3308 1002 3383 composito
1022 3305 1245 3367 coacervabitur.

254 3391 311 3451 lloc
326 3398 528 3466 argumentum
542 3391 597 3466 ipsi
608 3392 704 3467 Baplio
712 3393 772 3451 rim
786 3393 868 3467 iecit;
886 3394 935 3467 qui
950 3393 992 3452 sic
1007 3393 1130 3452 sombere
1143 3402 1202 3448 nou
1217 3387 1272 3448 dn-

218 3476 331 3536 bitavit:
352 3501 362 3530 a
376 3479 446 3538 Nam
462 3475 486 3536 si
506 3475 665 3536 substantia
680 3477 808 3551 cogitans
822 3493 880 3537 uon
899 3477 982 3537 aliter
996 3477 1105 3537 unitate
1121 3473 1268 3549 gauderet,

223 3582 233 3612 ι
250 3562 307 3620 uiei
326 3562 567 3635 erremadmodum
586 3561 686 3635 globus
701 3562 820 3636 aliquis3
837 3579 873 3622 ea
889 3577 1049 3637 numquam
1065 3560 1193 3621 dolorem
1207 3574 1271 3632 per·

223 3666 234 3694 a
251 3647 424 3722 seudsccret,
440 3663 527 3723 quem
547 3647 666 3706 baculus
680 3645 790 3707 inflicto
808 3649 927 3709 verbere
942 3647 1088 3709 excitarit.
1109 3643 1270 3705 Bumodus

224 3749 236 3780 e
253 3743 311 3802 quo
331 3745 377 3789 res
391 3733 462 3793 haec
477 3730 610 3792 convinci
623 3737 728 3804 posset.
744 3731 925 3793 &auderato
940 3740 1041 3793 omnes
1054 3731 1157 3791 muudi
1174 3735 1271 3804 partes

222 3835 233 3864 ι
251 3809 283 3871 iu
301 3811 384 3886 glono
399 3817 493 3892 aliquo
507 3817 642 3890 depictas.
659 3815 787 3878 Proiecto
805 3817 836 3876 in
851 3818 991 3879 eiusmodi
1007 3816 1091 3893 globo
1105 3813 1180 3874 nihil
1193 3814 1271 3874 ride

222 3921 233 3953 ι
251 3897 297 3975 tis,
318 3899 395 3974 quod
410 3905 498 3964 tomru
515 3901 661 3965 contiueat
679 3901 784 3979 daiam,
799 3903 952 3966 autetiam
966 3904 1112 3979 iniessmm
1125 3897 1271 3976 ‘tillim
