2767 4492
203 247 241 314 42
645 257 806 308 nmomnra
857 259 873 274 ’

204 351 261 409 tine
276 352 319 409 est
333 347 464 408 delirium
483 343 707 406 Saint-Lambert
720 345 769 419 qui
781 342 878 404 statuit
891 343 1048 404 bonitatam
1067 343 1114 404 rel
1128 341 1247 421 turpitu-

204 433 301 494 dinem
315 433 459 492 actionum
480 427 671 490 humanarum
698 446 736 488 ex
760 430 962 488 consuetudine
987 429 1015 489 et
1041 429 1175 504 opinione
1198 447 1248 506 po·

204 519 335 598 pulcrum
350 517 472 578 derivari
488 519 513 576 ⁴.
533 516 581 574 His
595 515 677 587 longe
692 515 789 572 minna
803 514 907 574 erravit
917 513 1131 588 Pudendorfius‚
1150 515 1247 590 quiet·

205 601 229 664 si
245 603 369 664 actiones
383 602 523 662 humanas
538 616 588 674 per
607 616 638 658 se
652 600 795 673 inspectas
809 599 1004 659 indifferentes
1018 616 1082 660 esse
1092 599 1190 675 voluit,
1202 617 1247 661 ea-

203 705 270 748 rum
285 696 378 749 nmen
394 687 583 747 moralitatem
600 701 618 744 a
633 685 681 744 Dei
696 683 873 758 beneplacito
894 691 922 744 et
938 685 999 759 tego
1018 685 1136 744 deduxit
1151 684 1176 743 ².
1197 680 1248 746 ne

204 774 277 834 iectu
293 775 368 833 enim
382 771 525 846 principio
540 770 576 828 ah
591 769 725 828 omnibus
739 770 797 828 iere
819 769 993 843 philosophis
1012 769 1145 829 admisso:
1161 771 1248 830 actio

204 845 279 918 auin
299 857 507 915 ambacuc-mn
524 852 964 930 qnordomideoproocipiquto
975 853 1066 913 bonon
1078 863 1158 923 suut,
1169 855 1247 914 otios

204 958 271 1001 occo
285 941 347 1000 idco
367 941 456 1000 bonos
475 955 532 1000 csso
546 940 620 1014 quio
626 939 867 1014 praecipientem
885 947 914 998 et
927 938 1054 998 vicissim
1063 958 1074 996 :
1088 939 1249 999 nmtnutlas

204 1026 266 1086 ideo
279 1025 375 1086 octon'
391 1025 466 1100 quia
481 1025 582 1084 motos
596 1033 675 1098 otuu,
693 1031 719 1083 ot
734 1024 811 1082 olias
825 1023 889 1083 ideo
909 1023 1007 1082 molor
1030 1039 1088 1083 esso
1105 1025 1181 1099 quio
1203 1040 1249 1084 va

205 1119 318 1184 tontum
334 1125 434 1170 omnes
442 1109 692 1169 indiscriminatim
703 1109 827 1167 actiones
840 1107 982 1167 humanas
1000 1124 1018 1167 a
1037 1109 1180 1168 voluntate
1205 1109 1249 1168 di-

204 1195 271 1254 vina
285 1194 379 1268 quoad
400 1193 542 1253 malitiam
557 1192 768 1252 ueibonitatem
785 1193 909 1266 pendere
923 1190 1027 1252 docuit.
1044 1192 1090 1252 Sic
1104 1193 1250 1252 internam

196 1281 348 1340 'actionum
363 1279 550 1338 moralitatem
566 1276 692 1350 abstulit,
708 1282 858 1336 externam
876 1278 1025 1336 dumtaxat
1048 1277 1173 1352 rennuit.
1199 1278 1249 1337 His

205 1363 343 1426 accedunt
357 1363 550 1424 rationalistac
566 1358 834 1436 transcendentales,
851 1361 899 1435 qni
914 1361 1074 1421 libertatem
1088 1361 1248 1421 humanam

204 1451 239 1510 de
260 1449 353 1510 medio
369 1448 514 1523 pellentes,
530 1463 630 1506 omnes
644 1446 827 1506 actimcsaut
837 1447 873 1506 ad
888 1447 1003 1506 fatalem
1013 1447 1153 1516 Absoluti,
1173 1447 1251 1521 quod

205 1536 294 1608 aiunt,
304 1532 523 1608 explicationem
538 1531 630 1592 autad
639 1547 749 1592 meram
758 1532 879 1606 logicam
888 1531 1087 1591 necessitatem
1100 1537 1248 1593 revocant.

206 1621 307 1682 Contra
321 1619 373 1679 bos
389 1631 488 1678 omncs
502 1617 642 1678 distinctis
656 1615 895 1692 propositionibus
909 1616 1104 1691 procedemus.

519 1849 524 1858 ,
615 1787 794 1851 Pnoeosrrro
812 1787 835 1849 1.

361 1957 514 2024 Actionem
529 1956 738 2022 bnmooonun
751 1959 908 2021 moralitas
920 1973 982 2022 ano
995 1959 1100 2036 pmdet
1165 1986 1168 1990 ⁴

536 2045 573 2108 cb
587 2046 723 2123 opinione
731 2047 922 2123 poponem.

258 2216 345 2280 Prob.
363 2209 391 2278 'Si
405 2217 500 2294 opinio
515 2217 698 2294 constitueret
712 2219 869 2290 honestum·
879 2222 908 2276 et
918 2222 1008 2292 turpe,
1026 2216 1125 2292 quaeri
1143 2216 1174 2278 in
1190 2215 1249 2292 pri·

205 2305 261 2364 mis
275 2310 369 2379 posset
387 2305 461 2365 unde
477 2305 513 2364 sit
532 2305 607 2378 quod
624 2304 719 2378 opinio
734 2304 804 2364 tales
820 2303 1013 2377 potiusquam
1028 2303 1099 2362 alias
1120 2303 1246 2364 actiones

207 2387 409 2462 improbaverit
417 2389 462 2446 vei
474 2388 689 2466 approbaverit?
704 2388 828 2447 Proiecto
843 2389 928 2447 huius
943 2387 1163 2448 existimationis
1178 2388 1252 2449 ratio

134 2471 137 2482 ⁴
207 2469 302 2556 aliqua
316 2473 460 2532 afferenda
473 2479 560 2546 esset;
580 2473 666 2532 homo
681 2473 760 2532 enim
774 2473 811 2531 ad
833 2473 1009 2546 opinandum
1024 2473 1121 2547 aliqua
1137 2487 1250 2547 semper

206 2559 315 2618 ratione
339 2563 488 2617 movetur.
510 2558 601 2625 Quare
627 2571 809 2617 communem
830 2557 992 2631 opinionem
1017 2557 1163 2617 adstruere
1187 2557 1250 2616 sinc

206 2645 321 2718 praevio
335 2643 528 2712 fundamento,
541 2643 617 2716 qnod
631 2642 709 2700 iliam
728 2642 860 2716 explicet,
878 2642 955 2700 idem
969 2643 1084 2701 omnino
1099 2647 1142 2699 est
1163 2647 1250 2715 atque

207 2729 340 2788 effectum
354 2729 499 2788 adstruere
514 2727 576 2786 sine
586 2742 682 2786 causa.
701 2727 779 2794 Quod
795 2727 822 2784 si
832 2726 972 2786 eiusmodi
985 2726 1199 2785 fundamentum
1217 2727 1249 2782 in

207 2813 333 2872 medinm
348 2813 501 2886 proiectum
517 2811 576 2870 iam
589 2811 684 2885 ipsum
701 2824 758 2870 non
773 2826 840 2870 rem
852 2811 961 2886 opinio,
981 2824 1066 2884 quam
1087 2807 1246 2882 generarit,

207 2897 359 2958 dicendum
374 2897 428 2955 erit
441 2895 609 2956 moralitatis
624 2897 697 2958 fons.

259 2981 374 3055 Deinde,
390 2981 486 3055 opinio
500 2995 546 3040 res
562 2981 640 3040 varie
654 2986 698 3042 est
716 2986 745 3041 et
757 2981 904 3042 mutabitis
919 2985 948 3040 et
962 2980 1084 3053 divona,
1100 2985 1184 3054 prout
1208 2979 1251 3040 dia

207 3151 403 3222 cumetantiae,
420 3165 493 3224 quac
508 3150 600 3224 ipsam
615 3151 784 3225 ingenerare
799 3156 926 3225 possunt.
942 3152 1090 3210 utcontra
1112 3150 1252 3210 indicium

207 3236 243 3295 de
257 3235 383 3297 honestis
400 3249 433 3304 ac
449 3235 543 3310 pravis
564 3236 734 3308 actionibus,
753 3236 854 3296 saltem
873 3234 931 3295 iilis
949 3251 1023 3309 qnae
1036 3250 1088 3309 per
1102 3250 1134 3294 se
1153 3240 1253 3310 patent

207 3325 256 3380 ant
269 3320 346 3382 taciti
364 3318 578 3380 ratiocinatione
599 3337 617 3380 a
639 3321 740 3394 primis
761 3319 909 3409 principiis
931 3319 1060 3394 prestitis
1075 3319 1248 3392 derivantur,

208 3405 284 3465 idem
298 3405 421 3480 planant
435 3405 613 3464 immutabile
624 3407 698 3479 apud
711 3420 810 3466 omnes
825 3410 923 3478 genus
932 3404 1040 3478 ubique
1049 3410 1080 3463 et
1093 3405 1173 3463 omni
1182 3409 1251 3462 tem·

207 3505 276 3564 pore
286 3489 486 3565 perseveravit.
499 3489 570 3564 Ergo
587 3497 640 3548 etc.
653 3491 686 3548 Et
700 3505 779 3564 sane,
791 3504 891 3548 omnes
905 3495 1005 3564 gentes
1018 3488 1186 3562 periurium,
1202 3503 1249 3545 ex.

208 3589 251 3648 gr.
266 3575 454 3650 proditionem
469 3575 586 3648 patriae,
603 3571 732 3634 dolosum
746 3575 920 3649 promissum
938 3579 968 3633 et
982 3572 1088 3632 similia
1102 3571 1253 3632 inhonesta

253 3757 264 3804 t
283 3758 338 3806 Vide
355 3761 439 3808 cousus
455 3760 529 3810 roan
542 3761 631 3810 d'iltot.
649 3761 677 3810 de
689 3761 776 3822 puto.
794 3762 892 3819 morab,
909 3757 973 3822 lepor
990 3757 1018 3808 V.

255 3832 270 3882 2
286 3837 321 3884 Do
336 3835 390 3884 inre
405 3842 506 3888 acturas
520 3843 542 3888 st
556 3839 660 3899 comtum
674 3839 699 3887 L.
715 3839 740 3901 t,
756 3855 775 3886 e.
791 3837 815 3886 2.
