2767 4492
248 269 288 328 oe
576 281 805 329 666666661666
820 281 966 329 senentis

280 368 342 428 11116
357 374 526 442 argumenta
540 367 572 426 in
585 375 720 443 promptu
734 375 837 440 essent,
853 368 991 427 nimirum
1006 367 1081 442 quod
1096 383 1131 426 ea
1143 367 1293 443 hypothesi

241 453 351 528 aliquid
364 455 545 528 praeteriisse
559 455 724 528 fingendum
740 460 822 528 esset,
839 455 914 528 quod
928 469 1076 527 nunquam
1096 454 1195 513 inisset
1216 472 1293 530 prae

239 555 317 600 6666.
338 538 445 598 Deinde
460 540 535 614 quod
557 539 698 598 successio
718 539 888 612 cogitaretur
904 543 932 597 et
947 538 1034 597 series
1049 538 1111 598 sine
1126 539 1227 613 initio,
1244 556 1293 614 po-

242 624 362 684 66661666
375 625 484 697 absque
498 624 602 697 primo,
618 623 785 682 inchoatum
800 623 862 682 sine
873 623 1023 696 principio,
1040 633 1125 697 atque
1140 624 1195 682 alia
1210 639 1292 698 geue-

242 707 284 767 616
295 708 442 776 eiusdem,
463 723 656 782 quaererem
676 709 773 766 animo
791 708 903 782 concipi
921 713 1077 781 nequeunt.
1098 709 1185 774 11166
1206 709 1292 768 nimis

244 793 419 867 progrediar,
441 793 478 851 ab
493 793 538 852 tris
551 793 688 867 urgendis
704 793 831 852 abstineo
847 795 872 850 1.

278 879 375 937 Fateor
389 878 522 950 equidem
536 894 570 936 ea
585 883 754 951 argumenta
770 877 922 936 nonnullas
943 877 1095 936 instantias
1110 877 1146 936 ab
1161 877 1292 936 adversa·

241 961 292 1021 riis
306 962 366 1036 pati
380 976 478 1035 posse,
500 962 604 1034 quibus
620 967 650 1020 ut
663 962 920 1036 responderemus,
940 961 971 1020 in
986 977 1105 1035 magnas
1120 962 1292 1022 subtilitates
1373 987 1374 1026 t

243 1046 373 1105 eundum
389 1052 483 1104 66661.
505 1047 558 1104 Sed
578 1047 714 1120 quoniam
732 1047 763 1105 in
778 1063 824 1105 res
839 1047 958 1106 subtiles
972 1052 1001 1105 et
1015 1048 1150 1106 obscuras
1165 1048 1292 1107 easdem·
1373 1117 1374 1122 ¹

244 1145 300 1203 que
311 1144 369 1189 non
379 1130 556 1189 necessarias
566 1131 687 1188 multam
697 1146 813 1206 operam
823 1132 952 1192 conterre
968 1132 1110 1204 nolumus,
1128 1132 1164 1190 ait
1175 1132 1220 1190 his
1230 1147 1293 1205 pre

242 1215 380 1288 ponendis
394 1231 428 1272 ac
442 1215 627 1274 discutiendis
638 1222 840 1288 temperamus.
853 1216 947 1274 Potius
963 1217 1112 1274 veniamus
1126 1216 1161 1274 ad
1175 1229 1292 1292 respon·

241 1299 368 1358 dendum
382 1299 428 1372 iis,
445 1300 494 1373 qui
508 1299 611 1358 muudi
625 1306 773 1358 aeternam
787 1301 1002 1373 productionem
1016 1301 1207 1360 neeessariam
1222 1300 1293 1359 tuis·

243 1397 274 1442 66
291 1384 379 1443 666116
393 1385 568 1443 contendunt
583 1385 711 1457 argutiis.

381 1555 608 1628 Difficuttotibuo
625 1546 729 1613 666666
747 1556 802 1628 qui
821 1557 1024 1615 aeternitatem
1042 1556 1151 1615 renodi

497 1674 501 1682 ·
551 1640 833 1714 comminiscuntur,
854 1641 988 1714 1166111.

281 1811 327 1868 13.
348 1809 437 1868 016116.
458 1808 478 1866 t.
499 1809 532 1866 16
546 1809 647 1882 primis
666 1815 821 1868 occurrunt
842 1811 964 1869 recentis
979 1811 1134 1870 eclectismi
1147 1811 1292 1886 fautores,

246 1909 368 1968 qnorum
381 1893 635 1967 ratiocinationem,
656 1895 772 1954 maioris
787 1896 996 1968 perspicuitatis
1014 1897 1114 1969 qratia,
1131 1905 1183 1968 per
1196 1902 1292 1971 partes

247 1979 385 2052 paulatim
395 1993 547 2052 exponam.
563 1979 689 2036 Primum
704 1979 792 2052 igitur
806 1979 895 2052 aiunt,
912 1980 1001 2039 Deum
1011 1982 1173 2040 necessarie
1182 1997 1294 2042 creasse

247 2064 406 2137 mundum;
427 2079 460 2122 eo
475 2063 550 2136 quod
568 2078 626 2121 non
640 2063 725 2122 modo
739 2063 899 2122 substantia
912 2066 959 2138 sit,
979 2081 1080 2125 uemm
1095 2067 1181 2124 etiam
1195 2081 1291 2139 eansa;

244 2148 335 2206 immo
349 2148 379 2205 in
394 2153 505 2205 tantum
527 2147 661 2205 6666616
682 2153 822 2220 quantum
842 2149 1020 2223 substantia,
1042 2149 1248 2212 et'snbstantia
1263 2151 1294 2208 in

246 2239 384 2306 quamum
400 2247 495 2290 causa.
512 2233 583 2290 Tum
598 2231 724 2290 addunt:
742 2233 831 2290 Deum
846 2235 913 2307 quia
928 2249 1015 2292 cansa
1030 2239 1072 2293 est
1087 2249 1184 2294 creare
1199 2250 1292 2309 pesse;

244 2321 274 2374 at
288 2317 355 2389 quia
370 2331 457 2375 causa
471 2315 601 2374 absoluta
615 2321 668 2388 661,
685 2332 716 2374 se
728 2331 746 2373 a
756 2317 878 2376 creando
889 2317 1031 2377 abstinere
1045 2333 1102 2378 non
1113 2333 1206 2392 posse.
1223 2319 1294 2377 Hinc

243 2401 426 2460 veremundi
448 2400 618 2474 aeternitas,
639 2406 672 2458 ut
686 2401 807 2474 quisque
821 2402 975 2475 perspicit,
995 2403 1228 2462 manifestissime
1247 2403 1295 2462 de·
1374 2431 1375 2434 ¹

243 2485 362 2544 rivatur.

279 2571 362 2642 Resp.
383 2571 469 2628 Nemo
483 2570 555 2629 haec
569 2571 668 2643 legens
685 2585 744 2628 non
758 2570 935 2629 indicaturus
951 2575 1012 2644 est,
1034 2572 1152 2644 opinor,
1174 2586 1222 2629 eos
1244 2571 1295 2645 qui

246 2652 313 2710 tatia
328 2653 484 2726 obiiciunt,
505 2660 554 2712 ant
569 2653 698 2712 consulto
717 2655 799 2713 etde
818 2655 958 2715 industria
978 2669 1143 2714 communes
1162 2657 1295 2714 notiones
1341 2705 1344 2711 r

244 2737 317 2795 66116
331 2743 510 2810 pervertere,
531 2743 581 2796 aut
598 2753 650 2796 nes
672 2739 742 2796 satis
756 2738 824 2812 1116,
848 2749 923 2812 qnae
936 2739 1101 2813 proterunt,
1121 2737 1293 2811 intelligere.

244 2821 332 2879 Tanta
342 2820 372 2878 16
384 2821 429 2879 1616
439 2822 569 2880 contusio
583 2822 714 2881 ideamm
728 2824 804 2897 viget
821 2829 849 2882 61
858 2839 964 2898 pugna.
981 2823 1011 2882 16
1026 2815 1126 2898 p'rimis
1140 2821 1217 2880 eninr
1227 2837 1296 2881 een-

243 2909 359 2976 ceptum
380 2905 556 2964 substantiae
575 2921 643 2964 eum
663 2915 804 2982 conceptu
822 2923 925 2966 666666
944 2923 1094 2982 perperam
1110 2905 1293 2980 complicant.

245 2987 423 3062 Quamquam
438 2991 516 3048 euim
529 2992 623 3050 omnis
637 2991 798 3050 substantia
812 2991 849 3051 sit
858 2993 945 3050 etiam
955 3007 1040 3050 66666
1050 2991 1202 3066 (siquidem
1211 2991 1295 3064 quid·
1334 2997 1337 3004 '
1374 3049 1375 3054 ,

246 3073 315 3146 quid
330 3078 381 3145 est,
403 3074 529 3147 aliquam
543 3075 648 3148 agendi
662 3077 723 3135 rim
738 3076 793 3135 sibi
808 3076 934 3135 vindicat
944 3078 970 3149 ),
993 3085 1088 3134 166666
1103 3075 1237 3135 differens
1251 3082 1297 3134 est

291 3244 302 3288 1
320 3245 362 3299 Qui
376 3244 440 3306 ptura
459 3247 537 3308 rupit,
553 3247 611 3306 tegat
625 3248 645 3292 is
659 3248 767 3308 egregiam
787 3247 879 3294 Gerddii
898 3247 925 3293 de
944 3247 984 3292 hae
999 3263 1022 3293 ro
1037 3247 1212 3294 dissertationem
1227 3247 1235 3310 (
1249 3249 1298 3294 De-

244 3333 306 3366 mere.
318 3323 619 3375 summouentem.
632 3323 661 3369 do
673 3324 698 3368 tc
708 3324 812 3368 66611666.
830 3324 891 3370 Τ666.
909 3323 922 3367 1
939 3325 979 3385 Op.
995 3322 1017 3385 ),
1033 3322 1071 3368 uhi
1086 3323 1113 3369 ad
1128 3321 1299 3386 impossibilita-

245 3398 298 3456 tem,
315 3394 342 3440 de
356 3411 400 3456 qua
414 3396 507 3458 spirans,
524 3395 715 3443 demonstrandam
730 3397 803 3459 plures
817 3399 913 3444 rationes
928 3413 953 3444 66
970 3397 1061 3444 1116116661
1077 3397 1193 3460 depromit.
1209 3397 1243 3443 Ad
1260 3413 1300 3444 66-

244 3470 315 3516 tiones
328 3486 380 3517 6666
394 3471 567 3518 adversariorum
581 3473 709 3534 reponimus
719 3475 894 3537 repugnantiam,
908 3489 972 3536 66666
984 3478 1101 3536 quaerunt,
1113 3474 1188 3520 adosse
1200 3489 1225 3519 ox
1236 3477 1301 3536 parta

245 3545 361 3591 6666116616
377 3547 482 3606 exigentis
498 3547 521 3592 in
537 3553 595 3611 ente,
613 3547 670 3610 quod
686 3555 781 3612 creatur,
793 3550 881 3596 initium
893 3549 1000 3596 existendi
1009 3566 1016 3613 5
1032 3549 1089 3612 qued
1104 3565 1154 3596 eum
1168 3548 1301 3595 aeternitate

246 3619 358 3696 conciliari
374 3637 418 3666 non
433 3627 512 3684 potest.
529 3622 596 3689 Adest
611 3623 702 3686 insuper
717 3625 823 3671 eiusmodi
831 3626 982 3692 repugnantia
998 3641 1022 3672 ex
1038 3631 1100 3687 parto
1115 3626 1184 3687 ipsius
1198 3625 1301 3687 mundi,

245 3697 352 3754 quatenns
366 3711 406 3756 per
420 3697 586 3757 productionem
597 3697 670 3744 induit
680 3700 824 3747 existentiam.
836 3703 935 3764 Denique
949 3701 1011 3748 adest
1025 3701 1091 3746 etiarn
1106 3715 1131 3745 er
1146 3705 1208 3760 parto
1222 3713 1303 3746 eorum

245 3783 300 3829 quaa
314 3770 446 3818 erectionem
460 3774 508 3820 sius
522 3778 633 3823 6616661666
653 3781 856 3840 consequerentur,
872 3775 1055 3840 quemadmodum
1077 3775 1212 3835 strumentis
1231 3790 1304 3838 supro

246 3842 320 3891 6116116
334 3846 465 3909 explicatum
480 3854 521 3898 cst.
