2767 4492
238 294 295 363 tat
682 314 844 363 strumus

240 396 358 459 atterius
371 396 497 459 bominis
514 396 710 474 adstringitur,
726 396 1097 473 pmcedaterohttgsttone
1107 397 1289 471 quaontpote

241 488 377 543 enatura
390 487 501 543 mutim
513 481 642 543 derivata
653 483 792 543 omnibus
806 484 967 543 communis
985 488 1038 556 est,
1053 481 1184 541 oiiicium
1200 481 1288 541 habe

239 566 320 627 bitur
332 567 503 640 absolutum,
515 583 562 626 ex.
573 584 617 641 gr.
633 568 781 628 marineus
791 567 900 627 taedas.
916 566 965 627 Sin
974 582 1042 627 nero
1051 582 1108 625 uon
1123 565 1289 625 immediate

240 652 334 712 asola
350 657 453 712 natttra
466 652 669 726 proficiscatur,
686 653 737 711 sed
752 653 859 711 tactum
876 652 990 727 aliquod
1005 652 1164 711 humanum
1184 650 1288 709 subau-

239 735 309 809 diat,
325 736 400 811 quod
418 736 532 797 titutum
545 738 616 798 iuris
626 737 658 797 iu
673 738 763 797 attero
776 738 938 809 constituat,
955 736 1082 797 oiticinm
1096 742 1223 809 emerget
1238 735 1289 809 isy-

239 823 434 898 patheticam,
457 839 506 883 ex.
520 839 565 899 gr.
579 839 616 883 no
628 824 752 897 fareris.
769 824 800 883 in
817 828 927 883 tantum
942 822 1020 881 enim
1035 836 1067 879 re
1088 819 1184 894 atiqua
1199 820 1288 879 surri-

238 908 344 983 pienda
357 908 422 982 quis
435 908 574 968 iustitiam
588 908 674 968 laedit
688 924 722 967 ac
738 908 805 979 ¹furti
820 906 981 967 insimulari
997 912 1096 981 potest,
1108 905 1290 978 inquantum

240 992 312 1052 aiter
324 1008 387 1052 rem
403 992 525 1053 eandem
546 992 665 1075 actione!
680 992 778 1067 aliqua
791 991 849 1052 iam
872 1006 954 1051 suam
977 989 1112 1050 effecerit.
1129 988 1170 1047 Ex
1185 1004 1244 1063 quo
1260 991 1291 1049 iit

240 1083 273 1136 ut
286 1090 352 1136 cam
364 1092 467 1152 capere
480 1078 555 1137 idem
571 1078 609 1137 sit
622 1094 656 1137 ac
669 1094 732 1137 rem
748 1078 872 1137 alienam
888 1077 943 1135 sibi
958 1090 1105 1150 usurpare.
1124 1076 1208 1133 Porro
1222 1090 1291 1134 con·

241 1161 372 1235 ditiones,
388 1178 426 1221 ex
440 1162 545 1236 quibus
558 1163 653 1222 oiticia
667 1162 849 1237 hypothetica
864 1162 996 1236 pendent,
1008 1160 1166 1234 generatim
1181 1160 1217 1218 ad
1233 1161 1291 1221 dno

239 1246 338 1305 reduci
362 1254 496 1321 possunt:
513 1248 550 1306 ad
571 1248 792 1323 proprietatem,
809 1253 837 1307 et
855 1253 1050 1307 contractum.
1069 1245 1161 1313 Quare
1186 1246 1291 1320 tripiici

241 1328 370 1404 articulo,
386 1331 512 1406 primum
526 1331 562 1391 de
576 1332 679 1391 oidciis
693 1332 839 1404 absumtis,
851 1332 953 1391 deinde
969 1332 1004 1390 dc
1019 1330 1130 1390 duobus
1144 1330 1191 1389 his
1206 1331 1291 1391 iouti·

241 1415 297 1476 bus
311 1416 472 1479 officiorum
485 1416 733 1493 hypotheticorum
747 1418 930 1478 disseremus.

667 1588 837 1651 dnntcnnus
851 1587 872 1648 l.

606 1756 646 1821 uo
658 1760 760 1836 officiis
775 1759 926 1821 absolutis.

281 1926 343 1991 tot.
362 1932 467 1993 Natura
481 1932 610 1992 humans
632 1948 692 1992 nou
711 1934 762 1993 uni
785 1938 897 2005 tantum¹
926 1932 1000 1993 inest
1013 1930 1171 2005 indiuiduo,
1189 1931 1242 1991 sed
1262 1932 1293 1991 in

242 2014 374 2089 pluribus
391 2016 478 2077 vetuti
491 2017 594 2077 iterata
612 2018 795 2093 conspicitur.
813 2019 842 2078 ld
857 2017 1042 2076 manifestum
1058 2022 1152 2075 estex
1167 2031 1201 2075 eo
1217 2016 1293 2091 quod

244 2114 344 2160 ornnes
358 2100 499 2177 homines,
514 2109 673 2177 utcumque
691 2100 915 2162 accidentalibus
933 2100 1105 2176 quibusdam
1123 2100 1294 2159 differentiis

243 2184 421 2261 discrepent;
447 2192 552 2261 tamem
568 2188 605 2247 ad
626 2187 780 2247 essentiam
794 2188 870 2263 quod
886 2188 1017 2261 pertinet,
1041 2186 1115 2245 inter
1129 2200 1159 2245 se
1174 2185 1294 2243 omnino

210 2303 217 2309 -
243 2270 426 2329 conveniunt.
453 2270 577 2345 Quisque
600 2271 697 2343 enim,
714 2277 746 2331 ut
769 2286 885 2345 corpore
909 2272 1043 2344 organico
1058 2277 1087 2329 et
1101 2268 1292 2329 sensibilitate

244 2352 434 2415 animantium
449 2356 564 2430 propria
584 2356 731 2430 praeditus
745 2362 797 2429 est,
815 2356 855 2414 ita
868 2356 954 2415 etiam
978 2354 1161 2415 facultatibus
1176 2354 1290 2413 eratio-

243 2436 304 2497 nati
311 2439 408 2499 animo
414 2440 581 2499 necessitate
594 2439 807 2513 emergentibus
821 2438 980 2499 instruitur.
993 2440 1084 2507 Quare
1094 2444 1122 2498 et
1132 2436 1294 2510 intelligen-

243 2520 284 2579 tia
296 2527 326 2581 et
342 2522 498 2583 reflexione
511 2529 541 2583 et
554 2522 696 2596 libertate,
709 2528 746 2596 et,
763 2523 838 2597 qnod
853 2538 1029 2597 conseguens
1044 2529 1096 2596 est,
1112 2522 1295 2598 perfectibili-

245 2612 302 2664 tate
315 2608 428 2679 gaudet.
444 2608 516 2667 ilinc
535 2606 704 2681 cognatione
721 2606 845 2680 quadam
860 2613 888 2665 et
902 2606 1036 2666 societate
1051 2606 1175 2665 naturali
1191 2620 1294 2665 omnes

245 2690 433 2765 devincimus,
444 2692 528 2765 quasi
542 2697 636 2766 partes
646 2693 838 2765 homageueee
850 2692 933 2751 totins
943 2692 1102 2764 cuiusdam,
1114 2691 1188 2765 qnod
1199 2689 1296 2765 specie

245 2772 373 2834 liumana
396 2776 569 2850 continetnr3
594 2777 783 2850 eamdemque
802 2782 920 2835 naturae
944 2776 1122 2837 nobilitatem
1141 2776 1237 2850 adepti
1257 2774 1295 2834 ad
1376 2784 1377 2818 i

245 2860 369 2920 enodem
389 2859 476 2920 tinem
491 2860 527 2920 ab
542 2876 599 2921 uno
616 2860 673 2921 Deo
688 2861 817 2920 omnium
832 2868 949 2935 parente
963 2869 991 2921 et
1007 2862 1135 2936 principe
1159 2860 1297 2920 omnibus

246 2956 337 3016 unque
351 2944 550 3017 praestitutum
569 2944 730 3019 dirigimur.
754 2946 785 3005 id
803 2947 871 3005 ordo
886 2944 947 3020 ipse
970 2946 1057 3006 rebus
1072 2944 1222 3020 impositus
1237 2944 1297 3003 eri·

245 3024 411 3087 dentissime
434 3029 607 3088 manifestat.
628 3028 803 3105 Principium
826 3029 914 3104 igitur
933 3030 1020 3089 iliud:
1037 3029 1174 3090 ordinem
1195 3044 1297 3097 seruo,
1375 3078 1376 3128 1

246 3112 317 3167 dum
329 3108 409 3170 iubet
431 3117 464 3171 ut
477 3117 557 3173 actus
582 3120 695 3174 nostrae
715 3114 869 3174 voluntatis
885 3114 978 3174 ordini
994 3114 1118 3174 naturali
1137 3114 1301 3173 conforme-

246 3208 327 3269 mus;
343 3194 423 3256 iubet
436 3198 657 3271 pmiectosimui
674 3204 707 3258 ut
720 3204 829 3259 ceteros
843 3199 974 3259 homines
988 3200 1019 3259 in
1035 3198 1135 3260 eodem
1145 3201 1249 3273 gradu,
1261 3215 1300 3257 ac

200 3288 207 3296 ·
245 3293 299 3338 nos
313 3292 422 3354 summ,
439 3281 468 3341 vi
482 3289 601 3341 naturae
614 3284 781 3343 constitutos
795 3277 1018 3357 consideremus,
1034 3284 1132 3359 eisque
1146 3282 1301 3357 idempia·
1374 3282 1375 3347 i

244 3377 283 3423 ne
297 3362 405 3424 bonum
419 3364 548 3440 velimus,
562 3366 638 3441 qnod
652 3367 734 3427 nobis
749 3368 917 3442 appetimus.
935 3368 989 3427 Sed
1006 3368 1077 3428 reite
1091 3368 1199 3428 bonum
1214 3368 1302 3426 idem
1374 3362 1375 3434 i

245 3454 290 3507 cst
300 3464 334 3507 ac
342 3449 470 3524 diligere.
483 3450 564 3525 Ergo,
580 3453 710 3526 inspecta
724 3450 910 3512 similitudine
921 3459 1039 3513 naturae
1050 3452 1184 3512 omnibus
1194 3452 1299 3527 insita,
1373 3494 1374 3505 .

245 3548 283 3591 ex
307 3533 446 3609 principio
463 3535 572 3594 ordinis
586 3537 737 3595 manifeste
753 3538 882 3609 sequitur
906 3537 1043 3611 odicium,
1060 3552 1116 3611 quo
1131 3536 1167 3595 ad
1183 3544 1302 3597 ceteros

244 3614 386 3693 homines,
405 3624 549 3694 nmquam
562 3635 615 3679 nos
629 3620 716 3695 ipsos,
733 3621 890 3695 diligendos
905 3622 1119 3696 adstringimur.

283 3702 343 3769 Qua
355 3702 387 3763 iu
401 3720 432 3763 te
445 3704 655 3765 observandum
669 3714 713 3766 est
731 3706 806 3765 lianc
820 3707 926 3767 umoris
950 3706 1152 3781 aequalitatem
1172 3706 1308 3781 spectari

245 3786 341 3858 quoad
354 3786 551 3861 directionem,
570 3806 630 3851 non
645 3806 712 3852 vero
726 3791 820 3866 quoad
841 3790 1041 3853 intemitotom
1055 3791 1219 3851 voluntatis.
1239 3790 1310 3853 Etsi

246 3868 325 3927 ottim
339 3872 441 3933 eadem
461 3873 546 3950 bona,
563 3890 637 3950 quae
651 3876 735 3937 nobis
750 3876 890 3950 volumus,
912 3876 976 3936 aliis
993 3876 1064 3937 teile
1082 3876 1240 3951 debemus;
1261 3884 1309 3937 ta·
