2767 4492
541 338 619 383 rums
641 332 783 384 urrunnu
1136 330 1190 394 tto

134 435 274 496 personae
285 414 421 481 eleclaea
438 419 552 494 populo,
570 427 602 480 nt
615 422 651 479 ad
666 422 810 493 generalia
825 424 940 485 comitia
954 420 1113 502 mittantur,
1137 438 1187 503 po·

22 571 25 576 ,
133 509 233 582 pulum
251 511 463 580 repraesentare
477 505 620 564 dicuutur.
637 506 704 565 liius
729 513 824 567 autom
840 514 982 569 structura
998 512 1034 571 ad
1059 514 1112 572 lroe
1145 530 1189 572 re·

133 594 255 651 ducitur:
271 592 415 651 Praeiacta
431 590 560 663 pactione
575 592 670 665 aliqua
685 592 890 652 fundamentali
906 596 981 655 inter
1000 600 1138 672 populum
1155 605 1184 659 ot

134 679 302 752 principem,
319 691 392 751 quae
415 676 484 748 quia
507 674 620 748 seriptis
644 677 839 750 consignatur,
855 678 962 738 abacta
983 684 1077 743 vocari
1102 683 1184 760 solet,

134 762 331 821 auctoritatem
341 760 371 819 in
384 759 437 819 tria
446 759 534 817 veluti
550 760 679 818 membra
693 762 874 834 dispartitur:
891 763 921 821 in
932 762 1043 839 Regem,
1061 769 1111 842 qui
1123 785 1182 828 una

134 861 200 905 curn
219 844 396 904 administris
421 849 558 918 potestate
579 845 684 918 gaudet
699 846 859 921 executivu,
876 854 904 905 ot
918 848 948 906 in
974 850 1093 924 collegia
1114 853 1180 927 duo,

133 948 225 993 uuum
240 930 434 1007 Optimatnm,
451 928 529 987 aliud
548 928 773 1005 reparatorum,
790 947 864 1007 quae
872 932 985 1007 legibus
995 934 1181 997 discutiendis

133 1022 162 1077 et
171 1017 328 1076 sciscendis
343 1015 551 1091 praeficiuntur
566 1015 591 1074 t,

168 1101 406 1174 Fundamentum,
423 1103 453 1159 in
479 1119 536 1176 quo
553 1103 601 1162 bic
617 1101 750 1177 politicus
764 1102 977 1165 mechanismns
992 1104 1114 1181 nititur,
1140 1112 1183 1169 est

132 1191 207 1265 quod
221 1201 368 1247 summum
383 1186 536 1261 imperium
549 1203 637 1262 penes
655 1188 792 1261 populum
810 1189 865 1261 sit3
892 1190 950 1263 qui,
967 1205 1035 1249 cum
1056 1200 1182 1266 nequeat

132 1291 184 1350 per
197 1290 227 1334 se
242 1272 319 1345 leges
345 1270 479 1344 condere,
505 1272 614 1347 aliquos
628 1273 708 1345 eligit
722 1274 771 1347 qui
791 1287 842 1332 auo
857 1274 973 1333 nomine
988 1275 1051 1333 illas
1076 1277 1179 1337 terant.

133 1360 239 1432 Seopua
254 1373 321 1417 uero
336 1362 380 1416 est
393 1355 601 1430 impossibilem
611 1357 728 1415 reddere
739 1357 861 1417 abusum
872 1360 1036 1432 potestatis;
1054 1361 1182 1421 medium

130 1443 255 1517 denique
270 1439 371 1500 divisio
385 1441 575 1514 lunationum,
592 1442 754 1501 auctoritati
769 1442 1001 1516 competentium,
1015 1458 1051 1502 ex
1062 1459 1120 1519 qua
1131 1460 1179 1505 ea·

130 1544 197 1587 rum
208 1526 353 1600 reciproca
368 1526 499 1585 limitatio
514 1526 631 1586 oriatur.
648 1526 720 1585 llina
734 1525 854 1600 collegio
867 1527 1070 1601 lleputalorum
1093 1546 1179 1605 oppa·

129 1611 208 1672 nitur
224 1611 374 1685 collegium
389 1611 573 1684 Optimatnm,
589 1615 619 1669 et
631 1611 756 1685 utrique,
769 1626 804 1669 ue
814 1610 926 1684 legibus
944 1612 1098 1672 scisccudis
1116 1630 1181 1674 exe-

130 1697 256 1756 culinam
272 1700 437 1770 potestatem
452 1696 609 1767 destruant,
626 1696 805 1754 obstaculum
816 1695 981 1769 adiungitur
996 1698 1092 1771 regiae
1115 1714 1180 1757 son·

130 1781 243 1853 ettonis,
255 1796 329 1855 quae
344 1780 379 1838 ad
394 1779 472 1852 leges
486 1779 642 1837 firmandas
656 1778 824 1851 requiritur.
841 1779 964 1839 Potestas
980 1780 1133 1840 executiva
1149 1781 1182 1841 li·

101 1865 213 1944 ,mites
232 1864 335 1938 accipit
361 1867 476 1936 propter
498 1862 792 1937 reapmmubilitalear,
818 1878 875 1936 qna
899 1862 1017 1922 llinistri
1040 1865 1181 1925 rationem

128 1950 247 2009 reddere
273 1954 404 2007 tenentur
421 1948 552 2022 potestati
567 1947 752 2020 legislativoe,
769 1948 804 2005 de
819 1947 855 2005 iis
880 1962 953 2021 quae
977 1954 1139 2024 operantur,
1163 1967 1181 2010 a

129 2049 187 2108 quo
201 2034 319 2110 proinde
336 2032 458 2091 iudicari
472 2038 500 2091 et
510 2032 604 2105 puniri
619 2036 749 2106 possunt
762 2030 815 2090 Sed
825 2047 862 2090 ue
872 2032 979 2090 functio
994 2031 1043 2090 illa
1055 2038 1179 2107 potesta·

130 2119 166 2177 lis
180 2118 270 2176 nimio
285 2116 410 2193 periculo
432 2121 610 2189 exponatur,
637 2116 699 2173 eius
714 2121 809 2188 caput,
821 2130 926 2188 nempe
940 2132 1003 2189 rex,
1020 2116 1175 2177 involabi-

130 2202 154 2262 le
167 2202 284 2261 omnino
299 2206 361 2273 est;
378 2198 564 2256 nibilominus
579 2198 652 2257 nibil
666 2214 718 2272 per
736 2214 767 2257 se
791 2198 884 2257 fucore
909 2206 1001 2273 potest
1020 2200 1082 2260 sine
1107 2218 1177 2261 con·

129 2302 216 2346 sensu
231 2284 472 2353 administrorum,
484 2288 513 2340 et
525 2282 631 2340 idcirco
649 2290 756 2356 repant
770 2283 818 2341 sed
833 2298 894 2342 aon
909 2284 1066 2359 gubernat.
1091 2286 1177 2346 Ener-

129 2372 202 2429 citus
215 2370 252 2427 ab
267 2368 416 2427 executira
430 2370 567 2439 potestate
581 2365 695 2439 pendet,
709 2367 748 2423 ita
759 2372 854 2423 tamon
866 2371 897 2425 ut
908 2368 943 2425 ad
954 2370 1095 2428 carendus
1106 2370 1176 2431 abu-

128 2470 177 2513 sus
193 2453 249 2512 alia
262 2453 306 2511 vis
315 2452 343 2511 ei
360 2457 529 2525 opponatur,
542 2464 646 2522 nempe
660 2450 764 2507 militia
778 2450 941 2522 nationalis,
959 2466 1032 2525 quae
1043 2454 1175 2513 ordinem

128 2538 275 2614 publicum
290 2542 318 2595 et
332 2551 449 2595 causam
464 2536 561 2609 populi
573 2540 688 2593 tutetur.
706 2534 745 2591 En
766 2533 852 2591 buius
875 2533 1026 2592 machinae
1042 2535 1177 2596 brevissi·

128 2638 177 2681 mo
190 2621 378 2695 adumbratio,
393 2622 430 2680 de
447 2636 504 2696 qua
524 2618 593 2695 quid
615 2618 797 2679 sentiendum
815 2618 860 2692 sit,
880 2632 1003 2693 sequens
1017 2621 1172 2693 propositio

129 2706 295 2766 declarabit.

551 2872 741 2937 Prorosrrro.

187 3044 289 3109 litterar
303 3045 404 3124 sarrae
418 3043 573 3123 regiminis
587 3046 830 3123 repraesentabat
848 3042 1056 3109 continuatum
1070 3050 1111 3107 rat

348 3132 538 3193 mendacium
554 3140 579 3191 et
588 3140 732 3207 perpetua
750 3132 951 3191 contradictio.

158 3297 245 3361 Prub.
261 3297 388 3363 Primum
403 3300 584 3362 mendacium
599 3302 630 3362 in
645 3301 708 3377 lpso
722 3300 839 3361 nomine
854 3300 990 3360 cernitur.
1003 3299 1072 3362 Nam
1084 3314 1174 3377 popu·

123 3383 184 3446 lum
198 3394 413 3459 repraesentare
432 3385 546 3463 dicitur,
563 3401 629 3448 cum
648 3402 749 3447 revera
768 3387 809 3445 nil
828 3392 1029 3461 repraesentet.
1048 3386 1081 3445 llt
1102 3402 1174 3447 sane

124 3471 264 3532 eiusmodi
277 3474 499 3547 repraesentatio
512 3474 604 3548 quoad
614 3475 669 3531 duo
681 3472 801 3546 intelligi
811 3476 919 3546 posset:
930 3470 1067 3530 nimirum
1077 3470 1172 3545 quoad

122 3558 221 3632 populi
235 3557 279 3617 rel
294 3558 479 3631 voluntatem,
495 3558 541 3617 rel
554 3557 757 3617 emolumenta.
772 3556 901 3615 lamrero
919 3556 1059 3630 deputati,
1081 3556 1132 3630 qui
1156 3572 1174 3616 a

165 3735 178 3782 l
201 3758 209 3779 ι
228 3737 275 3785 Une
289 3735 371 3800 charla,
387 3752 419 3783 un
433 3737 467 3785 roi
484 3741 506 3784 et
525 3736 581 3785 deas
595 3734 717 3801 obumbras,
739 3736 797 3785 roilb
811 3740 858 3783 loul
873 3734 894 3783 le
908 3734 1056 3785 me'olranirma
1067 3733 1098 3781 du
1114 3746 1171 3796 gorr-

122 3819 277 3862 nemmem
299 3813 459 3881 rtprtreutrdt.
480 3833 490 3859 r
512 3814 597 3863 (obtul
621 3816 698 3863 Germ
716 3814 804 3863 d'bt'rl.
823 3812 851 3861 dr
872 3814 896 3861 la
914 3812 1063 3873 pbilowpblr
1078 3810 1169 3871 morah

120 3884 161 3956 ap.
180 3888 216 3940 nr.

929 3960 975 4033 lt*
