2767 4492
535 312 765 358 Msnasnrslcan
779 311 926 356 spectabis

556 497 690 566 cuent
714 495 901 564 TERTIUM

463 709 513 756 ns
538 707 750 757 consonus
772 681 1003 756 ncnunurrs.

249 879 284 937 tlt
299 878 365 951 plan
372 879 424 949 tae,
438 891 494 950 quo
509 873 722 950 spectabiliores
735 877 811 948 sunt,
824 889 857 933 eo
871 875 956 934 altius
971 880 1060 947 agunt
1074 881 1103 935 et
1115 876 1198 936 humi
1212 893 1260 937 oc·

212 963 321 1021 cultant
340 961 464 1034 radices3
486 961 528 1021 sic
550 961 719 1035 plerumque
733 975 780 1019 res
799 963 919 1018 naturae
942 975 998 1033 quo
1012 959 1077 1033 plus
1092 965 1205 1036 patent,
1224 979 1259 1023 eo

213 1047 389 1107 abstrusiora
404 1062 422 1104 a
438 1053 578 1120 captuque
593 1045 746 1104 remotiora
759 1044 906 1103 continent
918 1043 1069 1118 principia.
1085 1046 1115 1104 ld
1130 1045 1160 1104 in
1176 1061 1259 1120 prae

213 1147 280 1191 sous
294 1132 469 1206 propositum
483 1131 588 1204 optime
604 1129 690 1188 cadit.
701 1129 760 1188 Etsi
774 1129 852 1188 enim
865 1143 983 1202 corpora
997 1129 1111 1188 assidue
1125 1130 1260 1190 sensibus

213 1231 386 1291 usurpemus
396 1215 547 1290 etiugibus
558 1220 700 1273 tentemus
709 1213 923 1288 experimentis
934 1218 1029 1271 tamen
1040 1213 1257 1288 elementorum,

212 1301 290 1360 unde
310 1305 455 1372 constant,
475 1298 646 1358 difficillima
665 1303 709 1358 est
728 1298 917 1370 investigatio.
938 1297 1143 1372 Nihilominus,
1165 1300 1260 1372 quom
1321 1340 1326 1349 «

213 1385 381 1461 poterimus,
400 1387 461 1442 tunt
476 1385 596 1443 arduam
611 1383 808 1458 quaestionem
823 1382 946 1440 enodare
960 1383 1140 1459 curabimus3
1151 1399 1186 1442 ac
1201 1384 1260 1458 pri·

211 1485 293 1528 munt
303 1468 465 1543 praecipua,
475 1483 548 1542 quae
558 1466 736 1527 circumferri
747 1467 839 1526 solent
846 1471 1002 1540 systemata
1011 1467 1257 1544 examinabimus,

217 1554 320 1616 deinde
335 1553 404 1632 quid
417 1552 513 1614 uerius
527 1552 712 1614 iudicandum
726 1551 764 1612 sit
777 1566 964 1627 exponemus.

634 1751 802 1810 metaurus
816 1751 838 1809 l.

495 1923 583 2012 Verte
597 1929 759 1998 systemata
773 1930 972 1996 caperemur.

250 2100 296 2158 tt.
313 2098 435 2173 Corpora
443 2096 631 2158 nominantur
641 2096 820 2155 substantiae
829 2094 997 2154 extensione
1007 2095 1162 2170 praeditae,
1175 2100 1261 2171 atque

214 2185 278 2244 ideo
293 2183 367 2242 trina
380 2182 537 2257 gaudentes
553 2181 748 2241 dimensione:
762 2180 950 2255 longitudine,
966 2181 1125 2254 latitudine,
1142 2182 1259 2254 prolun-

215 2269 312 2327 ditate.
328 2268 384 2326 Has
399 2283 467 2326 vero
482 2282 544 2348 esso
563 2268 734 2341 compositas
752 2265 932 2340 experientia
950 2270 1075 2338 constat;
1092 2281 1150 2324 non
1165 2265 1259 2325 solum

215 2352 284 2425 qraie
297 2353 408 2411 ratione
422 2351 588 2426 quantitatis
603 2349 761 2410 divisibiles
775 2355 843 2409 sunt
857 2351 888 2409 in
902 2354 1009 2424 partes,
1025 2349 1076 2409 sed
1090 2351 1179 2408 etiam
1193 2349 1262 2424 quia

214 2437 326 2496 ratione
340 2435 533 2512 generationis
543 2439 571 2493 et
585 2434 776 2508 corruptionis
790 2433 863 2493 aliae
873 2435 904 2492 in
914 2434 986 2493 alias
1000 2439 1214 2494 convertuntur.
1226 2435 1259 2493 ln
1275 2493 1280 2500 ,

214 2536 272 2594 qua
284 2522 469 2581 conversione
482 2519 668 2578 maniiestmu
678 2524 721 2578 est
736 2518 911 2578 substantiae
921 2533 995 2593 quae
1005 2519 1198 2593 mrmmpitur
1208 2519 1261 2578 ali-

216 2605 285 2678 quid
299 2621 468 2680 permanere
478 2607 509 2664 in
525 2603 687 2664 substantia
700 2619 775 2677 quae
789 2608 941 2678 generatur
951 2606 1048 2678 (meus
1058 2604 1129 2663 baec
1142 2604 1260 2663 omnino

215 2691 373 2764 crearetur)
381 2711 391 2762 ;
406 2695 435 2748 et
449 2689 556 2763 aliquid
570 2689 654 2764 plano
675 2688 820 2762 desinere,
838 2704 920 2748 secus
935 2704 1010 2749 nora
1027 2689 1187 2748 substantia
1201 2704 1261 2748 non

215 2779 392 2850 exsurgeret.
409 2774 455 2832 Sic
476 2790 542 2832 eum
557 2789 594 2832 ex
609 2774 750 2849 exygenio
766 2777 795 2832 et
819 2774 995 2848 hydrogenio
1016 2774 1141 2848 gignitur
1163 2789 1257 2847 aqua,

214 2875 332 2920 necesse
351 2865 394 2919 est
412 2863 444 2918 ut
462 2859 571 2934 aliquid
589 2859 693 2918 borum
712 2858 919 2920 elementorum
937 2860 1060 2934 supersit
1072 2859 1104 2917 iu
1122 2871 1212 2931 aqna,
1230 2863 1261 2916 et

216 2943 324 3016 aliquid
334 2943 510 3002 immutetur.
519 2944 590 3002 Nam
598 2943 622 3002 si
631 2943 704 3002 nihil
714 2947 884 3018 superesset,
893 2957 968 3016 equa
974 2958 1032 3002 non
1041 2944 1123 3002 lieret
1130 2957 1167 3000 ex
1177 2941 1259 3016 ipsis,

216 3026 314 3085 sedda
329 3027 421 3085 nihilo
436 3027 621 3100 conderetur;
635 3027 679 3086 sin
693 3027 790 3086 omitia
799 3026 885 3101 plane
898 3032 1057 3100 manerent,
1070 3042 1146 3101 aqua
1155 3026 1191 3084 ab
1201 3025 1260 3084 illis

212 3125 271 3169 non
285 3110 420 3170 differret.
437 3113 492 3172 Nee
507 3112 586 3171 dicas
599 3112 669 3171 illud
679 3113 756 3187 quod
769 3112 894 3171 demitur
905 3127 962 3171 non
977 3128 1039 3171 esse
1054 3112 1132 3171 aliud
1146 3112 1203 3171 nisi
1214 3111 1258 3170 di-

213 3195 399 3268 spositionem
417 3195 561 3254 diversam
582 3196 806 3268 moleonlarum,
827 3211 901 3269 quae
920 3197 1048 3256 radatur
1066 3197 1096 3255 111
1119 3213 1194 3272 aqua
1207 3211 1259 3270 per

214 3279 449 3340 commixtionem
461 3280 582 3340 duorum
592 3280 706 3341 illorum
716 3275 869 3355 conponam
878 3281 1084 3342 aeriformium.
1096 3283 1167 3342 Nam
1175 3281 1260 3340 modo

215 3379 274 3423 non
294 3364 472 3438 disputamus
491 3366 560 3439 quid
579 3365 636 3424 sint
654 3365 797 3440 principia
820 3365 1003 3426 constitutiva
1022 3381 1190 3440 corporum3
1209 3365 1261 3425 sed

215 3447 373 3519 generatim
387 3447 490 3506 borum
505 3449 742 3522 compositionem
760 3453 908 3508 testamur.
924 3451 965 3508 bd
978 3465 1066 3524 quam
1081 3449 1200 3509 confuse
1216 3464 1262 3506 as·

215 3529 366 3586 serendam
381 3529 484 3602 oppido
503 3528 609 3586 strifioit
622 3537 654 3586 ut
673 3528 781 3603 aliquid
795 3529 827 3587 in
846 3545 963 3604 corpore
983 3529 1079 3603 genito
1097 3529 1261 3587 inveniatur

215 3610 360 3669 (diversum
374 3612 411 3670 ab
426 3627 475 3685 eo,
498 3612 573 3685 quod
588 3617 648 3670 crat
661 3613 693 3670 in
712 3627 828 3686 corpure
842 3614 920 3674 unde
938 3617 1104 3687 generatur,
1121 3612 1261 3686 quidquid

216 3693 286 3762 illud
302 3695 416 3754 tandem
431 3697 482 3770 sit,
498 3697 559 3756 sire
572 3711 653 3756 mera
671 3697 877 3758 elementorum
895 3698 1054 3773 dispositio,
1070 3699 1131 3758 sire
1149 3697 1261 3771 aliquid

217 3778 266 3838 tali
277 3779 459 3852 dispositione
473 3781 674 3855 praestantius.
685 3781 735 3841 liis
749 3783 901 3856 praeiactis
914 3784 1069 3858 praecipua
1078 3781 1260 3857 philosopho-

215 3878 280 3926 rum
295 3867 448 3938 systemata
462 3865 627 3938 innuamus.
