2767 4492
158 368 165 378 .
511 332 590 383 mma
607 335 750 384 aarum
1098 321 1155 389 itt

105 427 145 488 ita
158 429 249 499 meet,
266 426 336 484 tuuc
348 425 473 498 potestas
486 421 627 484 maribus
641 422 672 480 in
686 420 749 481 viro
762 421 928 495 procederet
941 438 977 483 ex
996 422 1088 485 libera
1101 440 1150 487 ro·

106 512 214 572 lunate
227 510 340 582 uanus,
358 510 426 583 quia
436 522 510 567 uxor
523 507 561 566 ad
574 506 690 581 nuptias
704 504 844 567 ineundas
859 510 1008 569 consentit.
1022 510 1150 587 itemque

107 595 259 657 auctoritas
273 594 383 655 domim
397 600 543 653 crearetur
556 606 574 651 a
588 606 680 659 servo,
697 591 765 665 quia
779 606 879 652 servus
893 600 985 667 potest
1003 594 1038 655 ab
1058 610 1093 657 eo
1106 597 1149 659 di·
1241 642 1247 647 .

106 683 233 755 scedere3
256 686 306 740 aut
328 679 416 739 etiam
435 677 587 737 auctoritas
608 677 744 750 magistro
765 676 938 737 tribueretur
959 692 977 737 a
996 680 1145 756 discipulo,
1261 692 1265 699 ·

106 768 174 842 qula
187 765 346 841 discipulus
366 768 459 840 potest
472 759 654 839 disciplinam
667 762 803 835 ,abnuas
818 768 847 824 ot
860 763 996 825 scientiae
1015 764 1147 840 mucren-

107 851 176 912 tiam
189 856 372 924 anteponere.

140 937 231 998 Obilc.
247 937 291 997 lll.
309 935 415 995 Saltem
434 934 589 996 dicendum
606 942 651 996 est
670 952 738 996 curn
757 936 894 1009 (liuberti,
910 936 1043 996 blamiani
1063 942 1148 1012 etuias

105 1022 168 1083 aliis
183 1023 379 1082 auctoritatem
393 1021 423 1079 iu
437 1022 565 1081 subiecto
580 1022 766 1083 determinari
779 1038 816 1081 ex
831 1023 1021 1081 orbtocrotto
1034 1022 1148 1097 tepenti

106 1115 247 1183 quatenus
259 1108 303 1167 illi
318 1112 421 1165 natura
435 1120 489 1165 sua
502 1106 548 1166 ius
568 1107 729 1181 imperandi
744 1106 923 1182 possideant,
940 1106 989 1183 qui
1005 1109 1148 1182 sapientes

105 1198 172 1255 sunt
185 1198 271 1269 atque
284 1191 396 1268 optimi.
413 1192 514 1266 Quare,
530 1192 648 1268 addunt,
665 1193 787 1270 populus
801 1194 837 1254 ad
852 1208 900 1255 eos
915 1192 1061 1269 eligendos
1076 1192 1147 1257 obli·

105 1282 197 1352 patus.

139 1365 221 1438 llesp.
239 1364 313 1423 llaec
327 1364 526 1425 libertinorum
539 1364 686 1425 mitiorum
702 1366 810 1426 tbeoria
825 1366 947 1425 ridicula
962 1379 1078 1440 prorsus
1092 1370 1144 1427 est.

104 1452 175 1510 llam
189 1450 348 1524 ingenium,
364 1450 389 1509 si
404 1466 471 1510 uere
485 1451 560 1510 adsit
574 1460 602 1511 et
616 1467 687 1510 sana
701 1452 830 1511 doctrina
846 1452 1007 1525 imbuatur,
1024 1452 1073 1511 dat
1087 1452 1149 1527 qui·

3 1595 4 1598 ,
103 1534 169 1593 deur
184 1534 229 1593 ius
243 1534 373 1607 docendi,
391 1541 420 1594 at
434 1551 492 1595 uun
508 1537 678 1610 imperandi.
691 1538 738 1595 lus
754 1536 913 1611 imperandi
929 1536 965 1595 ab
977 1552 1011 1595 ea
1026 1536 1147 1597 subiecti

102 1620 277 1693 praestantia
290 1621 505 1695 determinatur,
523 1638 580 1696 qna
595 1622 627 1680 tlt
641 1628 674 1680 ut
688 1622 802 1697 publice
817 1622 847 1681 iu
862 1622 1046 1681 multitudiue
1061 1638 1147 1696 appa·

102 1708 164 1763 reat
176 1704 269 1763 eidem
283 1705 378 1764 inesse
393 1706 439 1764 ius
453 1706 583 1764 ordinem
609 1706 822 1780 pmescribcndi
837 1708 931 1781 quood
947 1712 1061 1765 mutuas
1075 1706 1147 1766 reia·

104 1788 194 1848 tiones
210 1790 388 1863 singulorum
404 1806 455 1865 pro
468 1790 543 1849 bono
560 1792 706 1851 communi
726 1792 918 1864 adipiscendo.
935 1791 973 1849 ud
990 1791 1065 1864 qtrod
1085 1807 1147 1850 mu·

102 1888 158 1933 uus
173 1874 227 1951 rite
242 1876 435 1934 exercendum
449 1876 605 1948 requiritur
619 1889 688 1935 sune
704 1876 855 1949 prudentia
870 1882 898 1935 et
913 1876 1025 1935 bonitas
1039 1878 1070 1935 in
1085 1892 1148 1951 per·

102 1974 186 2034 suna3
204 1960 255 2019 sed
268 1960 347 2019 aliud
361 1967 405 2018 est
423 1961 548 2019 conditio
567 1962 707 2035 requisita
723 1962 758 2019 ad
773 1966 998 2021 consentaneum
1020 1962 1147 2022 muneris

103 2046 283 2113 exercitium,
297 2046 373 2103 aliud
386 2049 429 2103 est
440 2046 540 2104 titulus
554 2046 604 2118 qui
614 2046 659 2103 ius
673 2047 829 2106 exercendi
839 2062 945 2105 munus
961 2046 1029 2105 illud
1045 2046 1149 2106 consti-

102 2135 172 2189 tuat.
189 2131 338 2189 Praeterea
352 2131 507 2188 indicanda
521 2136 595 2188 esset
609 2130 765 2197 academia,
778 2132 874 2206 inquo
889 2132 976 2191 buius
990 2132 1147 2205 sapientiae
1174 2196 1179 2206 ,

101 2216 217 2275 laureae
232 2216 451 2289 distribuuntur,
468 2221 498 2273 et
511 2216 708 2291 deliniendum
724 2222 799 2276 esset
814 2219 960 2277 criterium
980 2236 1036 2293 qrro
1052 2220 1147 2278 certis-

102 2301 175 2359 sime
190 2308 218 2359 et
233 2301 295 2358 sine
315 2316 411 2359 ermre
425 2300 607 2373 optimismus
622 2300 672 2359 ille
686 2316 704 2358 a
719 2302 822 2375 populo
842 2304 966 2362 discerni
986 2306 1083 2378 possit.
1102 2306 1147 2363 Se-

102 2400 152 2443 cus
168 2385 326 2458 perieulum
341 2383 404 2455 erit,
422 2400 460 2442 ne
475 2384 597 2457 populus
613 2385 874 2457 (qrsemsdmodum
890 2403 975 2459 suppo
991 2390 1145 2463 contingit)

101 2470 202 2529 fraude
217 2475 268 2528 aut
281 2468 405 2543 pecunia
419 2474 518 2543 captus
534 2482 591 2527 uon
606 2468 784 2541 sapientibus
799 2470 847 2527 sed
863 2470 1070 2545 nebulonibus,
1087 2490 1146 2531 uon

1 2562 8 2579 ⁸
101 2556 198 2630 probis
213 2554 262 2613 sed
278 2556 418 2629 perversis
434 2554 600 2614 bominibus
615 2552 785 2627 srrffrngium
802 2553 915 2612 tribuat.
934 2554 986 2611 Sul
1010 2570 1146 2627 quorsum

101 2640 173 2699 baec
188 2640 366 2699 retutemus?
381 2640 467 2699 Nemo
482 2641 603 2712 ignorat,
621 2640 674 2698 bos
693 2638 854 2713 praeclaros
874 2638 1016 2697 societatis
1038 2644 1147 2697 restau-

100 2730 209 2784 ratores
223 2724 331 2783 idcirco
344 2724 399 2783 ista
415 2724 554 2797 tabulari3
571 2724 648 2799 qma,
664 2730 842 2796 computent
856 2738 959 2783 seesso
975 2722 1149 2795 sapientissi-

100 2823 164 2868 mos
179 2814 264 2883 atque
279 2810 401 2883 optimos
416 2815 444 2868 st
457 2807 606 2884 privilegio
622 2815 741 2867 naturae
756 2810 786 2867 iu
804 2809 885 2867 beata
900 2808 949 2867 illu
971 2806 1149 2866 aristocratia

99 2894 216 2967 positos,
233 2892 355 2955 libenter
369 2910 420 2970 pro
434 2893 569 2955 felicitate
583 2895 697 2968 generis
711 2894 832 2956 humaui
842 2910 914 2957 carta
926 2893 1086 2973 imperandi
1100 2908 1147 2954 su·

101 2979 235 3057 scipiunt.

512 3152 734 3215 slarreuuoslll.

388 3327 426 3387 bt
440 3326 563 3387 dicessit
578 3326 734 3402 ropimiuia
749 3326 856 3401 scitota

139 3496 198 3560 tue.
213 3498 381 3559 Societatem
392 3500 502 3559 duobus
514 3499 661 3559 elementis
672 3504 802 3559 constare
813 3500 950 3573 diximus,
963 3496 1145 3558 multitudine

100 3586 310 3645 etauctoritate.
322 3585 476 3657 llultitudo,
487 3593 627 3659 quindenus
643 3585 802 3645 auctoritati
813 3584 972 3653 sublinitur,
985 3600 1001 3643 a
1013 3600 1070 3658 quo
1080 3598 1145 3641 cou-

99 3670 269 3742 grueutibus
280 3669 382 3729 mediis
396 3670 431 3729 ad
443 3670 530 3729 linem
540 3669 689 3741 dirigenda
700 3680 752 3743 est,
764 3670 891 3729 subditos
905 3668 1031 3729 exbibet.
1050 3670 1146 3726 lucto·

99 3755 171 3812 ritas
187 3770 252 3815 vero
273 3761 414 3830 quatenus
433 3760 563 3813 concrete
578 3753 737 3827 concipitur
750 3754 781 3813 iu
804 3754 931 3813 subiecto
955 3753 1049 3829 aliquo
1072 3748 1148 3825 quod

100 3837 193 3911 ipsam
207 3840 333 3913 legitime
346 3841 507 3916 possideat,
524 3840 701 3914 superlorem
715 3838 858 3913 efformet,
876 3840 925 3915 qul
945 3840 969 3899 si
985 3839 1099 3899 aliunde
1114 3834 1145 3894 iu
1217 3892 1221 3895 .

98 3922 214 4007 politico
229 3925 329 3989 ordine
339 3926 458 3992 minime
472 3926 586 4005 pendet,
599 3923 770 4005 sedlegibus
781 3925 911 3988 coeletis
921 3924 1085 3994 societatem
1094 3940 1144 4003 gu-
