2767 4492
235 344 290 412 lit
554 353 783 407 mummium
795 339 943 404 maurus

232 459 292 507 non
312 447 405 520 potest
423 444 494 520 usin
514 458 566 519 pro
582 445 697 504 diversa
717 443 844 516 eorporis
862 440 1050 516 dimensione
1060 443 1091 500 et
1109 434 1275 528 odeardine

234 542 438 606 saepenumero
456 530 487 588 in
504 528 587 587 nobis
607 528 840 601 phantasmatum
862 526 989 585 cxisunt
1010 525 1178 586 rodentes:
1196 529 1275 602 qued

236 621 312 676 certe
326 630 344 673 a
356 613 473 688 plrpsica
486 613 582 686 aliqua
596 626 683 670 causa
698 627 802 686 corpus
814 612 910 685 ipsum
918 610 1063 670 eliciente
1072 611 1164 684 repeti
1176 612 1272 674 deum.

235 700 327 759 litera
340 713 407 758 vero
420 697 492 757 ratio
505 697 535 755 iu
551 697 646 756 ammo
659 697 723 771 ipso
736 697 852 772 ponitur
867 702 953 770 atque
966 711 1005 755 ex
1018 696 1048 754 vi
1061 695 1272 773 metionis,

236 799 323 858 qrram
336 783 367 844 in
380 782 725 856 mgmndoexeroemus,
740 783 894 856 repetenda
907 787 960 841 est.
977 781 1055 849 Quae
1066 781 1149 840 enirn
1161 781 1275 844 obiecta

115 879 118 882 ·
235 868 321 928 simul
334 872 364 926 et
376 881 443 927 urm
462 883 540 926 nexu
554 868 678 941 quodam
692 867 768 926 inter
781 881 830 939 se,
847 867 908 925 sire
921 881 959 925 ex
973 865 1087 924 interna
1099 866 1162 925 sive
1174 881 1213 925 ex
1226 883 1276 928 ex·

236 958 317 1012 terna
326 952 462 1012 relatione
475 953 665 1025 proveniente,
677 951 799 1024 cogitata
813 955 889 1024 sunt,
905 965 1004 1010 eorum
1016 956 1150 1011 revocato
1162 967 1221 1011 rano
1234 953 1275 1012 al·

237 1041 330 1096 tarum
350 1037 436 1096 etiam
458 1042 616 1096 revocatur.
638 1035 684 1095 Sic
705 1037 832 1096 ansonis
853 1036 941 1096 amici
960 1049 1171 1109 mnemosynon
1195 1036 1272 1096 illius

235 1121 406 1195 phantasma
417 1121 587 1195 reproducit.
1256 1193 1259 1198 ι

271 1207 360 1280 larue
374 1221 412 1265 en
425 1205 470 1264 iris
484 1205 621 1279 explicari
636 1207 704 1265 satis
716 1211 809 1280 potest
821 1221 874 1265 our
884 1205 1008 1265 intimis
1019 1210 1050 1264 et
1064 1206 1274 1266 somniantibus

235 1294 295 1348 tam
309 1304 410 1363 parum
423 1289 553 1348 ordinata
567 1290 604 1349 sit
620 1290 851 1363 phantasmatum
864 1291 971 1364 series;
986 1289 1273 1364 siquideminaegri

236 1374 333 1433 urdine
348 1380 376 1434 et
385 1390 485 1434 somtm
494 1374 581 1433 tluida
595 1375 692 1435 minus
701 1377 829 1434 ordinate
838 1376 978 1448 reamur,
990 1380 1020 1433 et
1028 1375 1162 1434 voluutas
1176 1375 1206 1433 in
1216 1374 1274 1448 pri·

234 1473 282 1518 mo
295 1473 363 1518 casu
377 1474 497 1533 porum,
512 1460 543 1517 in
558 1459 646 1518 altero
665 1461 738 1520 nihil
752 1460 975 1520 associationem
990 1465 1055 1520 urm
1067 1460 1198 1519 idearum
1212 1465 1274 1516 tum

234 1543 465 1616 phantasmatum
478 1545 649 1602 moderatur.
673 1545 762 1618 Atque
777 1545 847 1603 haec
864 1545 901 1603 de
922 1543 1130 1618 imaginatione
1144 1543 1274 1602 innuisse

234 1627 370 1701 sufficiat,
386 1628 436 1701 qui
450 1629 532 1702 plura
545 1629 636 1702 cupit,
652 1629 736 1686 adeat
754 1627 1123 1701 uateomncuo,.sowsrt‚
1138 1625 1273 1691 amauri

186 1741 191 1748 ·
233 1710 361 1785 aliosqm
375 1713 425 1784 qui
439 1712 476 1773 de
489 1727 523 1772 es
537 1727 569 1773 re
583 1713 646 1772 tuse
660 1713 845 1786 scripserunt.
1132 1760 1134 1762 .

639 1883 808 1943 inmensos
826 1882 870 1942 lv,

627 2050 666 2110 Do
682 2051 888 2125 mollepecum

270 2217 315 2280 67.
330 2217 473 2281 Hactenus
487 2220 523 2280 de
543 2219 724 2280 facultatibus
737 2237 812 2296 quae
825 2234 995 2280 communes·
1005 2214 1115 2279 homini
1129 2220 1199 2278 sont
1212 2231 1277 2279 cum

234 2307 404 2381 pecudibus3
420 2321 498 2366 uuus
513 2308 547 2366 de
563 2307 599 2366 iis
620 2308 762 2380 agendum
782 2307 852 2380 erit,
869 2306 974 2380 utribus
994 2306 1111 2364 nomos
1129 2303 1224 2363 brutis
1238 2303 1278 2362 di-

234 2390 387 2464 stinguitur
410 2397 495 2464 atque
519 2393 555 2449 ad
577 2392 706 2451 altiorem
729 2392 860 2450 ordinem
880 2391 1020 2450 evehitur.
1048 2391 1106 2448 liae
1131 2389 1279 2447 facultates

233 2481 345 2548 partem
363 2476 488 2535 hominis
506 2475 708 2536 intellectivam
726 2475 895 2550 respiciunt3
917 2476 954 2534 de
967 2491 1026 2548 qua
1040 2474 1087 2532 iric
1102 2478 1224 2532 tractam
1237 2472 1279 2531 in·

235 2573 367 2630 cipimus.

271 2636 358 2694 Nemo
373 2638 479 2710 estqui
494 2653 551 2697 non
566 2638 669 2697 sentiat
683 2653 713 2698 se
728 2639 888 2712 cognitione
902 2638 1011 2710 donari,
1024 2652 1082 2712 erra
1095 2637 1207 2696 obiecta
1220 2649 1279 2694 non

234 2719 318 2778 modo
333 2721 527 2795 apprehendit,
544 2724 744 2782 verumetiam
759 2724 878 2797 iudicat,
895 2739 952 2781 uon
965 2723 1051 2782 modo
1066 2726 1198 2779 concrete
1212 2733 1280 2778 oon·

234 2801 312 2877 cipit,
329 2819 430 2864 verum
444 2806 530 2864 etiam
545 2807 698 2881 abstracte3
715 2823 773 2867 non
787 2809 871 2866 modo
886 2808 1095 2882 contemplatur
1108 2805 1203 2879 quoad
1216 2803 1280 2862 eni·
1375 2798 1376 2833 ³

235 2888 368 2948 atentiam
382 2905 482 2949 torum
497 2891 583 2950 etiam
598 2893 691 2965 quoad
709 2893 876 2966 essentiam3
894 2899 978 2966 atque
992 2892 1096 2950 exinde
1112 2891 1149 2948 ad
1168 2903 1281 2948 eomm-

235 2969 302 3026 dem
319 2975 540 3048 antecessiones,
562 2991 676 3049 causas,
699 2979 950 3051 communiones,
974 2976 1091 3035 edoctus
1109 2972 1282 3047 detegendos

234 3055 422 3127 progreditur.
440 3058 721 3134 laertius,q11aaid
739 3068 879 3136 praestat,
895 3061 1056 3120 intellectus
1075 3058 1121 3119 sel
1141 3057 1216 3117 ratio
1232 3069 1282 3115 no

235 3137 370 3198 minatur.
1044 3163 1048 3168 ’

270 3222 349 3282 llano
364 3239 381 3283 a
394 3226 504 3286 viribus
519 3231 661 3290 sentiendi
675 3247 739 3290 esse
759 3231 923 3291 disunoom
938 3227 1204 3289 manilesn‘ssimum
1223 3228 1280 3283 est.

234 3306 303 3366 llam
318 3323 429 3384 sensus,
445 3325 511 3370 uum
526 3313 583 3371 siut
596 3314 745 3374 facultates
758 3317 919 3390 organicae,
932 3331 983 3374 scu
998 3331 1015 3373 a
1029 3312 1163 3381 sensorio,
1175 3309 1207 3366 in
1222 3323 1283 3381 quo

233 3393 367 3462 resident,
384 3397 589 3471 dependentem
607 3400 745 3474 atdngore
759 3407 905 3475 nequeunt
918 3400 974 3458 uisi
994 3399 1106 3457 obiecta
1122 3391 1284 3466 singrdaria

235 3479 265 3531 ot
277 3484 418 3552 concreta,
430 3488 513 3554 prout
525 3483 677 3542 sensilibus
689 3479 1279 3559 quibusoamqualitatiousimplexatunt

235 3561 265 3612 st
276 3559 307 3618 iu
321 3575 428 3634 organa
442 3565 658 3638 impressionem
672 3574 816 3627 exercent.
833 3569 913 3628 llulla
927 3563 1141 3628 ouim'lacultas
1155 3575 1186 3620 se
1200 3559 1282 3618 attol-
1332 3591 1335 3595 -

235 3637 295 3696 lere
312 3651 403 3714 potest
417 3663 503 3734 supra
521 3651 697 3710 conditiones
715 3652 940 3728 subiectisque
962 3653 1074 3728 pendet,
1091 3648 1165 3707 llinc
1180 3659 1283 3704 sensus

236 3736 330 3796 nemra
343 3731 504 3790 universale
519 3733 732 3807 apprehendere
745 3742 877 3811 possunt,
893 3753 986 3812 neque
1000 3734 1140 3794 iudicium
1154 3729 1283 3804 prolerre

236 3807 337 3868 ullum.
359 3813 506 3890 Nequeunt
524 3817 640 3892 quidem
659 3818 871 3893 apprehendere
889 3820 1064 3893 universale3
1085 3815 1155 3891 piria
1173 3813 1210 3871 ad
1227 3812 1284 3868 hoc

234 3891 389 3962 absuactio
401 3902 564 3978 requuitm,
576 3909 661 3978 etque
669 3903 734 3970 ideo
746 3905 855 3970 essedo
868 3911 982 3980 praeter
992 3903 1208 3969 indiuduentes
1220 3909 1284 3962 tna·
