2767 4492
498 346 575 393 niuis
593 340 734 393 annonae
1089 320 1144 399 {33

133 433 232 508 immo,
248 434 273 493 si
287 432 340 493 rite
354 446 401 491 res
416 430 618 503 consideretur,
635 431 788 489 auctoritas
803 435 845 491 est
865 446 932 507 pars
953 432 1079 497 formalis
1095 453 1139 497 so

98 522 223 593 rietatis,
235 518 377 593 siquidem
390 516 565 591 principium
580 522 623 573 est
636 514 755 574 unitatis
766 521 795 574 et
808 514 987 594 harmoniae,
1000 538 1056 597 qua
1066 524 1141 582 mui-

99 608 187 666 titudo
201 622 258 664 uon
272 604 421 664 contusam
436 602 598 673 congeriem
613 600 738 673 plurium
747 600 968 671 individuorum,
979 607 1029 665 sed
1039 622 1141 682 corpus

99 692 205 751 rnorale
218 706 284 749 uere
297 700 388 747 nuum
402 685 541 746 efformet.
559 686 650 754 Quare
665 686 719 743 hoc
734 685 795 761 ipso
812 688 887 759 qnod
907 688 1035 749 immines
1050 692 1079 749 in
1098 706 1141 751 so-

98 777 229 838 cietatem
242 772 405 846 congregati
419 770 626 845 intelliguntur,
642 770 775 829 continuo
791 771 820 829 in
836 786 884 829 eos
896 772 1015 832 facultas
1025 776 1142 835 moralis

98 874 215 921 manare
230 859 387 933 coneipitur
400 864 428 915 et
442 857 516 915 insa
533 872 588 929 quo
599 855 667 914 uuio
681 855 731 915 iila
744 856 887 929 procedat,
899 864 927 913 et
937 873 1010 930 ortae
1021 858 1141 932 imperio

99 962 150 1006 suo
161 946 373 1004 multitudinem
388 943 463 1015 liget,
475 941 653 1012 singulorum
661 940 873 1015 operationibus
883 942 918 999 ad
930 955 1081 1002 commune
1092 943 1142 1003 ho·

99 1048 168 1090 nram
184 1030 237 1091 snb
252 1028 346 1088 stabili
361 1042 461 1085 norma
476 1026 643 1099 dirigendis.

136 1117 232 1191 Neque
245 1116 299 1172 laur
315 1113 371 1171 ullo
386 1112 469 1169 modu
483 1111 586 1184 pendet
600 1126 617 1168 a
631 1107 775 1170 vuluntate
791 1110 941 1186 sociorum,
960 1111 1008 1186 qui
1025 1126 1141 1186 congre·

102 1210 216 1276 gantur,
233 1199 282 1272 qui
296 1202 372 1255 certe
386 1197 538 1254 decernere
557 1202 703 1268 nequeunt
718 1200 749 1254 ut
767 1198 887 1255 societas
907 1212 974 1255 uera
993 1203 1144 1271 consurgat

102 1295 131 1345 et
146 1293 238 1343 tamen
253 1282 366 1340 nullum
381 1280 418 1339 sit
435 1280 464 1338 in
484 1296 518 1338 ea
530 1280 578 1338 ius
596 1280 765 1353 imperandi,
783 1296 839 1355 quo
858 1282 953 1340 unitas
971 1280 1001 1340 in
1023 1298 1140 1357 corpore

102 1372 150 1428 illo
163 1371 304 1441 gignatur.
322 1366 375 1424 Sed
392 1366 437 1423 ius
457 1365 596 1423 eiusmodi
614 1365 774 1423 innascitur
794 1370 893 1439 sponte
913 1382 964 1423 sna
983 1382 1020 1424 ox
1040 1374 1144 1425 natura

102 1454 164 1527 ipsa
181 1451 333 1523 socienda,
354 1464 426 1522 darae
445 1450 621 1520 efformatum
646 1448 786 1522 siquidem
806 1450 966 1529 euinnelrei
982 1450 1009 1507 vi
1024 1454 1144 1508 naturae

102 1538 184 1610 inest,
196 1537 225 1594 id
236 1536 311 1609 qrrod
323 1536 367 1592 vel
379 1535 414 1591 ad
425 1535 488 1592 eiras
502 1533 731 1593 constitutionem
748 1534 868 1607 pertinet
880 1534 924 1592 vel
935 1534 1090 1608 proprietas
1101 1539 1143 1592 est

102 1622 261 1681 essentialis
274 1622 310 1678 ad
324 1620 386 1678 eius
401 1620 486 1678 linem
501 1625 529 1677 et
543 1619 786 1677 conseruationem
798 1619 945 1693 requisita.

138 1707 263 1765 lamuero
278 1705 415 1779 quidquid
430 1711 563 1763 enatura
576 1704 713 1777 procedit,
727 1704 950 1777 independenter
964 1720 982 1762 a
995 1706 1090 1763 causis
1100 1720 1142 1763 so·

102 1792 203 1850 eundis
215 1806 266 1865 pro
279 1788 446 1848 immediato
466 1796 581 1847 auctore
596 1789 682 1845 nabet
701 1789 799 1861 Deum,
817 1804 834 1846 a
850 1804 905 1863 quo
920 1794 1022 1848 natura
1037 1790 1080 1849 rei
1096 1806 1143 1849 ou·

101 1876 216 1934 inslibet
235 1876 448 1933 determinatur.
465 1875 536 1946 Ergo
557 1889 621 1933 cunr
636 1874 665 1931 id
679 1875 714 1931 do
729 1874 895 1933 auctoritate
913 1875 944 1932 in
963 1890 993 1933 se
1014 1876 1145 1949 inspecta

103 1963 262 2035 contingat,·
278 1976 313 2019 ea
326 1960 490 2018 immediate
506 1976 524 2017 a
538 1960 594 2018 lieo
608 1962 761 2033 procedere
777 1956 897 2017 dicenda
907 1966 959 2019 est.

137 2048 292 2117 Praeterea,
309 2046 382 2104 Deus
397 2045 459 2118 lege
474 2051 592 2103 naturae
606 2045 735 2102 ordinem
751 2045 858 2103 servari
873 2044 960 2113 iubet.
977 2045 1059 2119 Atqui
1076 2046 1145 2105 ordo

100 2134 130 2193 in
146 2133 327 2191 mullitudine
342 2131 403 2188 sine
418 2145 551 2204 suprema
565 2130 731 2187 anctoritate
747 2130 901 2189 consistere
921 2138 949 2189 el
970 2132 1082 2206 concipi
1096 2147 1143 2190 ne·

101 2218 175 2292 qnit3
192 2230 260 2274 narn
274 2214 424 2273 mullitudo
447 2229 500 2285 per
513 2228 544 2271 se
559 2212 673 2271 nonnisi
690 2214 802 2271 turbam
817 2220 846 2272 et
860 2214 1079 2289 discrepantiam
1095 2232 1142 2275 uu·

100 2302 241 2360 lnutatum
252 2298 421 2373 suppeditat.
434 2298 505 2369 Ergo
516 2296 590 2355 Deus
605 2296 811 2355 institutionem
826 2314 976 2372 supremae
992 2300 1142 2359 cuiusdam

101 2384 285 2459 auctoritatis,
301 2383 337 2440 ad
351 2396 437 2455 quarn
451 2380 590 2453 pertineat
604 2379 734 2441 ordinem
750 2382 925 2441 multitudini
939 2384 1095 2458 imponere,
1112 2386 1141 2445 ui

101 2469 172 2542 legis
186 2474 305 2527 naturae
319 2466 465 2541 praecipit.
482 2468 515 2524 lit
530 2481 595 2525 uero
610 2466 777 2539 qudquida
792 2466 846 2523 Deo
862 2482 911 2539 per
926 2466 1017 2539 legem
1032 2476 1146 2527 natura·

101 2552 159 2612 lem
173 2553 339 2627 paecipitur,
354 2552 549 2611 immediatae
568 2552 624 2609 Deo
638 2555 694 2622 ast3
711 2549 852 2623 siquidem
867 2550 984 2627 rationis
999 2552 1141 2611 dictamen

101 2640 176 2713 quod
186 2640 347 2712 intercedit,
365 2654 420 2696 non
432 2653 463 2696 se
477 2636 562 2694 habet
576 2642 607 2694 ut
622 2651 719 2708 cansa,
736 2636 786 2693 sed
801 2650 878 2693 mere
893 2641 925 2693 ut
940 2650 1100 2708 proponens
1116 2642 1144 2694 el

100 2723 228 2783 referens
241 2725 368 2797 supremi
379 2722 546 2794 legislatoris
556 2721 772 2795 pmeseriptum.
786 2720 856 2793 Ergo
866 2735 1000 2793 suprema
1009 2726 1142 2794 potestne,

103 2812 197 2880 utpote
212 2824 285 2880 unae
299 2808 336 2865 ad
351 2807 464 2865 ciuilem
479 2806 644 2865 societatem
659 2806 820 2865 habendam
837 2805 924 2864 aDeo
935 2806 1147 2879 praecipitans

101 2890 158 2948 Deo
172 2892 334 2949 immediate
349 2892 485 2965 procedit.
509 2917 512 2922 ·
968 2886 972 2895 '

137 2976 211 3033 Haec
225 2975 338 3047 veritas,
355 2992 441 3049 quam
456 2976 527 3033 ratio
542 2976 726 3049 demonstrat,
739 2992 756 3033 a
770 2975 837 3035 Fide
849 2976 934 3035 eliam
946 2975 1143 3035 confirmatur.

103 3058 203 3132 dperte
217 3059 345 3119 enimait
358 3060 518 3133 Apostolus:
531 3060 596 3118 Non
610 3069 650 3119 est
662 3061 966 3135 praeordinatorium
982 3077 1058 3135 quoa
1069 3061 1148 3119 enirn

104 3159 124 3200 a
138 3143 192 3199 Deo
211 3152 281 3202 mont
300 3143 456 3202 ordinatae
468 3151 548 3201 suaet.
570 3144 670 3219 Igitur
686 3146 741 3219 qui
760 3146 869 3203 retulit
886 3145 1030 3219 potestati,
1043 3144 1148 3201 Drior-

103 3226 251 3285 dinotioni
269 3229 392 3303 resistit·
411 3230 466 3304 qui
484 3238 585 3289 autem
603 3230 756 3303 emittunt,
775 3230 834 3305 ipsi
853 3230 910 3288 ribi
925 3229 1148 3289 tiunruntionom

105 3313 267 3386 acquirunt
283 3316 307 3371 ⁴.

150 3572 162 3621 l
182 3574 217 3624 Aci
234 3576 347 3625 Romanor
361 3593 380 3624 e.
398 3574 421 3621 d.
