2767 4492
522 373 600 464 runis
620 419 762 488 aare*
1109 408 1163 465 {aa

120 518 154 566 oe
163 507 259 564 utatur
272 501 309 562 ad
318 516 399 563 suam
413 501 623 562 observantiam
633 495 797 562 etatudium
806 517 874 578 erga
882 506 972 566 Deum
980 508 1163 567 manifestan-

120 589 198 649 dum.
214 589 285 648 iiiuc
300 589 436 648 instinctu
450 595 478 647 ot
493 588 602 647 ratione
617 589 783 662 propellitur
797 590 888 648 adres
903 592 1022 651 sensiles
1037 608 1088 667 pre
1104 594 1162 652 cul·

120 679 150 733 tu
165 674 262 733 divino
277 673 453 746 adhibendas
464 679 491 732 et
508 673 688 748 potissimum
703 675 740 731 ad
755 675 816 732 dies
830 675 917 734 festos
931 677 1120 736 instituendos
1134 683 1163 736 et

120 758 224 832 templa
239 765 267 819 et
281 775 345 818 aras
367 776 416 833 pro
438 759 534 817 divino
556 759 664 818 honore
683 758 865 817 dedicandas.
883 759 1048 818 dum'eninr
1065 777 1162 820 reruur

119 843 310 902 materialium
320 845 469 917 generaad
484 844 555 902 duas
573 845 723 917 praecipue
734 844 892 917 categorias
902 852 1080 918 revocentur,
1093 854 1161 903 tcut-

118 943 174 1002 pur
190 935 219 987 et
231 930 381 1004 spadum,-
396 931 545 1002 utriusque
567 936 676 1002 parturn
697 929 822 1002 aliquam
837 929 893 988 Deo
913 929 1081 986 sacrandam
1099 945 1162 988 esso

115 1013 262 1086 iutelligit,
279 1015 360 1072 cuius
375 1015 405 1072 iu
420 1014 526 1072 ditione
542 1021 585 1072 ost
600 1021 702 1072 natrua
717 1014 866 1085 universa,
883 1020 912 1072 et
926 1015 963 1072 ad
981 1013 1063 1072 cuius
1080 1029 1160 1085 prae-

119 1099 232 1156 conium
244 1105 300 1157 tota
310 1108 416 1172 quantu
428 1105 471 1156 est
481 1114 577 1156 rerum
593 1107 752 1157 areolarum
763 1099 890 1158 collectio
900 1114 1056 1158 consonare
1065 1098 1158 1156 debet.

153 1183 197 1241 84.
212 1184 245 1240 dt
258 1184 370 1256 inquies
386 1199 451 1240 curn
467 1183 614 1241 Thomasic
630 1183 719 1242 Deum
735 1189 854 1242 externo
868 1185 946 1241 cultu
961 1183 1081 1241 minime
1096 1198 1160 1255 egc-

116 1283 157 1326 re.
175 1267 289 1338 Deinde,
307 1267 331 1324 si
346 1267 419 1324 iuter
435 1267 564 1325 homines
579 1276 698 1326 externa
713 1269 795 1340 sigua
810 1268 991 1340 laudationis,
1007 1267 1161 1325 inuocatio-

116 1351 170 1422 uis‚
183 1351 337 1423 gratiarum
354 1351 473 1409 actionis
485 1352 645 1410 neccssaria
661 1359 741 1423 suut3
753 1353 782 1410 id
790 1360 938 1426 propterea
951 1351 1022 1423 lieri,
1034 1351 1102 1424 utria
1113 1350 1162 1408 ltu-

115 1435 208 1492 mincs
223 1433 349 1494 internos
363 1436 451 1494 animi
467 1452 568 1495 sensus
584 1453 640 1494 nun
656 1436 866 1509 introspiciunt.
883 1438 917 1505 ut
931 1437 1005 1495 Deus
1019 1440 1160 1493 scrutator

116 1526 162 1586 est,
173 1520 311 1592 cordium,
329 1535 362 1578 ac
379 1521 496 1594 proinde
512 1523 557 1580 iris
572 1522 753 1580 adminiculis
767 1538 823 1580 non
838 1522 961 1580 iuuatur.

151 1604 233 1678 Resp.
251 1605 288 1664 Ne
303 1606 415 1665 interno
431 1608 546 1680 quidem
560 1609 639 1666 cultu
654 1608 728 1666 Deus
746 1607 864 1680 indiget.
881 1608 953 1680 Ergo
973 1607 997 1665 si
1018 1604 1161 1664 Thomasii

114 1687 186 1748 ratio
204 1689 319 1762 ualeret,
336 1689 373 1772 ab
389 1691 442 1749 troc
457 1691 541 1750 etiam
560 1692 761 1750 abstinendum
776 1691 886 1751 homiui
901 1696 984 1750 esset.
1003 1691 1057 1749 Sed
1072 1695 1103 1746 ur
1118 1689 1160 1747 di-

114 1780 223 1832 rectum
239 1789 406 1847 responsum
416 1777 526 1850 demur,
540 1777 661 1835 dicimus
677 1777 748 1835 falso
764 1777 909 1850 supposito
920 1777 1103 1835 Tiromasiunr
1116 1774 1164 1832 iu«

113 1857 176 1929 niti,
193 1858 330 1916 nimirum
345 1861 419 1934 qrrod
435 1875 472 1919 ex
487 1861 647 1933 indigentia
663 1861 788 1934 quadarn
802 1861 899 1918 divina
913 1861 1058 1920 derivetur
1073 1865 1106 1917 ut
1119 1860 1161 1917 ol·

114 1942 188 2000 ficiis
198 1959 266 2016 erga
281 1943 369 2002 lleunr
380 1944 600 2018 adstringamur.
619 1947 697 2013 Quod
709 1962 767 2006 non
781 1951 826 2004 est
839 1947 896 2018 ita;
913 1946 987 2004 Deus
1002 1945 1081 2004 cuim
1095 1943 1159 2001 uul-

113 2026 142 2084 la
154 2042 186 2085 re
200 2034 273 2100 eget.
283 2028 345 2088 ,Sed
360 2031 491 2102 quamvis
506 2031 612 2088 nullius
627 2031 669 2089 rei
686 2031 723 2088 sit
737 2031 869 2104 indigus,
886 2039 996 2098 taruen,
1013 2031 1080 2104 quia
1094 2044 1159 2102 pro-

113 2111 190 2169 visor
203 2119 246 2170 est
259 2121 352 2170 rectus
367 2121 395 2171 et
410 2114 648 2186 sapientissimus,
661 2116 793 2173 ordinem
808 2115 897 2174 iubet.
916 2117 988 2174 Ordo
999 2121 1096 2174 auteur
1106 2130 1156 2172 ex·

113 2196 200 2270 quirit
218 2202 249 2253 ui
263 2196 348 2255 lrumo
360 2197 479 2254 ‘cultum
498 2206 650 2256 externum
671 2215 736 2256 ctuu
757 2200 870 2258 interno
889 2200 1054 2273 coniungat.
1075 2199 1157 2256 Hunc

113 2281 200 2354 igitur
214 2280 275 2338 vult
288 2281 378 2354 oeus,
400 2298 457 2340 non
476 2293 507 2340 ut
524 2283 650 2355 aliquanr
673 2284 824 2342 utilitatem
844 2285 910 2343 inde
926 2286 1036 2358 capiat,
1054 2285 1104 2342 sed
1123 2290 1156 2340 ul

113 2365 198 2424 lrurno
224 2363 352 2422 debitum
375 2381 460 2424 suutn
479 2372 605 2440 praestet
625 2373 652 2426 et
676 2367 757 2426 iuxta
783 2368 1002 2428 conuenientem
1025 2368 1157 2426 ordinem

113 2453 252 2523 operetur.

147 2537 235 2610 Atque
250 2537 320 2596 lraec
331 2539 476 2613 responsio
492 2539 572 2599 alteri
583 2540 670 2598 etianr
685 2541 862 2599 difficultatis
876 2540 950 2614 parti
964 2540 1157 2610 aptaturlt‘on

112 2621 189 2680 onim
201 2629 231 2679 ut
243 2622 315 2682 Deus
326 2639 377 2696 per
391 2625 533 2684 exteriora
543 2627 625 2699 signa
635 2625 763 2684 internos
773 2626 863 2683 animi
877 2622 967 2681 nostri
978 2629 1057 2680 actus
1068 2637 1154 2692 ague—

112 2713 189 2780 scat,
207 2709 257 2766 sed
274 2715 304 2766 ut
318 2725 369 2768 nus
385 2709 466 2768 iuxta
481 2711 610 2768 urdineur
626 2717 746 2768 naturae
768 2724 935 2781 operemur,
952 2707 988 2764 ad
1003 2712 1155 2764 externum

111 2792 219 2850 cultunr
234 2794 290 2850 Deo
305 2793 500 2851 exiribeudutn
516 2795 730 2866 adstringimur.
747 2793 833 2863 quue
848 2793 917 2848 adeo
933 2806 1033 2848 uerum
1048 2797 1106 2862 esl;
1123 2796 1156 2847 ut

110 2876 242 2948 princeps
257 2877 343 2933 etiam
358 2877 517 2948 humanus,
536 2879 588 2935 elsi
604 2879 728 2948 tingatur
742 2875 857 2933 aliunde
878 2880 1027 2947 perspecta
1047 2875 1155 2933 hahere

110 2967 175 3018 uota
190 2960 369 3018 subditorum
385 2961 530 3032 animique
546 2961 730 3032 absorpturum
749 2967 844 3016 tanreu
858 2965 991 3018 externas
1014 2975 1112 3033 preces
1127 2967 1155 3017 et

110 3044 192 3116 signa
206 3043 381 3102 reverentiae
397 3044 433 3099 alt
448 3043 551 3100 iisdem
565 3044 627 3100 iuro
643 3043 749 3114 exiget.
768 3043 824 3101 Etsi
840 3044 917 3102 enirn
932 3044 962 3102 in
974 3059 1008 3102 ea
1018 3044 1155 3117 hypothe-

109 3130 134 3186 si
148 3129 230 3201 sigua
243 3127 292 3185 itta
310 3127 469 3185 necessaria
487 3143 544 3185 non
567 3134 662 3185 esseut
676 3129 712 3184 ad
728 3127 859 3186 notitiam
878 3129 967 3186 ullam
986 3143 1153 3202 comparau-

109 3213 185 3285 drm,
197 3212 408 3285 requirerentur
421 3218 513 3270 tarnen
529 3213 564 3270 ad
579 3211 720 3285 integrunt
735 3213 914 3288 obsequium,
928 3213 1011 3287 quale
1026 3230 1043 3272 a
1057 3213 1153 3271 subdi·

110 3298 145 3355 tis
160 3297 297 3372 praestari
311 3295 403 3368 dehet,
420 3296 543 3370 principi
559 3297 767 3356 cxlrilraudum.

144 3381 232 3441 Obiic.
245 3381 276 3440 ll.
294 3381 394 3440 deutra
404 3383 543 3441 rationem
559 3399 595 3440 ux
611 3383 743 3442 societate
759 3385 939 3458 desumptam
953 3384 995 3444 sic
1009 3385 1091 3458 argui
1103 3402 1152 3458 po·

109 3472 163 3526 test
174 3483 210 3526 cx
225 3467 325 3525 eodem
340 3467 507 3525 Tironrasio:
526 3468 649 3526 Societas
664 3467 791 3527 lrunraua
805 3470 936 3543 uitaeque
952 3471 1151 3543 tranquillitas,

108 3551 220 3610 etiamsi
236 3550 328 3609 cultus
343 3556 479 3610 externus
495 3552 748 3626 praetermittun,
765 3569 815 3628 per
831 3569 861 3613 sc
876 3560 905 3613 el
918 3555 1078 3613 necessario
1093 3571 1152 3614 uon

107 3636 361 3695 laeditur'Deinde
377 3637 470 3694 cultus
480 3637 566 3696 huius
577 3638 642 3696 linis
657 3645 701 3696 est
714 3638 859 3722 beatitudo
869 3645 993 3714 aeterna,
1007 3640 1073 3698 linis
1087 3655 1152 3698 con-

40 3719 51 3726 '
109 3725 153 3776 tra
167 3720 308 3780 societatis
328 3721 470 3780 humanae
489 3721 607 3780 solicitos
630 3724 808 3796 temporaria.
829 3724 900 3796 Ergo
921 3739 987 3782 cunr
1002 3723 1151 3798 utriusque

109 3801 175 3860 finis
189 3804 226 3861 sit
239 3805 377 3878 diuersus
396 3821 470 3864 uuus
485 3807 519 3864 od
536 3806 624 3864 alium
639 3823 696 3865 uun
709 3814 752 3865 est
766 3809 952 3868 necessarius.

144 3886 226 3958 Resp.
244 3889 275 3946 lu
289 3891 389 3962 prioris
405 3897 602 3964 argumentum
618 3908 634 3950 a
649 3892 731 3950 nuliis
745 3909 803 3951 nou
817 3893 884 3953 indo
899 3895 1080 3970 desumptum
1096 3901 1147 3968 est,

106 3971 184 4050 quod
200 3970 293 4034 uultus
308 3979 444 4041 externus
459 3975 635 4049 necessarius
653 3977 688 4038 eit
709 3978 836 4041 societati
855 3978 1020 4044 retinendae
1041 3987 1069 4042 et
1083 3996 1149 4043 con·

924 4066 954 4157 t
