2767 4492
483 357 537 402 seu
552 357 726 404 onuocoum
1078 346 1122 405 lt'rl

114 441 193 500 llaec
207 440 331 500 delirans
343 441 439 514 opinio
452 441 520 500 inde
534 443 727 516 ortavidetur,
744 443 819 517 quod
832 443 937 503 Lockio
946 447 1128 518 perspectum

78 541 138 586 non
152 526 240 584 fucrit
254 541 354 584 verum
377 525 532 584 discrimen
552 528 629 585 inter
643 541 760 585 sensum
782 533 810 586 et
830 529 1022 601 intellectum,
1043 529 1125 588 cuius

78 619 121 670 est
135 608 224 670 solius
238 612 377 670 essentias
387 611 534 684 attingere.
552 615 577 669 t.
592 611 652 680 Oua
666 612 810 670 adstructa
824 613 1003 684 ignorantia,
1020 615 1127 672 miran-

77 696 147 752 dum
162 695 246 768 plane
260 711 319 754 non
333 701 392 768 eet,
413 695 437 754 si
453 695 587 770 deinceps
603 695 724 753 dubium
739 695 774 754 de
790 698 976 769 possibilitate
991 698 1130 758 utatcriae

77 779 230 852 cogitantis
244 779 361 838 inducat
375 796 412 838 ex
427 795 469 851 eo,
486 781 561 852 quod
577 779 714 837 materiae
734 782 886 840 essentium
901 799 959 840 non
975 799 1127 856 cognosca-

76 878 150 922 mus.
167 865 272 923 Verum
295 879 375 924 error
395 864 536 922 eiusmodi
551 866 621 936 (quo
637 863 814 936 pestilentior
834 866 930 924 nullus
945 867 974 924 in
991 868 1125 925 scientias

73 953 168 1019 potest
180 948 292 1021 invehi)
307 948 471 1023 eripiendus
486 949 603 1006 omnino
618 955 675 1017 est,
693 953 789 1022 utpote
803 949 852 1021 qui
874 961 901 1008 ct
918 951 1122 1025 experientiae,

73 1039 102 1090 ct
116 1034 222 1094 radoni
237 1035 315 1094 otiis
329 1035 433 1106 etiam,
451 1050 524 1110 quac
540 1033 660 1092 Loeliius
675 1033 819 1106 concedit,
837 1042 976 1108 repugnat
990 1039 1125 1096 maxime.

110 1118 146 1176 llt
158 1134 227 1177 saue
241 1119 419 1193 experientia
429 1124 542 1176 constat
557 1133 615 1176 non
633 1133 717 1190 saepe
733 1117 778 1174 tel
789 1117 975 1192 intelligentia
986 1121 1028 1179 tel
1045 1121 1128 1179 resti·

70 1202 189 1273 gationc
204 1204 249 1261 vel
263 1203 414 1262 ratiocinio
436 1203 467 1260 in
482 1203 593 1274 aliquos
607 1200 742 1258 devenire
761 1208 929 1274 conceptue,
946 1205 995 1276 qui
1011 1205 1128 1278 physico

70 1301 174 1344 rerum
189 1287 392 1344 nonnullarum
413 1283 616 1342 constituentia
637 1283 706 1340 satis
721 1282 797 1340 clarc
819 1289 847 1340 et
868 1285 999 1343 distincte
1014 1303 1125 1360 reprae-

67 1375 201 1441 scutant,
213 1375 243 1426 et
252 1370 356 1440 quibus
367 1368 469 1424 allatae
484 1366 615 1439 superius
630 1366 772 1423 esseutiae
782 1367 1128 1440 delinitionescougnumt

66 1451 264 1511 adamussim.
283 1452 328 1509 Sic
343 1450 434 1522 notio,
455 1464 528 1523 quae
543 1448 689 1507 hominem
714 1449 830 1508 exhibet
851 1455 882 1506 ut
901 1451 1090 1508 substantiam
1111 1467 1127 1510 e

67 1550 196 1607 corpore
214 1535 348 1606 organico
367 1541 451 1608 atque
470 1533 566 1590 animo
584 1533 759 1604 intelligente
782 1541 810 1592 et
831 1533 1013 1592 immateriali
1038 1534 1127 1594 coale-

69 1625 214 1689 scentem,
227 1618 272 1675 vel
287 1624 318 1675 ut
333 1617 439 1676 animal
450 1618 559 1676 radone
574 1617 750 1690 praeditum3
768 1618 797 1676 id
809 1623 1123 1694 reverareprnescntat,

70 1703 151 1777 quod
172 1701 320 1760 hominem
338 1701 571 1760 indeterminato
594 1702 704 1760 entium
724 1703 813 1774 gradu
833 1718 850 1761 a
869 1703 971 1760 ceteris
990 1702 1123 1762 distincto

71 1787 238 1856 constituit,
256 1791 284 1843 ct
294 1786 357 1845 fons
371 1785 457 1844 veluti
470 1792 526 1858 est,
541 1801 577 1844 ex
588 1803 644 1861 quo
659 1786 769 1858 reliqua
779 1785 903 1845 hominis
918 1787 1054 1846 attributa
1064 1804 1124 1846 sca·

72 1871 194 1930 luriunt.
218 1871 297 1932 Idem
311 1870 423 1930 dicatur
437 1871 472 1932 de
487 1876 642 1946 conceptu,
664 1887 721 1946 quo
735 1872 841 1930 animal
857 1873 997 1946 cogitatur
1011 1877 1043 1932 ut
1057 1874 1121 1932 suh

74 2104 84 2124 ·
100 2084 175 2130 celion
189 2083 244 2129 d’nn
259 2087 305 2130 mot
319 2099 359 2146 per
375 2083 486 2146 plusieurs
499 2088 580 2132 444444.
596 2105 605 2126 ι
623 2085 709 2134 14444444
723 2086 799 2133 statuit
818 2086 878 2132 ideas
892 2084 1004 2146 generales
1019 2101 1062 2132 non
1077 2101 1124 2134 csse

69 2159 115 2205 nisi
132 2159 243 2221 simplices
257 2159 413 2221 productiones
427 2161 508 2207 mentis
522 2167 610 2207 nostrae
624 2161 667 2224 (ᾗ.
680 2161 707 2206 44
720 2161 736 2224 4.
757 2183 766 2204 4
779 2161 899 2208 14444444
913 2178 956 2223 qne
967 2177 1022 2207 nous
1031 2161 1127 2208 lsisuous

77 2257 87 2276 ο
105 2240 119 2282 h
134 2243 183 2299 pert
196 2237 229 2283 les
244 2237 401 2300 perticulicrs5
417 2237 449 2284 les
463 2241 580 2300 46444444,
592 2239 630 2300 qul
645 2243 736 2299 4444444,
750 2254 778 2284 no
793 2243 843 2284 sont
857 2254 899 2300 quc
914 2238 952 2284 4444
967 2239 1057 2300 simplos
1071 2255 1125 2302 pro·

7 2334 8 2337 ¹
73 2335 83 2356 ι
102 2314 205 2360 ductione
220 2314 247 2360 de
263 2320 325 2361 notre
339 2315 426 2377 esprit,
444 2315 499 2361 dont
512 2315 534 2360 lu
548 2320 626 2362 nature
641 2315 741 2376 44444414
756 2316 778 2361 u’
790 2321 822 2362 444
837 2322 898 2362 sutre
912 2314 977 2360 chose
995 2331 1037 2376 que
1051 2315 1073 2359 le
1087 2329 1126 2360 cs-

72 2413 83 2431 ·
101 2391 175 2454 puelle
188 2407 230 2452 qne
244 2391 417 2438 l’entendement
430 2391 479 2438 leuc
494 2392 665 2455 communique,
681 2392 708 2438 cle
723 2392 821 2453 siqniher
836 2409 863 2438 ou
880 2392 906 2438 414
920 2394 1059 2453 representer
1073 2389 1126 2450 plu-

72 2489 82 2508 ·
100 2467 173 2513 sieurs
188 2467 332 2528 perticuliers.
353 2488 361 2508 ι
379 2467 435 2513 Tum
451 2484 577 2531 progressus
597 2467 689 2514 ulterius
709 2469 739 2514 eit
758 2467 862 2515 essentias
878 2466 909 2512 nil
925 2482 972 2512 esse
986 2463 1046 2511 eliud
1061 2478 1126 2524 quem

69 2543 132 2604 ipsus
147 2541 207 2588 ideas
222 2542 340 2588 abstructus
355 2541 398 2606 (δ
416 2543 446 2588 42
457 2543 474 2606 4.
495 2562 503 2586 ι
521 2543 581 2589 ll’oir
601 2543 617 2588 il
636 2544 707 2606 paruit
726 2543 853 2590 claircmcnt
872 2559 915 2605 que
934 2542 965 2587 les
980 2555 1079 2586 cssenccs
1094 2538 1121 2585 444

72 2639 82 2659 ι
99 2617 184 2681 chaque
198 2622 274 2682 espcce
288 2619 316 2666 de
331 2618 395 2666 chose
410 2613 438 2665 ne
452 2624 504 2664 sont
514 2635 556 2682 qne
568 2631 606 2666 ces
621 2619 681 2665 idias
696 2619 817 2666 absimiles.
834 2641 842 2660 ι
860 2619 941 2674 Quarto
955 2617 1056 2678 adiungit
1070 2615 1123 2661 cluss

68 2709 155 2756 species
174 2709 238 2756 posse
257 2710 304 2741 4444
318 2694 393 2741 eedem
412 2695 498 2742 ratione
516 2711 584 2742 unum
603 2701 688 2742 4444444
704 2697 816 2757 speciem,
833 2695 960 2741 4444441444
975 2693 1073 2740 diverses
1088 2708 1125 2738 44-

68 2770 156 2816 444ίὶ44
169 2776 262 2832 possunt
275 2787 322 2817 4444
335 2772 430 2817 44444444
449 2771 516 2817 unius
535 2771 616 2832 speciei
632 2771 675 2832 (§.
688 2771 719 2815 tu
731 2771 748 2829 ).
769 2791 777 2810 a
796 2771 835 2814 Car
856 2769 911 2814 deus
926 2773 1013 2830 cspcccs
1029 2772 1124 2829 pensent

72 2865 82 2886 ι
98 2850 147 2890 etro
160 2859 212 2890 4444
225 2851 302 2891 suunt
317 2845 345 2892 cle
358 2845 486 2892 laudement
504 2861 548 2892 unc
562 2845 623 2892 seule
638 2847 734 2905 cephae,
751 2859 793 2904 que
808 2843 863 2888 aleus
885 2843 1011 2887 diildrentcs
1026 2855 1124 2886 essences

72 2939 81 2960 ι
98 2924 196 2982 peuvenl
210 2925 257 2966 4444
269 2920 377 2966 l'essettee
386 2920 454 2966 cl'une
465 2920 525 2966 seule
538 2922 623 2980 espece.
636 2937 645 2956 ι
657 2917 745 2970 Quinto
756 2916 872 2961 essentium
887 2916 981 2976 partitur
996 2915 1018 2958 iu
1033 2913 1123 2974 realem,

67 3012 135 3058 quum
149 2994 285 3042 conludere
299 2995 390 3040 omnino
404 2995 491 3040 ridetur
505 3009 555 3038 cum
570 2993 628 3037 entis
643 2990 758 3035 existentis
774 2991 780 3050 4
794 2989 820 3050 §.
833 2989 864 3036 45
876 2990 883 3050 4
898 3009 932 3050 ,··
946 2991 1123 3050 premldrcmcut,

71 3091 80 3112 ι
97 3071 208 3118 l'esscnne
222 3072 276 3128 peut
289 3082 313 3113 44
327 3068 422 3128 prendre
436 3082 492 3128 pour
506 3067 528 3110 lu
543 3080 623 3126 propre
633 3064 743 3109 existence
757 3063 783 3108 dc
799 3063 881 3125 chaque
896 3064 972 3126 choso3
990 3085 997 3105 ι
1016 3069 1038 3109 44
1052 3063 1126 3108 nerui·

70 3146 155 3206 nalem,
172 3157 238 3204 44444
253 3146 279 3187 44
291 3157 377 3186 merum
395 3141 525 3201 figmentum
543 3138 720 3185 scholasticorum
741 3138 836 3184 traducit
856 3139 929 3202 (ibid.
939 3139 956 3201 4,
976 3161 985 3182 a
1003 3155 1030 3185 cn
1046 3137 1126 3183 secuml

71 3244 80 3260 .
96 3222 153 3283 lico,
170 3219 192 3263 lu
207 3216 306 3264 doctrine
321 3215 359 3262 4444
373 3216 443 3262 eccles
457 3215 537 3262 s'itsnt
547 3215 590 3260 loct
603 3216 678 3260 444444
693 3229 731 3260 sur
745 3215 766 3260 lc
776 3229 846 3274 peuce
861 3219 882 3260 ct
897 3214 988 3274 l'espcre
1003 3214 1040 3276 qui
1056 3229 1068 3275 p
1085 3217 1123 3259 ent

71 3321 80 3335 ·
98 3301 134 3342 444
148 3295 171 3340 14
184 3294 243 3356 sujct
256 3292 284 3339 tle
298 3293 349 3339 bien
364 3291 403 3339 des
416 3296 482 3353 mois,
498 3291 520 3337 le
534 3295 580 3336 mot
594 3292 704 3338 d'eescrtce
718 3306 730 3337 4
746 3294 838 3354 presque
850 3291 918 3354 perclu
933 3307 956 3336 su
970 3287 1077 3352 premiere
1092 3289 1125 3334 sl-

72 3394 81 3412 ·
99 3371 237 3434 qnlhcution²
255 3375 277 3418 44
290 3371 376 3417 cullen
390 3369 419 3418 tle
432 3369 533 3431 designer
549 3369 571 3414 le
586 3369 729 3415 constitution
740 3370 806 3416 444414
821 3369 859 3416 (los
874 3369 958 3440 choses]
975 3367 991 3412 il
1006 3383 1018 3413 4
1031 3369 1125 3429 prdsquc

72 3471 81 3490 ι
100 3453 135 3495 eti·
149 3449 293 3495 entierement
307 3447 411 3510 epplique
426 3450 440 3494 lt
453 3446 475 3493 lr
485 3446 629 3493 constitution
645 3445 767 3492 ertihciellc
782 3446 811 3492 du
825 3461 896 3505 perere
910 3451 932 3491 et
948 3443 975 3489 dc
993 3442 1096 3503 l'sppdcc.
1112 3460 1121 3481 4

68 3525 184 3570 Postremo
197 3509 310 3570 concludit
323 3523 429 3570 essentias
443 3522 514 3570 444444
528 3521 592 3568 nohis
606 3537 654 3568 4444
668 3521 753 3582 ignotas
769 3520 814 3584 (ὃ.
831 3522 860 3566 48
869 3519 886 3584 4.
907 3541 915 3562 ι
933 3521 961 3566 Et
970 3524 1026 3566 44444
1036 3516 1121 3564 consti-

71 3620 81 3640 ·
100 3600 173 3645 tration
183 3615 239 3646 nous
253 3599 424 3662 collocandus,
440 3600 468 3646 de
482 3605 540 3646 sorte
554 3615 596 3660 que
611 3599 670 3644 n'en
685 3603 752 3660 spent
767 3599 829 3660 point
844 3596 938 3658 d'irlee,
958 3611 1013 3642 nous
1029 3591 1123 3640 n'svons

73 3697 83 3715 α
101 3677 168 3738 point
182 3676 209 3721 de
224 3691 276 3722 nom
290 3676 329 3738 qui
343 3691 372 3722 44
386 3677 430 3722 4444
443 3677 464 3722 14
479 3677 549 3737 signe.
570 3697 578 3716 ι
668 3665 672 3670 ”
830 3669 839 3678 ’
1206 3665 1207 3668 ¹

119 3753 246 3798 Portentum
266 3767 319 3798 4444
337 3751 468 3814 doctrinae,
484 3752 543 3813 quod
564 3753 612 3798 iuro
630 3751 717 3814 peperit
736 3749 817 3798 Loclio
835 3749 981 3812 ceolredus,
997 3745 1122 3810 quihussd

68 3827 157 3876 coelum
171 3843 240 3890 usque
250 3827 324 3889 elapso
338 3828 424 3874 4444414
435 3832 521 3874 4444444
536 3827 586 3873 4444

118 3903 130 3948 4
144 3905 217 3952 noce
226 3907 325 3966 4444444
334 3905 399 3954 oceli
409 3909 509 3954 saturos
523 3917 615 3953 4444444
630 3918 721 3954 reem.
733 3905 861 3952 luceamus
875 3905 910 3952 De
925 3917 1008 3952 rerum
1021 3906 1118 3950 solers.

895 3978 913 4038 8
