2767 4492
224 339 243 407 t
636 353 866 402 rnimtonroues

253 441 281 502 d.
297 437 371 502 nino
384 443 464 516 patet
477 439 548 516 orriri
562 439 598 502 de
611 441 734 500 utilitate
751 439 839 500 huius
858 436 1027 519 disciplinae
1047 435 1203 499 dicendum
1222 437 1270 500 sit.

218 527 291 588 Nom
305 523 331 586 si
344 525 525 600 philosophia
545 539 724 600 supremam,
740 525 818 584 intra
835 528 955 583 naturae
977 523 1102 596 limites,
1120 522 1273 584 scientiam

218 612 368 686 impertae
384 609 544 669 siscientia
562 609 671 673 bonum
685 608 848 668 intellectus
861 612 920 682 est;
936 607 963 668 si
976 607 1046 667 utile
1064 607 1171 667 dicitur
1191 608 1272 683 quid-

215 694 286 769 quid
299 693 410 754 bonum
424 693 522 753 uliert:
537 707 623 754 nemo
637 707 697 753 non
709 692 788 752 ridet
801 691 1015 767 philosophiam
1027 689 1213 752 utilissimam
1226 707 1271 751 es·

215 793 248 839 se
263 777 459 838 iudicandam.

249 862 400 922 Praeterea
414 862 501 923 homo
516 862 552 923 ad
566 862 775 923 beatitudinem
792 862 892 937 tendit,
908 863 1084 937 honesteque
1101 862 1267 936 vivendum3

213 961 251 1006 ex
267 962 324 1022 quo
339 951 436 1006 tamen
450 947 601 1022 perversis,
613 963 686 1022 quae
701 945 833 1008 sensibus
846 948 988 1020 oriuntur,
1003 946 1208 1020 cupiditatibus
1220 948 1269 1006 de

216 1035 349 1092 terretur.
367 1033 459 1100 Quare
473 1037 506 1092 ut
519 1047 609 1108 equos
629 1031 819 1092 domitoribus
833 1032 924 1106 tradi,
940 1032 983 1092 sic
997 1031 1065 1092 euni
1078 1031 1269 1092 eilraenotum

216 1116 307 1175 animi
325 1117 598 1191 perturbationibus,
614 1117 646 1176 in
660 1132 765 1193 gyrum
781 1117 870 1177 veluti
882 1116 1003 1176 rationis
1012 1121 1041 1176 et
1055 1116 1204 1176 doctrinae
1218 1117 1268 1175 du·

214 1199 243 1259 ci
257 1205 381 1275 oportet3
400 1205 431 1260 ut
443 1210 591 1277 perspecto
605 1201 663 1261 fine
677 1207 812 1260 ausona
824 1200 985 1276 proposito,
1000 1199 1129 1275 quidque
1143 1200 1201 1260 sibi
1218 1201 1267 1258 de·

214 1298 316 1344 corum
331 1285 369 1345 sit
383 1285 488 1360 prndve
503 1291 601 1360 turpe,
618 1287 655 1346 ad
668 1286 783 1346 virtutis
801 1301 933 1346 normam
950 1301 983 1346 se
1001 1299 1125 1360 suasque
1139 1284 1266 1344 cotiones

214 1371 361 1443 temperet.
374 1369 404 1430 ld
414 1375 511 1430 cutem
524 1370 555 1430 in
570 1375 690 1430 naturae
704 1370 805 1431 ordine
818 1370 883 1430 heri
893 1369 977 1430 aliter
985 1369 1095 1443 necuit,
1107 1368 1166 1428 nisi
1176 1368 1266 1428 homi·

180 1511 186 1518 .
212 1467 265 1513 nes
275 1457 389 1513 exstent
401 1455 616 1530 praecellentes,
629 1455 679 1530 qui
692 1455 866 1530 sapientiam
876 1456 981 1531 adepti,
993 1453 1077 1515 suani
1091 1459 1265 1514 oeterorum-

212 1549 268 1610 que
282 1537 372 1598 uitam
386 1553 538 1612 moresque
552 1537 733 1600 documenh's
747 1540 940 1600 accommodis
954 1540 1109 1600 informare
1123 1539 1263 1598 nitarthu.

248 1622 321 1690 Quid
335 1638 403 1682 vero
418 1625 523 1698 dicam,
540 1625 566 1685 si
583 1625 725 1700 homines,
741 1642 801 1687 non
813 1642 911 1702 perse
925 1630 1047 1700 tantum,
1062 1625 1113 1684 sed
1128 1631 1213 1700 prout
1225 1624 1265 1682 ci·

211 1705 330 1764 vitatem
343 1709 530 1785 constituunt,
541 1710 717 1784 cogitemus?
725 1711 873 1771 societatis
883 1711 1030 1787 perfectio,
1043 1710 1193 1784 civilisque
1203 1709 1264 1769 cul·

213 1792 259 1847 tus
273 1803 312 1848 ex
324 1791 510 1855 scientiarum
524 1795 686 1869 artiumque
696 1794 888 1870 explicatione
902 1794 1037 1868 resultat3
1053 1795 1157 1870 hisque
1166 1809 1259 1855 remo

213 1871 266 1946 tis,
282 1888 341 1934 non
355 1879 415 1936 tam
428 1877 581 1939 hominum
604 1879 803 1955 congregatio,
820 1895 908 1955 quam
921 1880 1017 1954 potius
1030 1879 1122 1940 lustra
1135 1880 1263 1939 terarum
1317 1936 1321 1945 .

212 1953 396 2018 haberentur.
413 1961 510 2037 loqu,
523 1968 593 2024 teste
603 1963 702 2037 Tullio,
718 1963 899 2040 philosophis
912 1969 957 2024 est
971 1963 1199 2024 wudoodorwm
1214 1979 1263 2022 or·

212 2039 290 2098 tium
305 2045 443 2104 mucium
460 2048 657 2124 procreatrix,
673 2057 701 2108 ct
716 2049 807 2125 quoti
822 2063 932 2124 parent
947 2051 973 2121 ⁴,
985 2047 1156 2123 disciplinae
1165 2052 1262 2107 autem

212 2129 339 2218 ceterae,
356 2129 563 2207 scientiaeque,
581 2133 625 2193 rel
643 2133 707 2193 eius
721 2138 788 2193 sunt
808 2138 905 2208 partes
919 2133 965 2192 rel
980 2132 1017 2192 sb
1036 2133 1100 2208 ipso
1114 2137 1261 2206 tamquam

210 2209 297 2269 rivuli
310 2227 348 2271 ex
361 2214 439 2276 tonte
448 2217 617 2278 couniunt.
632 2218 774 2278 llaximus
783 2218 872 2292 igitm
884 2231 955 2276 usus
966 2221 1010 2277 est
1018 2217 1214 2292 philosophiae
1223 2215 1261 2275 ad

211 2292 299 2353 froom
314 2298 574 2376 perfectionemque
593 2301 728 2375 civitatis,
744 2317 819 2376 quae
831 2301 950 2362 difficile
963 2301 1042 2360 dictu
1052 2307 1096 2360 est
1105 2305 1260 2376 quantope-

210 2389 242 2434 re
256 2391 294 2436 ex
307 2378 357 2438 illa
371 2381 528 2444 decoretur.
545 2386 728 2446 Potissimum
743 2387 775 2445 id
788 2385 943 2446 dicendum
957 2391 1001 2444 est
1014 2385 1051 2445 de
1066 2384 1185 2444 arteilla
1197 2398 1259 2442 ma-

210 2459 289 2521 xime
302 2464 411 2540 sociali,
426 2468 564 2529 nimirum
578 2470 751 2546 eloquentie,
767 2484 841 2546 quae
854 2469 970 2530 nonnisi
984 2485 1023 2529 ex
1036 2475 1150 2544 pectore
1169 2467 1260 2544 philo·

211 2544 327 2617 sophiae
341 2549 435 2624 pleno,
452 2557 598 2626 umquam
612 2554 722 2614 flumen
735 2569 866 2628 aureum,
882 2554 1017 2629 emmpit.
1034 2553 1161 2612 Proiecto
1180 2553 1259 2627 pn'n·

210 2641 277 2720 ceps
297 2629 345 2692 ille
362 2639 507 2696 oratorum
527 2638 634 2698 lollius
655 2639 798 2698 fatebatur
811 2654 842 2698 se
857 2637 996 2713 qudquid
1016 2636 1134 2713 polleret
1151 2637 1184 2697 in
1196 2641 1258 2696 orte

210 2710 341 2850 grecum,
358 2717 388 2777 id
408 2734 466 2779 non
479 2736 497 2779 o
511 2721 657 2782 rhetorum
678 2722 802 2798 scholis,
818 2723 870 2783 scd
883 2738 902 2782 a
915 2721 1073 2798 porticibus
1093 2721 1257 2782 academiae

232 2809 350 2860 ausmse.

241 2879 305 2975 lluc
327 2885 437 2948 accedit
451 2889 526 2964 quod
541 2891 565 2952 si
580 2907 627 2954 res
642 2893 761 2968 quaeris
775 2892 878 2953 iisdem
892 2892 987 2952 causis
1001 2896 1131 2952 serratm
1151 2889 1259 2951 incolu-

208 2977 264 3060 mis
282 2971 310 3026 et
324 2974 461 3048 augescit,
478 2976 583 3050 ouibus
597 2978 741 3053 gignitur3
756 2975 937 3053 respublicae
950 2975 1066 3037 nonnisi
1079 2990 1132 3050 per
1148 2979 1257 3035 rectam

200 3047 418 3128 philosophiam
436 3067 530 3121 sutae
543 3067 691 3137 tectaeque
706 3063 815 3123 serrari
828 3075 959 3136 novaque
973 3061 1159 3133 incrementa,
1175 3064 1257 3120 nahr-
1330 3071 1334 3079 ’

208 3146 257 3224 ¹3¹⁰
271 3150 373 3214 cursu,
390 3145 518 3204 nancisci
532 3155 664 3220 possunt,
682 3161 749 3207 cum
768 3147 805 3208 ub
819 3147 884 3223 ipso
903 3147 1037 3222 primitus
1056 3144 1256 3205 constabilitae

208 3221 267 3274 sint
281 3223 310 3277 et
326 3227 425 3298 eequis
443 3227 555 3303 legibus
569 3230 736 3291 instmctae.

245 3299 317 3398 Ouid
328 3305 431 3378 plura?
448 3311 512 3388 lpsa
525 3313 683 3374 orthodoxo
699 3322 728 3375 et
744 3313 971 3392 supernaturalis
983 3312 1109 3388 Religio,
1126 3312 1180 3374 etsi
1192 3311 1257 3388 phi·

207 3379 337 3480 losophta
350 3391 477 3456 absolute
493 3413 552 3458 non
565 3405 657 3474 egeat,
673 3414 709 3458 ea
723 3403 820 3460 tamen
832 3414 892 3459 non
901 3398 1084 3458 mediocriter
1093 3393 1253 3457 adiuvatur.

205 3465 386 3564 Philosophia
399 3479 478 3538 enim
492 3482 562 3542 dum
575 3483 626 3543 liei
640 3484 773 3543 notitiam
791 3484 963 3560 suppeditat,
983 3483 1132 3558 operitque
1147 3481 1253 3554 cilicia,

207 3554 312 3626 (imbus
326 3574 396 3634 erga
409 3577 572 3637 supremam
587 3567 717 3627 omnium
731 3583 849 3628 causam
863 3567 1056 3638 devincimus,
1074 3567 1193 3642 plenum
1206 3580 1255 3625 re-

202 3637 256 3698 luti
271 3641 307 3700 od
320 3641 418 3704 Fidem
436 3651 537 3710 sternit
554 3653 618 3712 iter.
637 3652 782 3728 itemque,
804 3668 871 3714 cum
886 3652 1041 3722 nonnullo,
1056 3666 1132 3725 (true
1146 3650 1254 3724 ReligiO
1378 3688 1379 3737 t

194 3723 303 3823 ¹tradit,
321 3730 445 3790 naturali
458 3733 571 3795 roboret
589 3736 825 3813 ratiocinatione,
836 3753 884 3799 ex.
900 3753 944 3814 gr.
960 3735 1051 3798 animi
1066 3734 1253 3811 spiritualita-

251 3905 263 3956 l
281 3909 316 3958 Do
330 3909 429 3967 craton
442 3911 482 3960 lib.
496 3915 514 3962 l.
