2767 4492
89 237 100 254 '
217 255 253 314 tl
424 271 435 290 ·
679 260 806 308 noctuas

175 420 177 426 ¹
214 347 679 424 resolripossint3qui0biect11m
699 347 740 405 ita
762 345 896 420 concipit,
921 350 954 404 ut
966 346 1057 421 possit
1076 360 1177 406 omnes
1198 346 1261 407 eius

214 435 393 495 characteres
408 432 568 505 enuntiare,
577 431 667 490 donec
677 429 715 488 ad
724 428 951 504 simplicissimos
959 428 1137 502 deponimur,
1149 431 1199 504 qui
1208 446 1262 505 per

214 519 286 578 alias
299 525 385 577 amtor
397 516 534 576 illustrari
548 530 607 574 non
620 514 752 587 debeant
769 514 794 572 is
815 514 1018 588 adaequatam
1034 513 1131 572 ideam
1152 514 1261 575 babere

214 601 329 675 dicitur;
347 616 429 660 secus
442 598 561 659 babebit
574 598 668 658 ideam
683 597 930 672 iaodaaquataot.

251 685 356 758 Madia,
374 699 446 759 quae
461 683 497 743 ad
511 684 590 743 ideas
605 699 642 741 ex
660 681 792 741 obscuris
806 683 914 755 caras,
929 685 958 740 et
967 697 1006 740 ex
1015 683 1145 758 masuris
1158 683 1262 744 dictito

214 779 276 829 ctas
290 769 435 828 iaciendas
445 768 567 840 valeant,
583 767 614 826 in
625 765 833 840 daliottiooaac
843 765 986 825 atostooc
993 767 1176 840 potissimum
1194 774 1261 828 sunt

215 855 316 928 posita3
334 855 369 913 de
384 853 488 928 mribus
500 851 621 927 proinde
635 851 664 910 in
682 851 740 909 fine
749 850 837 908 buius
850 849 952 924 capitis
965 850 1142 925 eloquemur.

250 943 340 1013 atque
353 954 392 997 ex
405 938 442 996 iis
454 935 594 1012 partibus,
609 950 683 1009 quae
703 934 895 994 diderentiam
919 933 1107 994 subiectiram
1120 941 1258 1010 spectant,

214 1023 454 1098 quemadmodum
468 1021 570 1080 divisio
589 1019 719 1079 idearum
732 1024 885 1094 repetatur,
897 1019 967 1077 satis
976 1018 1085 1077 dictum
1098 1025 1151 1093 est3
1168 1020 1260 1094 sequi-

216 1114 263 1166 tur
276 1112 309 1165 ut
322 1107 358 1165 de
372 1104 514 1165 obiectira
529 1105 660 1163 idearum
674 1103 848 1175 diversitate,
864 1101 1044 1162 ranimirum
1053 1117 1127 1176 quac
1137 1118 1174 1163 ex
1183 1103 1261 1163 oble

33 1170 40 1186 ⁸
121 1205 124 1214 ’
215 1191 269 1250 ctis
286 1189 455 1262 desumitur,
473 1188 626 1248 (beandum
640 1188 686 1248 sit.

251 1277 279 1334 l.
288 1276 354 1335 Idea
368 1275 463 1349 qrroad
477 1275 620 1334 obiectum
634 1274 813 1332 musiderata
820 1272 910 1332 dividi
922 1278 1024 1347 potest:

250 1359 353 1428 Primo,
370 1357 568 1434 inpositioaoa
583 1365 610 1416 ct
623 1357 804 1432 crepatioam.
827 1357 878 1416 illa
900 1358 943 1416 rei
967 1358 1125 1430 entitatem,
1141 1372 1188 1417 ex.
1214 1375 1257 1432 gr.

99 1439 103 1449 ’
212 1445 277 1503 idea
291 1444 430 1502 bominis:
446 1443 517 1501 haec
536 1442 805 1516 eiusnegationem
821 1457 869 1501 ex.
896 1457 938 1516 gr.
955 1441 1020 1500 idea
1039 1457 1100 1500 oola
1119 1443 1257 1517 homiliis,
1297 1489 1301 1492 .
1328 1475 1332 1478 ·

212 1532 415 1602 repraesentat.
431 1526 563 1585 latemur
573 1527 669 1585 amen
692 1524 729 1583 ab
746 1525 811 1585 idea
830 1526 969 1599 lupariae
982 1524 1141 1600 positivam
1155 1525 1260 1585 subau-

212 1613 276 1672 diri.
293 1612 395 1686 Nequit
408 1610 486 1671 enim
503 1610 624 1685 intelligi
638 1609 763 1684 negatio,
779 1610 837 1669 uisi
850 1610 890 1685 id,
903 1610 979 1684 quod
992 1614 1121 1683 negatur,
1137 1610 1176 1669 sit
1193 1617 1258 1672 ante

215 1702 406 1769 perspectum.
948 1746 953 1752 .
1094 1723 1097 1728 ·

249 1780 388 1854 Secundo,
405 1779 434 1838 io
445 1779 631 1854 siaputorcot
647 1787 673 1838 ct
687 1779 895 1839 universatem.
904 1779 984 1839 Prior
992 1780 1136 1839 obiectum
1145 1779 1260 1854 aliquod

209 1865 363 1940 siopulara
378 1869 406 1923 et
419 1864 623 1938 individuum,
635 1879 681 1923 cx.
698 1879 742 1938 gr.
759 1864 893 1936 Petrum·
907 1864 996 1923 altera
1008 1864 1186 1938 astorica,
1207 1879 1258 1923 seu

211 1949 330 2022 quadiu
344 1949 474 2022 pluribus
488 1949 681 2022 singularibus
696 1947 820 2008 inveniri
833 1953 934 2021 potest,
950 1949 1041 2007 menti
1051 1947 1142 2020 offert
1159 1963 1258 2022 quem-

211 2033 364 2091 admodum
384 2039 459 2092 esset
479 2033 544 2093 idea
568 2032 698 2091 leontinis
721 2033 756 2106 to
768 2047 870 2106 penae
887 2031 1074 2100 masidarati.
1094 2031 1155 2100 Oua
1171 2032 1204 2090 in
1225 2047 1258 2091 re

209 2116 419 2176 observandum
433 2121 476 2176 est
491 2117 595 2189 ideam,
613 2131 670 2190 quo
685 2123 730 2175 est
747 2116 916 2190 generalior,
932 2130 966 2175 eo
976 2130 1039 2175 esse
1053 2115 1258 2189 simpliciorem

209 2201 339 2274 notisque
353 2201 535 2274 paucioribus
550 2200 767 2259 coalescentem.
779 2201 869 2274 Atque
883 2199 1109 2282 ideo‘quantum
1132 2199 1195 2259 cius
1210 2215 1258 2259 cc·

211 2285 300 2343 tassio
316 2299 366 2344 seu
381 2285 538 2359 amplitudo
548 2290 677 2358 augetur,
691 2289 804 2343 tannim
815 2283 970 2343 remittitur
977 2283 1195 2358 muaprcbaosio
1204 2299 1257 2343 scu

210 2368 542 2441 complexionalem,
559 2367 664 2441 quibus
679 2366 825 2426 obiectum
840 2366 1055 2426 determinatur.
1068 2367 1113 2426 Sic
1126 2367 1193 2426 idea
1208 2367 1257 2427 bo

210 2451 302 2510 orinia
316 2452 412 2510 ideam
427 2451 569 2510 oraimalis
584 2450 839 2524 comprehensione
850 2449 1003 2522 antecellit
1019 2449 1258 2526 quippenonmo·

210 2536 245 2593 do
259 2535 348 2593 vitam
361 2540 389 2593 et
404 2549 530 2607 sensum,
547 2535 597 2594 sed
611 2534 698 2593 etiam
712 2535 853 2594 rationem
867 2534 993 2593 exbibet.
1009 2535 1043 2593 lt
1063 2534 1129 2593 idea
1139 2534 1256 2593 coima-

210 2617 246 2676 to
260 2617 340 2676 ideae
360 2617 488 2676 homiliis
500 2618 592 2691 quoad
605 2618 805 2678 extensionem
819 2623 953 2692 praestat
970 2617 1112 2692 siquidem
1125 2618 1256 2692 pluribus

210 2700 327 2760 attribui
334 2706 433 2775 potest,
443 2700 580 2759 nimirum
591 2717 647 2761 non
657 2702 741 2761 modo
748 2701 901 2775 singularis
912 2701 1068 2761 individuis
1077 2708 1197 2762 naturae
1203 2702 1255 2760 bu·

209 2801 323 2858 manae,
340 2785 491 2844 sedetiam
506 2785 607 2845 ceteris
622 2786 811 2846 animantium
822 2785 981 2860 speciebus.
1212 2799 1217 2806 ·

243 2871 343 2938 lertio,
354 2869 385 2928 in
399 2877 563 2928 concretam
578 2878 603 2928 ct
618 2871 808 2932 abstractam.
818 2870 885 2929 Idea
898 2869 1047 2929 abstracta
1058 2871 1170 2944 dicitur,
1181 2887 1255 2945 quae

207 2954 324 3028 aliquid,
342 2953 416 3029 quod
431 2953 556 3028 cuipiam
572 2954 699 3014 subiecto
713 2955 797 3027 inest,
814 2953 923 3028 absque
943 2969 986 3028 eo,
1002 2954 1210 3027 mentiobiicit,
1222 2960 1256 3014 ut

207 3055 252 3098 ex.
271 3055 312 3114 gr.
329 3038 407 3097 nolio
422 3037 574 3098 albedinis.
592 3039 731 3106 baccata
744 3054 812 3100 vero
827 3054 863 3099 ea
877 3043 930 3113 est,
953 3055 1034 3112 qrrae.
1049 3039 1158 3114 aliquid
1172 3045 1257 3115 pmut

207 3123 332 3184 subiecta
350 3124 436 3195 inest,
457 3137 508 3181 seu
523 3122 684 3181 subiectum
698 3123 792 3197 ipsum
807 3129 892 3199 prout
905 3123 1002 3196 aliqua
1015 3122 1254 3183 determinatione

207 3206 339 3279 allicitur,
355 3211 560 3280 repraesentat.
579 3205 625 3264 Sic
640 3221 670 3264 se
686 3207 773 3266 babet
787 3207 854 3289 idea
867 3205 938 3267 otti.

244 3285 356 3361 Quarti),
367 3291 397 3347 in
412 3289 589 3349 aotlcatioosoa
606 3297 632 3348 ct
652 3289 885 3350 distributivam.
902 3291 952 3350 llla
965 3297 1018 3365 est,
1035 3293 1109 3365 quae
1122 3291 1254 3366 pluribus

207 3374 293 3433 simul
306 3373 428 3446 acceptis
452 3374 594 3447 tribuitur,
622 3381 653 3432 ut
676 3374 742 3434 idea
765 3374 919 3448 coercitus
933 3376 1005 3435 baec
1020 3391 1087 3435 vero
1102 3393 1176 3450 quac
1200 3391 1253 3451 pro

208 3457 337 3531 pluribus
352 3471 480 3516 seorsum
495 3457 616 3532 sumptis
634 3464 798 3532 usurpatur,
824 3464 856 3516 ut
873 3458 939 3518 idea
955 3460 1063 3519 militis
1080 3462 1115 3519 io
1139 3475 1253 3535 pauore,-

207 3557 281 3614 quae
296 3546 328 3599 ut
342 3539 483 3600 tribuatur
502 3541 668 3615 individuis,
694 3541 799 3615 quibus
818 3543 963 3603 exercitus
988 3549 1107 3617 causat,
1131 3543 1253 3603 minime

208 3625 330 3698 postulat
343 3632 376 3682 ut
389 3623 527 3682 collectim
537 3631 697 3684 sumantur.

243 3708 355 3782 Quinto,
372 3707 403 3766 in
413 3708 556 3768 ditatam
571 3717 597 3768 at
608 3711 756 3786 rattmoot.
773 3711 851 3770 Prior
860 3717 912 3785 est,
929 3728 987 3786 qua
1000 3712 1179 3774 obiectuma
1200 3727 1250 3771 no·

208 3797 267 3853 stra
279 3791 459 3868 perceptione
473 3794 648 3870 distinctum
661 3794 835 3872 alteratam,
850 3811 908 3870 qua
920 3795 985 3872 ipsa
996 3801 1095 3858 nostra
1105 3795 1251 3871 perceon
