2767 4492
502 328 559 374 seu
575 328 750 378 euronotus
952 331 956 340 ·
1054 327 1056 332 ’
1100 319 1150 382 litt

102 398 215 458 deliniri
234 397 287 472 ita,
303 403 336 458 ut
349 397 461 458 dicatur
474 414 537 460 esse
549 401 719 461 mostomio
731 401 867 478 mmmm
881 403 1031 478 completo,
1042 403 1092 462 sot
1105 404 1152 462 iu-

105 485 147 541 ris
160 492 187 542 et
203 483 291 544 alteri
306 486 603 546 immamuoioobilis.
626 487 703 555 Quae
719 492 829 562 tamen,
846 490 870 550 si
886 489 1073 564 intelligentia
1086 506 1150 565 per·

103 567 214 641 htuhrr,
231 584 289 627 non
303 569 472 644 simpliciter
487 572 684 646 saoppositwm,
700 573 749 638 sed
763 573 902 648 peculiari
917 579 945 634 et
959 575 1088 648 digniore
1102 589 1151 634 no

102 652 177 710 nune
189 668 316 726 persono
330 661 522 729 nuncupatur,
535 671 621 730 quam
632 656 687 715 rite
697 655 831 718 definies:
847 658 1048 720 substantiam
1058 659 1150 719 rotio

101 736 199 794 oolam
212 738 395 814 completam,
416 740 466 798 soi
484 740 563 798 iuris
578 748 604 798 et
616 739 704 799 elteri
717 740 1036 803 incommunicabilem.

135 821 195 880 liae
218 822 399 883 definitiones
418 823 475 882 illis
500 829 660 899 congruunt
683 825 873 898 adamussim,
894 843 965 901 quas
979 829 1010 886 in
1027 821 1101 888 libro'
1116 829 1151 888 de

102 904 218 964 roomo
227 908 348 966 calmis
361 908 495 968 Boethius
508 909 643 982 tradidit,
660 909 705 968 vir
719 903 777 968 non
791 910 877 968 modo
891 910 1087 994 philosophiae
1097 912 1148 972 sed

101 989 187 1048 etiam
203 991 359 1065 theologiae
378 993 507 1066 apprime
528 994 683 1053 consultus.
706 993 789 1051 Porro
808 993 835 1051 is
848 996 1027 1068 suppositum
1045 995 1151 1056 descri-

100 1074 173 1146 psit:
191 1077 489 1152 eaotoroooomplotas
507 1077 701 1135 iodimduom
716 1077 1151 1152 substautiom;personamve·

99 1172 146 1216 ro:
163 1160 323 1219 rationalis
341 1169 471 1221 moturos
493 1161 687 1220 indiuiduam
701 1161 909 1220 suostantiam.
927 1164 979 1222 Ubi
994 1168 1089 1222 tamen
1104 1162 1151 1224 ad-

100 1246 182 1300 verte
196 1257 298 1301 vocem
319 1243 513 1302 indiuiduam
525 1259 584 1302 non
599 1259 651 1317 pro
664 1244 819 1317 siopolom
833 1250 956 1318 tantum,
974 1246 1023 1304 sed
1038 1262 1089 1320 pro
1105 1247 1152 1305 in·

97 1327 344 1384 commuma'oohiti
360 1329 397 1384 ab
416 1342 450 1385 eo
466 1328 613 1400 usurpari3
629 1321 860 1402 quandoquidem
878 1329 908 1386 id
921 1345 1021 1402 reapse
1036 1331 1152 1388 omnino

95 1409 310 1484 individuam,
334 1425 385 1470 eeu
399 1425 458 1470 non
473 1412 598 1469 divisum
624 1412 655 1471 in
677 1427 708 1470 se
722 1417 750 1470 et
765 1413 889 1470 divisum
904 1429 921 1470 a
936 1413 1062 1486 quolibet
1078 1414 1149 1486 elio,

96 1493 257 1552 dicendum
271 1500 330 1567 est,
343 1495 418 1568 quod
433 1509 491 1554 non
507 1496 591 1554 modo
606 1495 781 1568 singularem
792 1503 925 1555 naturam
938 1495 1083 1570 praebeat,
1101 1497 1151 1556 sed

97 1577 189 1636 etiarn
201 1576 283 1636 alteri
296 1579 469 1638 nullomodo
484 1595 514 1637 se
524 1580 724 1638 communicet.
745 1581 851 1639 Natura
866 1584 975 1653 autem,
993 1583 1151 1653 utcumque

98 1661 254 1735 singularis
268 1663 453 1736 concipiatur,
471 1664 565 1722 adhuc
579 1673 675 1723 umen
689 1663 938 1723 communicabilis
954 1669 1006 1724 est.

116 1788 119 1794 .
136 1745 182 1804 tt.
201 1746 291 1820 lttque
303 1747 358 1805 hoc
373 1747 434 1806 loco
446 1747 553 1821 duplex
567 1748 689 1821 emergit
704 1748 832 1822 quaestio
842 1748 984 1822 perutilis,
1001 1752 1029 1806 et
1044 1747 1089 1821 iis,
1101 1747 1151 1822 qui

100 1845 216 1904 operam
226 1830 319 1889 daturi
335 1837 402 1890 suut
411 1832 577 1906 theologiae,
594 1831 677 1891 valde
690 1832 862 1892 necessaria.
879 1832 973 1892 Poma
983 1837 1040 1890 eet:
1053 1837 1149 1890 utrum

99 1929 223 1988 persona
241 1915 273 1973 in
287 1914 375 1975 rebus
395 1917 499 1975 creatis
518 1921 649 1975 concrete
667 1921 794 1990 spectata
815 1915 902 1989 (idest
917 1921 1063 1992 tamquam
1083 1915 1148 1976 suh

99 1997 202 2057 sistens
214 1998 352 2058 rationale
362 2001 406 2059 sui
417 2001 506 2073 iuris)
522 2001 815 2060 redifferatanatura
831 2001 978 2075 t;altera,
994 2015 1066 2060 num
1084 2001 1149 2062 sub-

99 2083 230 2141 sistentia
243 2099 280 2142 ex
294 2085 445 2158 negatione
465 2090 591 2158 tantum,
613 2101 650 2143 an
664 2101 702 2144 ex
716 2085 856 2160 positione
871 2087 995 2159 quadam
1009 2090 1146 2160 emergat.

96 2165 131 2223 Et
145 2166 179 2223 ad
192 2167 314 2240 primam
329 2169 406 2240 quod
420 2169 536 2242 attinet,
549 2167 761 2227 subsistentiam
776 2169 807 2227 in
819 2169 922 2228 creatis
932 2185 989 2229 non
1003 2170 1148 2243 cogitatm-

97 2266 135 2309 ne
150 2255 276 2324 tantum,
293 2251 345 2310 sed
362 2251 500 2311 obiectire
523 2256 552 2310 et
569 2251 750 2311 distinctione
769 2251 870 2312 saltem
889 2251 994 2311 modali
1011 2268 1028 2311 a
1042 2260 1146 2312 natiue

98 2337 229 2409 secerni,
243 2337 319 2410 apud
333 2337 473 2394 omnesin
489 2335 617 2395 confesso
632 2341 684 2394 est.
703 2337 742 2396 lle
751 2337 829 2396 enim
842 2351 917 2410 vera,
933 2343 1037 2395 natine
1052 2341 1148 2396 creata

98 2434 274 2493 quamquam
289 2420 443 2493 singularis
456 2419 494 2478 sit
507 2424 536 2477 et
549 2419 698 2494 completa,
714 2425 823 2495 tamen,
836 2419 861 2479 si
873 2419 1001 2493 praecise
1017 2420 1047 2482 in
1062 2420 1147 2478 ratio·
1256 2431 1260 2438 ·

97 2519 136 2563 ne
154 2505 286 2579 notisque
300 2511 419 2564 naturae
435 2511 545 2564 tantum
562 2510 721 2580 spectatur,
744 2506 940 2565 omnimodam
958 2503 1148 2566 incommuni-

98 2588 274 2648 cabilitatem
296 2590 424 2648 nondum
438 2590 602 2664 praesefert.
625 2589 738 2648 illenim
751 2588 857 2649 mentis
871 2588 1002 2649 obtutum
1021 2589 1052 2650 in
1068 2602 1102 2648 ea
1117 2589 1149 2648 ll·

97 2680 208 2748 gentes,
225 2674 277 2732 etsi
291 2675 491 2748 pervideamus
506 2675 608 2748 ipsam,
624 2689 658 2733 eo
673 2673 902 2748 quodeompleta
921 2675 958 2734 sit
976 2679 1061 2750 atque
1076 2675 1147 2733 inte·

97 2773 161 2831 gra,
171 2774 230 2816 non
243 2773 325 2832 posse
335 2775 387 2833 per
396 2758 513 2818 modum
524 2759 613 2833 partis
622 2756 705 2816 alteri
721 2763 839 2816 naturae
850 2760 998 2832 coniungi3
1012 2759 1148 2817 tamenin

97 2857 133 2900 ea
147 2842 218 2901 nihil
234 2843 328 2902 adhuc
348 2843 539 2918 conspicitur,
556 2843 632 2915 quod
644 2845 722 2899 vetet
738 2856 775 2899 ne
794 2841 915 2912 ipsamet
930 2855 996 2898 cum
1015 2841 1103 2898 altero
1118 2857 1148 2898 se

97 2927 305 2998 communicet,
320 2932 353 2984 ut
366 2934 491 2983 maturo.
513 2925 653 2992 Quamdiu
668 2923 745 2980 enim
757 2922 850 2996 quoad
864 2922 1026 2982 essentialia
1038 2927 1148 2981 tantum

94 3010 242 3087 principia
258 3009 325 3066 licet
342 3007 537 3080 singularitate
559 3005 660 3063 edecta
681 3005 837 3078 cogitatum
863 3003 992 3064 noudum
1011 3005 1096 3080 plene
1117 3021 1147 3065 se
1192 3047 1195 3056 ,

94 3093 245 3172 possidere
259 3091 435 3165 concipitur,
452 3088 504 3148 sed
526 3089 632 3162 optime
647 3101 730 3162 posse
746 3086 916 3148 anohiliore
929 3090 1053 3164 quodam
1069 3105 1147 3149 aesu-

94 3181 140 3239 mi
155 3176 312 3250 supposito.
330 3175 378 3234 Sio
392 3175 428 3234 de
442 3171 589 3233 individua
599 3171 701 3231 Christi
717 3171 894 3232 humanitate
909 3188 926 3232 a
942 3173 1028 3233 Verbo
1039 3189 1148 3236 assum-

95 3274 149 3341 pta
162 3263 271 3321 laetum
284 3275 348 3319 esse
367 3259 449 3318 docet
463 3257 556 3318 Fides.
572 3255 601 3316 si
615 3256 703 3342 igitur
714 3255 745 3316 in
760 3256 834 3316 notis
844 3269 963 3318 naturae
978 3257 1144 3336 singularis,

143 3422 155 3466 l
172 3423 204 3467 lle
217 3419 345 3467 substantiis
356 3419 433 3465 creetis
448 3418 488 3464 hoc
502 3417 640 3482 quaerimus3
656 3419 708 3479 qnia
723 3417 746 3462 in
761 3417 819 3480 Deo,
836 3419 874 3479 qni
889 3418 981 3463 menime
996 3417 1077 3478 gaudet
1091 3418 1147 3464 eim·

94 3499 206 3561 plicitum,
218 3497 358 3544 subsistentis
373 3512 386 3542 a
400 3500 478 3543 natam
492 3495 633 3542 distinetione
647 3509 692 3540 non
707 3495 770 3542 reoli
777 3527 783 3560 ‚
796 3493 834 3542 sed
848 3495 951 3542 virtuali
965 3498 1051 3540 tautum
1067 3491 1146 3540 aliteri-

93 3575 199 3620 minetur.
547 3577 550 3580 ’

142 3649 169 3694 ln
184 3647 241 3696 hanc
254 3664 306 3696 vero
320 3650 478 3713 quaestionem,
494 3649 584 3696 iorteeeo
599 3647 723 3712 philosophi
739 3663 852 3710 nunquam
866 3647 1014 3709 devenissent,
1027 3646 1070 3692 nisi
1085 3645 1145 3694 Fidei

94 3725 199 3788 mysteria
213 3725 347 3774 occasionem
361 3723 480 3771 dedissent.
496 3724 522 3770 ln
538 3723 622 3769 Christo
636 3723 696 3770 anim
718 3738 761 3769 une
781 3729 814 3770 eet
832 3737 944 3785 persone,
961 3721 1040 3785 duplex
1055 3726 1142 3768 namra.

92 3801 157 3846 t‘nde
169 3801 332 3847 humenitse‘in
348 3817 373 3848 eo
387 3801 486 3863 quamvis
500 3799 614 3848 individue
628 3807 650 3847 et
664 3799 789 3862 singularis,
806 3805 878 3846 temen
894 3799 946 3862 qnia
959 3814 971 3846 a
984 3799 1056 3848 lesbo
1070 3799 1145 3862 hypo-

93 3877 172 3925 statica
186 3877 269 3926 anione
283 3882 394 3943 assumpte
409 3882 450 3940 est,
466 3889 582 3944 personam
598 3876 625 3922 de
638 3893 663 3925 se
676 3891 721 3930 non
738 3873 858 3928 coustituit.
