2767 4492
238 265 290 328 330
679 275 842 325 manners

237 370 362 440 tegretnr
381 368 466 439 attare
483 363 519 426 ab
533 364 662 434 ulteriori
685 365 791 422 damno
805 363 974 424 defendatur
997 359 1076 422 omni
1097 360 1165 425 nisu
1178 374 1289 422 curan-

238 453 306 510 dum
318 457 368 510 est.
388 451 591 524 Sedcontingit
600 450 753 523 aliquando
762 449 872 508 uthaec
881 449 990 518 ordinis
999 449 1203 522 redintegratio
1214 447 1291 508 obti-

238 536 299 594 neri
315 535 396 594 aliter
411 541 553 610 nequeat,
572 535 627 594 nisi
641 536 685 594 vis
709 534 892 607 adhibeatur,
918 551 990 608 qua,
1005 533 1147 608 protervia
1168 533 1291 606 iniquae

237 621 331 694 gentis
340 627 445 695 retusa,
462 621 501 693 id,
515 621 591 695 quod
606 619 674 680 ordo
689 619 790 693 poscit,
801 619 970 678 vindicetur.
981 619 1054 678 ilinc
1063 618 1113 678 ius
1122 616 1193 676 belli
1207 617 1289 676 efflo-

238 706 335 781 rescit,
351 706 386 766 do
396 721 452 782 quo
468 705 575 778 aliquid
589 705 636 766 hic
649 704 758 778 duplici
772 703 891 764 articulo
905 704 1086 778 attingemus.

661 863 831 938 tumemus
843 875 865 937 l.

540 1051 578 1114 De
597 1059 713 1113 nutura
725 1060 752 1112 et
769 1051 887 1112 turreio
905 1049 979 1112 betti.

262 1217 335 1287 ,iii
349 1221 456 1282 Bellum
470 1223 604 1283 delinitur
619 1241 636 1283 a
651 1223 760 1283 Grotio:
771 1231 867 1283 status
879 1238 934 1298 per
941 1223 1005 1280 uim
1014 1222 1208 1290 certantium,
1224 1237 1292 1297 quo

241 1306 396 1366 latescunt
412 1311 435 1365 l.
454 1308 529 1376 Quae
546 1309 672 1368 delinitio
687 1326 705 1366 a
721 1309 788 1367 belli
803 1307 971 1366 instillaret
986 1307 1128 1366 iniustitia
1143 1308 1290 1380 cogitatic

239 1405 304 1450 nem
320 1393 466 1464 alstralrit,
483 1409 548 1452 cum
559 1394 701 1468 generalis
715 1394 790 1451 sitet
804 1409 867 1451 rem
880 1393 1002 1452 interius
1017 1393 1211 1450 deliniendam
1227 1409 1289 1452 uon

239 1477 450 1549 complectatur.
468 1479 546 1546 Quod
556 1480 616 1552 ipso
632 1485 731 1537 auctor
744 1479 869 1536 declarat
885 1478 929 1536 iris
944 1477 1054 1536 verbis:
1075 1501 1085 1527 e
1099 1477 1244 1536 iustitiam
1258 1479 1291 1536 in

241 1581 253 1614 α
271 1557 468 1621 definitionem
484 1579 540 1622 non
556 1563 679 1636 includo,
696 1563 827 1637 quiahoc
837 1563 933 1634 ipsum
948 1562 995 1619 liic
1009 1562 1176 1635 quaerimus
1197 1562 1236 1619 sit
1251 1577 1288 1619 ne

242 1667 253 1698 ι
270 1645 386 1720 aliquod
402 1647 510 1706 bellum
525 1647 630 1707 iustum
645 1653 673 1706 et
687 1648 830 1721 quodnam
840 1646 948 1704 bellum
961 1647 1070 1705 iustum
1078 1646 1125 1704 sit.
1141 1644 1290 1718 Distingui

243 1752 254 1782 ι
271 1737 366 1788 autem
380 1733 464 1790 debet
478 1731 506 1790 id
521 1734 596 1806 quod
611 1734 757 1806 quaeritur
772 1731 808 1789 ab
823 1747 866 1804 eo,
883 1732 918 1790 de
933 1747 989 1804 quo
1004 1730 1160 1804 quaeritur.
1176 1754 1189 1781 ι

275 1816 308 1872 dt
322 1831 498 1889 quamquam
513 1817 604 1876 abusu
619 1818 697 1876 vocis
708 1817 808 1890 iniqua
821 1816 909 1874 etiam
923 1817 1096 1889 oppugnatio
1112 1815 1222 1874 bellum
1237 1831 1291 1890 ap-

239 1900 373 1974 pelletnr3
388 1909 479 1960 tamen
495 1902 547 1960 hoc
557 1918 661 1960 nomen
677 1905 805 1962 severius
815 1909 963 1976 acceptum
976 1918 1010 1960 ac
1022 1907 1104 1975 prout
1118 1918 1211 1961 rema
1225 1903 1290 1962 iure

240 1987 364 2044 rrarturali
379 1992 581 2060 emergentem,
597 1988 721 2060 denotat,
739 1989 851 2046 nonnisi
868 1988 959 2046 iustae
973 1987 1187 2058 concertationi,
1199 2003 1289 2062 quam

242 2077 340 2142 [rentes
355 2085 405 2144 per
421 2071 478 2128 vim
493 2079 655 2145 exerceant,
672 2073 788 2131 attribui
804 2079 904 2146 potest.
919 2072 1027 2132 Bellum
1041 2072 1121 2131 cuim
1131 2073 1161 2130 in
1173 2089 1226 2130 suo
1237 2089 1290 2132 na·

242 2155 324 2211 turuli
341 2161 487 2228 conceptu,
505 2159 744 2229 quemadmodum
761 2158 905 2231 praeclare
923 2157 1016 2230 inquit
1030 2157 1215 2231 luparellins,
1234 2159 1289 2216 lroc

236 2239 403 2310 praesefert,
421 2248 452 2297 ut
467 2241 503 2299 sit
516 2242 630 2300 ordinis
644 2243 773 2302 uiolento
787 2243 914 2317 defensio
929 2245 954 2300 2.
971 2242 1018 2300 lus
1032 2242 1123 2315 enim,
1140 2258 1209 2300 cum
1222 2259 1290 2302 coa·

241 2321 348 2380 clivum
359 2324 396 2382 sit
410 2331 511 2385 natura
525 2343 585 2400 sua,
604 2329 657 2386 troc
671 2328 725 2386 sibi
737 2329 861 2386 vindicat
871 2335 902 2388 nt
912 2328 938 2386 vi
954 2327 1069 2386 delendi
1080 2333 1108 2386 et
1118 2327 1211 2400 repeti
1222 2343 1288 2400 poe

241 2407 286 2465 sit.
303 2408 432 2469 Nationes
448 2412 542 2484 igitur,
559 2427 625 2470 cum
637 2412 790 2471 necessitas
800 2414 930 2486 imperat,
947 2412 983 2470 ad
994 2413 1098 2470 tuenda
1107 2411 1173 2470 iura
1183 2412 1290 2485 quihus

242 2501 391 2568 ornantur,
406 2497 567 2554 facultatem
584 2497 690 2555 habent
705 2498 858 2556 adhibendi
875 2499 933 2555 vim
947 2503 975 2555 et
989 2512 1071 2555 arma
1085 2497 1225 2554 adremon
1240 2513 1291 2557 ne

240 2578 326 2637 iarios
342 2581 459 2640 conatris
475 2583 596 2652 aliarum
611 2583 749 2654 gentium,
765 2599 782 2640 a
802 2581 906 2655 quihus
919 2582 999 2655 graui
1014 2581 1120 2640 iniuria
1134 2581 1291 2641 laeduntur

241 2670 289 2721 aut
311 2664 416 2724 iniusta
433 2667 459 2724 vi
485 2666 670 2725 lacessuntur.
688 2667 788 2724 Euius
811 2667 930 2739 gerendi
949 2666 1074 2738 bellum;
1090 2666 1166 2740 quod
1182 2681 1287 2725 reuera

241 2749 317 2806 aliud
336 2765 393 2809 non
408 2758 451 2810 est
465 2752 629 2825 quidquam,
646 2752 703 2810 nisi
717 2753 763 2810 ius
777 2767 808 2810 se
818 2767 927 2824 suaque
943 2752 1043 2811 mendi
1056 2758 1086 2810 et
1099 2766 1183 2810 arma
1198 2753 1291 2811 armis

240 2835 432 2908 propulsandi.

276 2919 333 2978 lloc
348 2921 393 2978 ius
408 2921 574 2982 nationibus
590 2923 724 2997 denegari
739 2924 854 2998 nequit,
871 2923 1112 2997 quemadmodum
1128 2923 1292 2982 individuis

240 3004 325 3062 ctiam
340 3021 468 3064 seersum
483 3010 606 3082 acceptis
618 3025 673 3068 non
683 3010 842 3082 denegatur
856 3009 975 3067 facultas
990 3009 1162 3067 defendendi
1181 3015 1246 3066 tum
1260 3025 1291 3067 se

242 3092 301 3146 tum
312 3105 363 3148 sua
377 3091 413 3148 ab
424 3091 544 3150 aliorum
562 3094 705 3166 violentia,
718 3101 746 3152 et
759 3096 817 3152 rim
829 3095 857 3151 vi
874 3094 1038 3167 repellendi.
1051 3093 1141 3151 immo
1151 3093 1199 3151 ius
1213 3095 1291 3152 eius-

240 3173 316 3231 modi
328 3191 377 3247 pro
388 3176 551 3235 nationibus
567 3179 649 3252 longe
661 3180 782 3238 validius
793 3181 970 3238 censendum
985 3184 1043 3251 eet;
1059 3193 1117 3238 non
1129 3179 1216 3237 modo
1227 3195 1293 3254 pro

239 3262 302 3330 pter
319 3261 506 3330 paestantiam
522 3264 647 3336 corporis
662 3264 781 3338 politici,
798 3265 849 3322 sed
864 3264 950 3322 etiam
965 3263 1033 3338 quia
1047 3263 1083 3320 ad
1098 3263 1162 3322 eius
1177 3266 1292 3323 exerci-

241 3340 310 3398 tium
327 3359 411 3417 sacpe
426 3346 556 3405 nationes
573 3365 608 3406 ex
625 3349 719 3408 eiticio
737 3355 878 3408 tenentur.
896 3349 1075 3423 Quamquam
1090 3347 1170 3406 enim
1185 3349 1292 3409 indici-

239 3425 296 3484 dua
310 3427 418 3486 illatam
433 3430 487 3488 sibi
501 3431 638 3491 iniuriam
653 3449 719 3491 cum
735 3433 817 3492 laude
835 3434 954 3492 tolerare
970 3433 1091 3507 possintg,
1109 3433 1181 3507 quia
1195 3435 1292 3508 priva-

240 3514 299 3570 tum
314 3529 463 3586 personum
480 3517 604 3590 respicit,
622 3534 697 3590 qnae
711 3519 825 3577 virtutis
839 3534 936 3578 amore
950 3519 1008 3579 iuri
1022 3535 1074 3577 suo
1094 3519 1195 3593 cedat3
1212 3520 1293 3578 idem

241 3601 334 3656 tamen
348 3615 432 3674 saepe
447 3602 528 3660 nolas
543 3606 585 3660 est
600 3603 782 3663 societatibus
798 3619 954 3678 earumque
971 3603 1142 3664 rectoribus.
1159 3604 1197 3664 Hi
1211 3607 1295 3670 enim

283 3781 294 3828 l
310 3787 344 3831 Do
359 3785 414 3832 iuro
430 3787 485 3834 delli
499 3791 520 3835 et
535 3789 600 3850 pecie
614 3789 630 3835 l.
645 3787 668 3854 i,
681 3807 700 3837 c.
713 3788 736 3855 i,
753 3798 790 3838 n·
804 3789 827 3839 2.

283 3858 299 3906 2
313 3863 399 3920 Saqpio
413 3865 519 3913 tcorctico
535 3866 564 3914 dt
578 3869 627 3916 soi.
644 3868 727 3933 ciritio,
738 3868 796 3916 Dias.
813 3869 852 3935 vl,
869 3885 889 3916 c.
903 3867 926 3934 l,
938 3872 986 3948 tet.⁶
996 3865 1024 3926 1.·
