2767 4492
239 387 294 456 idi
470 383 478 397 '
680 397 842 448 uramara

272 485 478 561 lccedit‚nalde
486 491 709 549 consentaneum
718 503 780 546 esse
790 485 1009 546 atdeterminati
1018 481 1089 544 ritus
1099 485 1185 558 atque
1195 477 1284 559 modi,

241 577 346 654 quibus
357 577 431 636 Deus
448 575 582 635 colendus
601 580 659 647 est,
677 574 806 632 adiriua
824 573 969 630 uoluntate
983 571 1185 643 decernantur3
1203 585 1288 630 secus

239 665 325 724 homo
342 663 446 736 iugiter
466 661 595 720 dubitare
614 665 708 734 posset
728 665 827 717 utrum
848 659 951 731 cultus,
968 673 1054 732 mrem
1072 655 1129 715 ileo
1149 663 1285 730 praestat,

240 753 372 823 acceptus
381 747 422 806 illi
437 745 474 805 sil
488 763 524 806 au
540 761 632 804 secas.
646 745 772 818 itemque
786 744 887 818 cnlpae
903 743 1038 817 expiatio,
1051 741 1144 816 qualis
1158 740 1215 800 ileo
1225 741 1287 818 pla-

239 841 301 894 ceat
319 834 355 892 alr
377 833 438 908 ipso
457 831 672 891 determinanda
697 831 818 888 videtur.
837 829 894 888 Nisi
909 830 987 888 enim
1004 827 1032 887 id
1047 829 1137 900 lieret,
1155 827 1287 886 animum

237 921 375 996 perpetua
397 923 514 977 vexaret
537 916 677 975 dubitatio
698 931 770 974 num
785 915 891 990 placari
908 915 952 973 iris
967 913 1101 987 operibus
1124 913 1193 971 uelit
1211 911 1288 971 Deus

236 1021 337 1066 neone.
352 1003 426 1065 Haec
440 1003 536 1063 omnia
551 1007 634 1060 modo
650 1002 874 1075 possibilitatem,
887 999 936 1060 scd
946 1001 1032 1059 ctiam
1047 997 1206 1058 maximam
1218 1013 1288 1056 con·

238 1091 411 1153 venientiam
427 1088 606 1148 revelationis
622 1087 783 1146 ostendunt.

272 1177 328 1237 Noc
341 1176 418 1235 dicat
427 1173 529 1248 aliquis
544 1171 640 1232 divina
656 1172 828 1231 revelatione
842 1170 1016 1230 intellectum
1032 1167 1163 1244 deprimi,
1176 1169 1226 1244 qui
1237 1184 1288 1245 po·

238 1262 293 1322 lius
310 1277 359 1335 per
376 1261 469 1334 ipsam
486 1259 681 1332 maximopere
696 1258 823 1316 elevatur
839 1273 872 1316 ac
889 1258 1042 1330 perlicitur.
1060 1257 1129 1314 llam
1149 1256 1173 1313 si
1189 1256 1225 1314 de
1243 1271 1289 1314 ree

236 1345 369 1406 nitatibus
389 1359 482 1404 sermo
506 1349 557 1416 est,
578 1344 704 1417 prolecto
723 1343 874 1401 accedente
890 1341 987 1400 divina
1005 1341 1179 1400 revelatione
1199 1341 1287 1401 homo

237 1432 329 1506 quoad
351 1445 451 1490 aarum
470 1429 669 1488 certitudinem
690 1428 782 1501 magis
802 1426 981 1498 oblirmatur,
998 1443 1032 1484 ac
1047 1425 1158 1484 facilius
1174 1440 1288 1486 errores

238 1515 362 1588 discutit,
384 1515 432 1589 qui
453 1529 535 1573 secus
557 1514 726 1588 irreperent.
743 1513 821 1581 Quod
844 1527 929 1570 nemo
944 1511 975 1569 in
994 1511 1113 1569 dubium
1128 1511 1285 1585 revocabit,

238 1601 286 1675 qui
302 1601 338 1659 ad
352 1600 543 1660 ahsordauon
559 1599 642 1656 modo
663 1598 831 1672 populorum
847 1597 895 1655 sed
911 1599 996 1654 etiam
1013 1596 1174 1670 sapientum
1195 1597 1286 1670 genti·

237 1686 306 1745 lium
322 1685 521 1756 cogitationem
543 1685 672 1742 advertit.
690 1684 738 1742 Sin
754 1689 919 1758 spectantur
933 1682 1067 1741 ueritates
1081 1687 1284 1754 supernatura-

236 1771 287 1842 les,
303 1775 379 1828 certe
397 1771 526 1829 maxima
540 1771 644 1826 mentis
661 1767 782 1826 elevatio
799 1772 843 1827 est
857 1767 1024 1842 participem
1039 1765 1114 1824 ellici
1130 1766 1285 1825 sericatum

236 1855 390 1914 altissimae
404 1855 615 1928 intelligentiae,
634 1853 773 1912 nimirum
787 1853 911 1926 divinae,
925 1859 1009 1926 atque
1024 1850 1285 1910 communicatione

235 1939 358 2015 quadam
373 1955 439 1998 cum
459 1940 508 1998 illa
523 1939 632 2012 donari,
651 1939 739 2013 longe
754 1939 908 2014 superioris
918 1937 1025 2001 ordinis
1040 1953 1128 2011 qaam
1147 1937 1185 1995 sit
1200 1941 1284 1996 natu·

234 2023 303 2085 ralis
319 2025 504 2098 providentia.

269 2110 314 2170 87.
332 2111 407 2179 Quae
429 2125 494 2168 cum
518 2111 557 2168 ita
576 2110 643 2174 siut,
664 2124 750 2170 nemo
770 2126 829 2169 non
847 2108 926 2169 ridet
944 2107 1019 2169 inter
1037 2105 1132 2167 olficia
1155 2106 1283 2167 hominis

233 2211 302 2269 erga
320 2195 408 2254 Deum
424 2195 562 2253 contineri
577 2195 705 2254 debitum
716 2195 931 2268 amplectendae
944 2193 1135 2262 revelationis,
1156 2207 1227 2268 quae
1237 2193 1284 2250 la·

233 2285 278 2338 cta
293 2285 344 2352 est,
361 2287 389 2338 et
403 2280 566 2353 inquirendi
580 2281 672 2354 qualis
685 2297 720 2339 ea
739 2282 785 2353 sit,
803 2281 826 2338 si
843 2281 914 2338 iurte
925 2278 1192 2352 arllrucignoretar.
1208 2277 1283 2336 Nam

233 2365 289 2424 Deo
304 2365 428 2439 loquenti
444 2357 564 2424 credere
575 2366 790 2439 adstringimur,
808 2365 923 2423 comsit
937 2364 1139 2423 veracissimus
1153 2369 1182 2420 et
1196 2363 1280 2420 inlal·

232 2451 331 2524 libilis3
344 2467 397 2509 nec
412 2451 497 2509 iidem
513 2451 566 2525 ipsi
582 2451 722 2524 denegare
736 2465 898 2525 possumus,
916 2449 985 2523 qrrin
1001 2447 1283 2522 contiuuoblasplre·

231 2535 271 2593 mi
289 2543 317 2594 et
336 2536 417 2610 impii
439 2536 602 2594 evadamus.
625 2537 679 2594 Nec
702 2535 777 2608 quod
797 2535 900 2608 dogma
916 2534 1029 2606 aliquod
1047 2533 1142 2591 lumen
1165 2542 1282 2592 nostrae

231 2620 349 2680 rationis
373 2629 503 2695 superet„
514 2637 564 2680 irus
579 2625 707 2679 excusat.
724 2621 794 2679 Nam
814 2620 867 2678 hoc
886 2619 923 2676 ad
937 2617 1106 2692 obsequium
1127 2617 1182 2676 ileo
1199 2635 1282 2691 prae·

232 2705 363 2764 standum
374 2709 500 2764 maxime
516 2707 648 2780 partinet,
661 2711 692 2762 at
708 2705 883 2762 intellectum
900 2711 1028 2761 nostrum
1041 2704 1068 2761 ei
1080 2703 1280 2777 subiiciautuS,

231 2789 438 2865 credamusque
450 2791 529 2864 plura
539 2791 632 2864 ipsum
648 2789 721 2848 scire
732 2805 806 2862 qliae
818 2805 884 2847 verra
901 2790 967 2860 siut,
984 2803 1071 2862 quam
1082 2803 1154 2862 qtrae
1170 2789 1282 2845 tantula

142 2937 145 2942 Δ
230 2889 312 2933 mens
327 2881 423 2933 nostra
437 2891 539 2952 capere
563 2874 664 2932 valeat.
687 2875 777 2942 Quare
801 2876 826 2932 si
845 2875 913 2932 ordo
928 2873 1090 2932 ciliciorum
1105 2887 1169 2945 erga
1186 2871 1281 2930 Deum

230 2959 284 3016 rite
299 2961 492 3034 perpenditur,
511 2959 637 3017 debitum
655 2959 731 3018 Fidei
755 2959 812 3018 Deo
828 2957 1006 3017 adhibendae
1021 2959 1096 3016 inter
1110 2958 1281 3031 praecipuas
1374 2974 1375 2981 ¹

230 3043 416 3117 obligationes
439 3044 561 3102 huminis
590 3043 730 3102 contineri
754 3044 871 3118 patebit.
890 3044 962 3102 [leus
977 3037 1055 3101 enim
1070 3049 1114 3100 est
1132 3057 1281 3101 summam

230 3127 296 3203 Ena,
318 3141 464 3188 summum
484 3129 595 3200 lerum,
614 3145 759 3186 summum
776 3130 894 3188 Bonum.
917 3128 1161 3196 Quemadmodum
1179 3127 1278 3200 igilur,

230 3213 298 3288 qaia
315 3219 358 3272 est
369 3225 514 3272 summum
531 3213 596 3285 llus,
609 3213 635 3271 ei
650 3215 769 3273 debetur
783 3215 929 3282 odoratio,
948 3220 975 3271 et
991 3213 1057 3287 paria
1068 3227 1213 3272 summum
1229 3211 1282 3270 Bo·
1374 3242 1375 3245 κ

229 3291 310 3371 nuut',
326 3298 445 3356 debetur
459 3313 561 3370 oraor;
578 3300 618 3356 sic
633 3298 720 3356 eliam
735 3298 803 3372 quia
813 3313 959 3357 summum
974 3313 1073 3356 rerum
1089 3305 1142 3370 est,
1158 3297 1281 3355 debetur

228 3380 323 3450 Fides,
344 3397 400 3456 qua
416 3383 469 3456 ipsi
485 3381 671 3440 subiiciamus
682 3381 873 3455 intellectum,
888 3390 972 3456 prout
986 3383 1013 3440 ri
1030 3381 1202 3440 adorationis
1212 3381 1281 3440 sulr

227 3466 347 3526 iacimus
356 3466 546 3540 existentiam,
559 3474 586 3524 et
601 3465 629 3524 vi
643 3466 749 3524 amoris
766 3467 950 3526 voluntatem.
960 3467 1029 3526 Cum
1043 3482 1111 3526 rero
1121 3465 1195 3524 Deus
1211 3464 1280 3526 ideo

227 3549 368 3626 inuitatur,
378 3557 490 3625 atquae
501 3550 642 3610 credenda
653 3557 738 3624 atque
749 3551 859 3625 agenda
870 3551 1071 3625 sintsciamus,
1082 3565 1115 3609 ac
1126 3565 1228 3608 norma
1239 3551 1279 3609 ab
1374 3576 1375 3583 ¹

226 3635 289 3710 ipso
305 3637 627 3712 proposiladirigamur3
641 3637 771 3712 quisquis
787 3635 968 3696 revetationis
985 3638 1047 3696 luce
1065 3637 1194 3696 nondum
1213 3637 1281 3694 illu·
1374 3626 1375 3667 ³

226 3727 341 3798 stratur,
354 3729 464 3783 tenetur
473 3723 597 3798 proiecto
607 3723 778 3798 investigare
788 3740 825 3783 an
836 3740 870 3784 ea
879 3725 926 3798 sit,
938 3739 1059 3799 eamque
1069 3723 1120 3782 ubi
1130 3733 1281 3798 compere-

225 3807 273 3877 rit,
285 3809 417 3868 contiuuo
428 3811 507 3878 senui
518 3811 667 3878 obligatur.
679 3809 768 3869 lluias
780 3811 857 3869 enim
873 3810 915 3868 rei
930 3809 1103 3878 negligentia
1112 3816 1140 3868 et
1150 3815 1280 3869 contem-
