2767 4492
466 625 807 744 LOGICAE

398 864 583 950 etus
638 861 877 952 eurus

590 1072 675 1096 ¹000!—

366 1598 522 1659 itatiocioii
536 1598 675 1658 elemento
685 1607 908 1675 proponuntur.

142 1769 301 1832 Rotieeioid
314 1771 431 1830 nomine
442 1785 476 1830 ea
485 1770 612 1844 operatio
627 1769 820 1844 significatur,
836 1783 986 1843 quameus
996 1783 1034 1829 ex
1044 1783 1101 1828 una
1111 1782 1162 1830 re·

108 1856 190 1915 ritate
204 1861 273 1916 nota
288 1856 319 1915 in
334 1855 452 1914 alterius
467 1855 580 1928 ignotae
596 1853 728 1914 notitiam
741 1853 871 1927 devenit3
889 1869 962 1928 poue
976 1869 1024 1913 ex.
1035 1869 1079 1928 gr.
1090 1868 1158 1913 cum

108 1939 170 2014 quis
185 1956 223 2000 ex
237 1941 360 2001 Aurorae
375 1947 439 1999 ortu
454 1939 652 1998 imminentem
668 1939 740 1999 Soiis
755 1937 906 1998 ascensum
924 1953 1011 2014 supra
1024 1938 1157 1998 horizon-

108 2028 163 2082 tem
178 2024 298 2086 derivat.
320 2025 411 2093 Quare
427 2023 463 2082 ab
477 2023 632 2098 Augustino
647 2023 783 2083 definitur
797 2038 815 2082 a
829 2023 915 2082 certis
929 2023 967 2082 ad
980 2023 1155 2083 incertorum

106 2107 318 2186 indagationem
332 2109 427 2168 nitens
442 2109 575 2182 cogitatio
591 2111 615 2168 ⁴.
632 2109 699 2168 Esse
709 2117 805 2167 autem
819 2108 851 2167 iu
864 2106 948 2166 nobis
963 2107 1157 2182 operationem

105 2190 272 2252 huiusmodi
288 2197 346 2252 tam
360 2199 471 2253 certum
485 2197 538 2267 est,
554 2198 587 2252 ut
601 2191 817 2252 confirmatione
829 2207 889 2250 non
899 2196 998 2266 egeat3
1014 2190 1157 2266 siquidem

106 2277 229 2350 quisque
244 2277 275 2335 iu
288 2293 320 2336 ae
333 2293 397 2336 eam
412 2277 516 2353 iugiter
532 2277 688 2353 experitur.

141 2361 193 2420 Hic
209 2360 299 2420 animi
314 2366 408 2420 motus
429 2362 520 2422 tribus
542 2367 653 2422 constat
668 2362 835 2422 elementis:
853 2361 1096 2439 apprehensione,
1111 2361 1159 2419 iu·

104 2447 192 2520 dicia
210 2445 387 2506 deductione.
408 2447 477 2507 Nam
500 2463 567 2507 cum
581 2463 663 2509 meus
679 2448 828 2509 veritatem
846 2463 935 2508 uuam
948 2463 986 2507 ea
1001 2445 1058 2505 alia
1070 2445 1157 2504 ratio-

103 2531 228 2590 cinando
242 2530 374 2606 deducit;
395 2547 512 2592 necesse
528 2534 711 2608 estprofecto
725 2539 758 2591 ut
772 2532 912 2592 iudicium
931 2529 1046 2605 aliquod
1060 2530 1153 2605 prote

101 2620 155 2688 rat,
169 2619 201 2674 ut
211 2630 248 2674 ex
258 2616 366 2690 prolato
376 2615 484 2676 iudicio
495 2617 531 2676 ad
541 2617 620 2676 aliud
631 2616 820 2677 derivandum
831 2617 918 2676 iaciat
927 2615 1058 2691 gradum.
1071 2615 1155 2674 idem

101 2714 157 2772 que
172 2714 241 2758 cum
255 2696 439 2760 iudicium'iu
452 2701 508 2760 hoc
523 2707 660 2776 versetur,
677 2701 754 2777 quod
768 2700 996 2777 aliquidobiecto
1008 2698 1153 2776 proposito

103 2797 188 2842 mens
205 2783 311 2844 tribuat
326 2790 376 2844 aut
388 2791 490 2860 neget3
506 2785 607 2845 haberi
618 2786 852 2860 minimepotest,
869 2785 1093 2860 quiuobiectum
1103 2783 1155 2843 nli·

100 2869 176 2942 quod
192 2869 376 2944 percipiatur.
398 2869 443 2928 Sic
458 2869 490 2928 iu
507 2869 649 2944 exemplo,
666 2869 742 2942 quod
756 2883 843 2942 supra
856 2868 1088 2941 commemoravi,
1105 2881 1155 2926 ue·

100 2953 162 3026 quit
176 2951 293 3011 animus
307 2952 396 3011 solem
410 2952 650 3026 propinquantem
663 2950 779 3021 inferre,
796 2951 854 3009 uisi
865 2951 1025 3009 matutinae
1039 2949 1097 3008 luci
1112 2964 1157 3008 or·

100 3040 163 3095 tum
178 3035 301 3106 tribuat3
318 3050 413 3106 neque
427 3035 457 3092 id
473 3035 569 3107 ipsum
584 3033 731 3091 atttrmare
745 3036 853 3106 potest,
869 3033 927 3092 nisi
941 3033 1052 3105 lucem,
1068 3047 1156 3106 quam

97 3125 195 3178 ortam
206 3131 268 3174 esse
278 3116 357 3188 dicit,
374 3117 539 3189 perspiciat.
551 3117 671 3176 Necesse
682 3119 725 3175 est
739 3115 828 3190 igitur
837 3120 868 3176 ut
878 3117 959 3191 prius
969 3115 1081 3175 caelum
1095 3131 1156 3176 ma·

55 3251 59 3257 .
99 3201 195 3261 tutiua
205 3199 270 3259 luce
281 3199 467 3258 dealbescens
478 3203 661 3274 contueatur3
678 3199 791 3274 deinde,
804 3205 836 3260 ut
845 3201 922 3259 hauc
932 3199 1046 3259 intuens
1053 3207 1153 3261 mente

97 3285 189 3344 vetuti
205 3284 298 3348 dicat:
317 3284 371 3344 loc
383 3291 487 3344 eaorte
496 3291 546 3343 est.
565 3283 1153 3346 Sictandemexeiiectueausameiicieus

97 3369 207 3430 inferre
221 3370 337 3444 poterit:
353 3369 396 3428 sol
411 3383 478 3444 erpo
493 3385 563 3429 moe
582 3369 766 3430 horizontem
775 3371 933 3430 audituros
947 3376 998 3430 ert.

132 3455 195 3513 lam
211 3469 248 3512 ex
263 3453 449 3529 trisoperatio
463 3453 522 3528 ilia,
540 3470 597 3530 qua
611 3470 658 3515 res
672 3471 752 3515 mere
765 3455 939 3530 percipitur,
956 3454 1033 3515 dicta
1045 3460 1090 3515 est
1103 3472 1153 3532 ap-

97 3538 253 3613 prehensio
263 3558 272 3612 ,·
282 3553 333 3612 per
342 3539 434 3613 ipsam
450 3540 527 3599 euim
541 3539 685 3600 obiectum
696 3539 733 3598 ab
747 3539 892 3599 intellectu
906 3539 989 3614 quast
1002 3540 1153 3616 prehendi·

99 3628 155 3682 tur.
173 3621 297 3696 Adiungi
311 3629 407 3682 autem
421 3623 493 3684 solet
506 3623 627 3684 uerbum
637 3625 773 3702 simplex,
789 3629 822 3684 ut
831 3623 1009 3700 significetur
1017 3623 1092 3685 nihil
1100 3640 1153 3703 per

101 3721 163 3766 eam
181 3706 322 3766 affirmari
336 3713 385 3767 aut
399 3709 507 3784 negari.

148 3885 158 3931 t
179 3889 211 3932 De
222 3889 314 3936 immet.
331 3891 407 3937 onim.
420 3905 439 3934 r.
453 3890 474 3934 t.
