2767 4492
223 315 262 386 tt
552 330 944 385 11111111111111111111111

224 422 293 497 atio,
306 422 385 482 unde
398 423 455 482 sit?
468 423 556 498 hique
570 424 595 482 si
611 429 672 481 tum
686 423 774 482 etiam
788 427 945 496 reponatur
956 419 1096 480 rationem
1111 419 1174 481 eius
1188 417 1271 482 sulfi-

222 507 346 568 cientem
360 510 392 567 in
406 519 471 568 ente
486 510 542 567 alio
559 509 664 582 pariter
678 509 860 581 contingente
875 505 990 580 morari,
1008 507 1100 566 denuo
1115 506 1203 566 huius
1215 513 1270 567 ter·

224 591 255 651 tii
276 608 363 652 causa
382 593 584 667 postulabitur3
603 608 636 650 ac
659 593 768 651 tamdiu
787 592 891 651 redibit
909 591 1107 665 interrogatio,
1128 592 1219 651 donec
1234 593 1271 652 ad

224 693 276 736 ens
296 679 491 737 necessarium
510 684 626 736 ventum
650 678 748 750 inerit,
766 677 842 751 qttod
861 691 927 735 cum
942 676 973 734 in
992 691 1022 734 se
1040 676 1179 736 rationem
1195 677 1272 736 suili-

225 763 349 822 cientem
363 763 495 823 exstandi
509 763 623 836 haheat,
642 762 678 821 sit
693 763 786 837 prima
801 778 887 822 causa
900 777 997 822 rerum
1016 762 1147 821 omnium
1161 763 1272 824 contin·

227 849 366 921 gentium.

258 933 314 993 Nec
329 934 465 994 atheistae
479 934 562 994 nobis
575 939 727 994 occurrant
741 934 849 994 aientes
860 933 997 994 declinari
1012 934 1067 994 hoc
1078 949 1176 1008 posse,
1193 934 1272 994 siin·

223 1018 305 1078 linita
319 1020 407 1080 series
435 1021 590 1080 adstruitur
610 1023 720 1082 entium
739 1021 974 1095 contingentium,
996 1036 1119 1096 quorum
1133 1020 1211 1081 aliud
1234 1037 1272 1081 ex

224 1103 280 1163 alio
293 1113 434 1182 nectatur,
450 1109 519 1182 quin
534 1122 660 1181 unquam
676 1107 712 1165 ad
727 1122 777 1166 ens
792 1107 904 1181 aliquod
922 1121 979 1166 non
994 1106 1169 1181 productum
1190 1107 1273 1166 dere

108 1252 110 1257 ,
223 1189 361 1250 nicndum
371 1191 415 1251 sit.
432 1192 503 1252 llam
517 1193 546 1250 in
558 1193 657 1266 primis
672 1191 832 1252 istiusmodi
842 1191 930 1252 series
936 1190 1119 1262 multitudine
1132 1189 1273 1252 ooalesce-

222 1278 268 1334 ret
282 1275 402 1351 indulta,
428 1292 516 1352 quam
533 1291 694 1351 repugnare
713 1293 830 1350 prorsus
845 1278 876 1336 111
891 1277 1032 1351 ontologia
1045 1276 1195 1351 pmhatum
1218 1283 1271 1337 est.

223 1359 338 1435 Deinde,
354 1377 454 1422 omnes
468 1379 574 1427 causae
587 1363 616 1420 in
627 1363 675 1420 illa
691 1363 838 1438 hypothesi
853 1363 993 1422 rationem
1003 1362 1140 1422 haberent
1150 1368 1200 1422 aut
1209 1361 1273 1422 ulti·

223 1444 309 1504 timae
324 1452 373 1506 aut
382 1448 502 1521 mediae,
520 1447 587 1522 quin
603 1462 703 1506 earum
718 1449 814 1524 aliqua
832 1453 906 1508 esset
919 1448 1021 1523 prima.
1039 1447 1071 1506 ld
1085 1451 1181 1508 autem
1191 1446 1272 1520 abso

222 1547 292 1590 num
307 1539 351 1592 est
364 1534 503 1592 strationi
519 1549 691 1608 repugnans.
705 1535 773 1594 Nam
789 1535 908 1594 inomni
923 1535 1002 1594 serie
1019 1533 1158 1608 ordinata,
1175 1532 1207 1592 in
1217 1549 1274 1608 qua

223 1617 279 1675 alia
294 1614 416 1693 pendent
429 1634 467 1677 ex
481 1619 554 1693 aliis,
571 1621 811 1693 quemadmodum
825 1619 969 1678 uitiatum
985 1619 1103 1694 cogitati
1116 1617 1217 1694 nequit
1233 1619 1272 1678 si·

222 1704 378 1777 1111111110,
394 1703 436 1763 sic
449 1703 582 1762 medium
599 1706 718 1778 cogitari
734 1705 832 1779 nequit
846 1705 907 1765 sine
921 1706 1030 1780 primo.
1048 1703 1087 1764 ld
1106 1703 1178 1763 illud
1194 1704 1273 1764 enim

221 1790 413 1848 necessariam
428 1790 514 1848 hahet
522 1791 698 1864 relationem,
712 1797 808 1866 utpote
820 1807 886 1850 cum
895 1791 1060 1850 interiectae
1069 1789 1111 1850 rei
1122 1789 1274 1850 cuiusdam

223 1875 369 1934 notionem
393 1874 501 1948 ailerat3
518 1891 591 1949 puae
606 1877 724 1951 proinde
739 1878 795 1936 duo
809 1877 981 1936 interiaccre
995 1882 1125 1936 1111111111
1139 1875 1273 1950 postulat,

187 1980 189 1983 ·
223 1974 345 2033 quotum
359 1961 525 2020 altemirum
536 1962 560 2020 si
574 1962 715 2036 dematur,
732 1963 793 2036 ipsa
808 1978 921 2037 quoque
936 1967 1033 2037 pereat
1047 1977 1165 2022 necesse
1180 1966 1234 2022 est.

261 2044 314 2103 Sed
328 2051 360 2103 ut
374 2047 478 2120 negligi
494 2047 564 2106 haec
579 2047 676 2120 velint,
693 2047 764 2106 illud
781 2055 873 2106 1111111
890 2048 982 2106 lixum
997 2063 1030 2106 ac
1048 2045 1150 2106 stabile
1164 2061 1276 2122 perma-

222 2133 281 2203 net,
297 2131 496 2190 necessitatem
509 2148 659 2208 supremae
675 2148 779 2192 causae
794 2148 830 2192 nc
846 2149 896 2208 per
911 2133 1074 2206 congeriem
1092 2131 1209 2207 quidem
1231 2131 1275 2190 in-

224 2215 335 2274 finitam
349 2217 465 2277 auferri.
477 2218 552 2277 llaec
568 2219 647 2278 enim
656 2219 754 2292 series,
771 2220 903 2294 quamvis
918 2219 1033 2278 inlinita
1048 2219 1181 2293 tingatur,
1199 2231 1273 2278 som·

167 2322 169 2326 ’
223 2315 275 2375 per
290 2307 385 2360 11111111
399 2319 515 2362 causam
532 2304 657 2378 aliquam
672 2305 801 2379 exposcit
817 2320 834 2364 a
849 2321 905 2379 qua
920 2303 1067 2378 prodierit.
1080 2303 1150 2362 Nam
1165 2303 1275 2363 contin·

156 2411 163 2421 ⁸
223 2387 319 2460 gentio
332 2386 457 2446 inhuius
472 2389 555 2446 seriei
571 2389 698 2463 partibus
713 2390 748 2447 ad
764 2389 942 2462 singularum
963 2389 1117 2448 essentiam
1136 2389 1269 2463 pertinet.

224 2469 282 2530 Toti
298 2472 384 2546 igitur
398 2473 555 2532 collectioni
571 2474 712 2546 congruit;
730 2487 784 2532 nec
800 2489 851 2546 per
867 2473 1012 2532 infinitum
1028 2473 1151 2548 partium
1166 2470 1276 2532 addita·
1320 2487 1325 2501 ·

223 2563 354 2616 mentum
376 2558 516 2619 remorari
532 2564 632 2632 potest.
654 2559 731 2626 Quod
756 2558 833 2616 enim
848 2559 998 2617 essentiale
1022 2565 1065 2618 ast
1080 2559 1220 2634 partibus,
1244 2557 1276 2618 id

224 2640 301 2699 demi
315 2643 422 2716 nequit,
438 2648 583 2718 utcunque
598 2657 697 2700 aarum
712 2658 824 2702 summa
840 2649 986 2717 augeatur.
1004 2643 1140 2712 Quocirca
1162 2642 1276 2703 infinita

225 2724 314 2785 istaec
327 2727 478 2787 multitudo
493 2729 660 2802 contingens
670 2743 770 2802 reapse
781 2735 865 2802 esset3
877 2735 905 2788 et
915 2729 989 2803 quod
999 2729 1191 2804 consequitur,
1207 2743 1277 2787 cau·

224 2825 287 2870 sam
301 2811 426 2886 aliquam
441 2819 523 2871 11111
537 2829 567 2872 se
583 2814 703 2888 positam
718 2813 856 2888 exigeret.
874 2814 962 2873 Causa
976 2813 1063 2888 igitur
1079 2813 1181 2888 prima,
1199 2827 1275 2888 quae

226 2898 392 2972 contingens
407 2914 464 2958 non
480 2898 517 2958 sit
531 2898 579 2957 sed
595 2905 688 2958 exstet
702 2899 729 2957 ti
745 2899 875 2973 propriae
883 2905 1010 2971 naturae,
1023 2899 1105 2958 vitari
1116 2899 1200 2974 plane
1213 2913 1276 2957 non

224 2986 324 3055 potest.
341 2983 430 3043 immo
444 2999 511 3044 11110
527 2991 638 3043 tantum
653 2985 734 3044 abest
750 2984 905 3043 utentibus
921 2983 1150 3058 contingentibus
1163 2985 1225 3042 sine
1239 2983 1274 3042 il·

223 3081 260 3124 ne
274 3067 477 3143 multiplicatis,
505 3085 608 3130 causae
634 3070 749 3129 tollatur
763 3069 928 3142 necessitas
946 3075 978 3128 ut
993 3070 1063 3129 haec
1078 3069 1144 3128 inde
1160 3067 1277 3128 infinite

223 3150 318 3224 potius
332 3164 474 3227 augescat.
492 3155 649 3214 dumenim
660 3171 711 3214 1111
723 3155 891 3228 contingens
901 3153 1042 3214 existendi
1053 3153 1278 3214 indifferentiam

223 3237 253 3296 ri
268 3253 320 3297 sua
334 3239 469 3299 exhibeat
483 3256 517 3299 ac
531 3242 649 3315 pminde
660 3241 921 3300 antenoreinlluxu
934 3247 1015 3314 egeat
1025 3239 1219 3313 deurmnarg
1233 3239 1279 3298 id-

224 3321 300 3382 cIrco
314 3329 357 3382 est
375 3329 408 3383 ut
422 3341 478 3399 quo
492 3325 575 3399 plura
588 3325 665 3384 entia
683 3325 824 3384 eiusmodi
844 3326 875 3384 in
898 3326 1026 3386 medium
1048 3323 1214 3400 afferantur,
1240 3337 1278 3384 eo

223 3407 316 3481 magis
330 3409 472 3468 alliciente
486 3409 580 3484 atiquo
595 3425 666 3483 opus
680 3409 725 3468 sit.
754 3410 995 3478 Quemadmodum
1013 3426 1070 3486 quo
1085 3410 1275 3486 plures'cate·
1382 3471 1383 3478 ,

224 3507 279 3550 nae
295 3493 443 3559 cuiusdam
457 3495 631 3569 ponderosae
640 3501 792 3555 nectuntur
808 3497 916 3569 annuli,
934 3511 967 3556 eo
982 3497 1046 3571 plus
1055 3497 1210 3556 necessitas
1226 3511 1280 3554 au-
1379 3546 1382 3559 .

225 3581 307 3649 getur
321 3579 414 3654 iulcri,
435 3595 491 3654 qtto
505 3580 563 3652 illa,
579 3595 617 3637 na
631 3585 753 3648 corruat,
780 3580 833 3640 niti
851 3582 943 3641 debet.
960 3582 1053 3650 Quare
1077 3581 1191 3641 entibus
1208 3595 1279 3640 con-

227 3659 399 3732 tingentibus
414 3665 476 3723 sine
487 3665 544 3723 tine
558 3663 658 3737 auctis,
675 3664 738 3722 sine
753 3665 809 3723 tine
819 3665 923 3738 pariter
933 3672 1053 3741 augetur
1061 3665 1217 3727 necessitas
1233 3665 1280 3724 ef-

226 3743 348 3804 ficientis
362 3749 518 3823 cuiusdam,
540 3765 577 3807 ex
591 3765 648 3823 quo
663 3765 763 3808 eorum
774 3749 845 3808 ratio
855 3751 1023 3812 sufficientis
1034 3757 1187 3828 repetatur.
1198 3749 1281 3810 Haec

227 3835 323 3890 11111111
337 3832 409 3891 ratio
418 3833 563 3894 sufficiens
576 3849 635 3892 non
644 3832 701 3893 nisi
715 3834 745 3893 in
761 3832 824 3894 erite
843 3838 1003 3897 necessario
1026 3837 1146 3912 reperiri
1169 3839 1279 3910 potest3

226 3915 368 3989 1101111111
380 3916 411 3976 id
424 3917 572 3978 dumtaxat
586 3919 668 3978 extra
678 3919 782 3982 seriem
789 3919 869 3982 illam
877 3921 1004 3996 positam
1013 3927 1066 3996 est,
1075 3937 1129 3984 noc
1143 3933 1280 3995 caluam,

227 3999 305 4061 unde
318 4001 524 4077 proticisaattu,
539 4004 677 4078 exposcit.
