2767 4492
147 372 151 381 ’
240 388 723 556 METAPHYSICAE
768 389 1077 500 SPEClALlS

497 641 630 711 eins
666 640 830 710 nulus

426 1078 901 1170 COSMOLOGIA

577 1306 754 1345 -w-

506 1701 638 1773 CAPUT
658 1702 817 1776 PRIMUM

335 1913 377 1960 DE
390 1913 489 1962 ΙΙῙΝΜ
510 1914 683 1962 murm
698 1906 741 1962 ΕΤ
753 1913 978 1964 coutinentem

175 2075 368 2138 strichenima
381 2077 453 2139 haec
466 2094 564 2139 rerum
577 2079 712 2139 machine
726 2085 842 2155 aspectu
855 2079 917 2156 ipso
931 2080 1061 2155 sentitur;
1084 2077 1181 2156 proin·

136 2160 228 2234 deque
240 2160 397 2222 ridiculum
406 2169 481 2223 esset
489 2164 552 2224 eins
559 2165 729 2225 existentiae
738 2165 1008 2238 demonstrationem
1016 2165 1090 2225 serio
1098 2181 1183 2240 quae·

133 2259 207 2304 rere.
222 2245 410 2307 Nihilominus
423 2264 475 2323 pro
488 2248 639 2310 hominum
652 2251 854 2310 nonuuiiorum
868 2250 1037 2326 pervicacia,
1054 2250 1176 2310 eiusmo

134 2328 164 2388 di
179 2330 307 2403 quaestio
321 2332 433 2406 penius
447 2335 696 2409 praetermittenda
709 2351 768 2396 non
782 2343 833 2411 est;
852 2337 901 2396 sed
922 2351 993 2409 rem,
1016 2335 1182 2408 ceteroquin

133 2413 292 2492 indubiam,
309 2416 556 2494 demonstratione,
573 2425 606 2479 ut
620 2420 710 2495 aiunt,
727 2421 767 2481 od
782 2421 931 2481 homiuem
945 2420 1126 2487 consumere,
1139 2425 1179 2478 at·

134 2513 191 2572 que
201 2499 238 2559 ab
248 2501 475 2563 adversariorum
490 2505 638 2566 constitus
651 2506 798 2566 vindicare
807 2506 953 2566 dehemus.
964 2505 1070 2564 Deinde
1081 2504 1181 2563 mnndi

132 2583 248 2645 interna
262 2587 386 2647 conditio
400 2590 636 2665 explicandam,
651 2607 723 2650 num
739 2605 806 2651 oum
822 2590 884 2666 ipso
899 2589 1028 2650 absoluto
1042 2595 1071 2649 et
1084 2588 1180 2648 infini-

132 2669 160 2723 to
173 2671 239 2724 ente
262 2668 399 2728 contundi
420 2671 519 2744 possit,
543 2686 581 2730 an
596 2671 726 2730 diverms
741 2671 777 2730 ab
795 2685 828 2730 eo
846 2671 1042 2744 discretusque
1063 2671 1109 2728 sit.
1125 2669 1176 2728 De

130 2763 211 2808 mum
226 2751 252 2810 si
265 2752 302 2811 ab
316 2759 382 2813 ente
392 2753 504 2814 infinito
514 2756 681 2827 secernitur,
692 2755 937 2814 numinchoatem
949 2771 986 2812 ex
997 2752 1092 2811 alieno
1102 2753 1180 2824 prin-

130 2832 204 2908 cipio
218 2841 247 2894 et
261 2837 473 2910 contingentem
487 2839 628 2912 originem
643 2837 762 2896 sortitus
776 2837 822 2910 sit,
839 2851 877 2896 an
891 2837 996 2894 existet
1010 2835 1114 2912 virtute
1128 2849 1180 2892 suu

129 2923 159 2978 et
172 2919 252 2978 sauli
271 2921 397 2993 quadam
410 2923 578 2981 necessitate
595 2927 724 2980 naturae.
748 2920 819 2980 Hinc
834 2921 930 2994 itaque
944 2920 982 2978 sit
999 2917 1124 2978 initium:
1151 2923 1180 2976 et

128 3004 231 3062 mundi
245 3004 305 3062 sive
319 3004 488 3077 mutimtem,
505 3005 565 3064 sire
579 3004 794 3063 distinctionem
814 3019 831 3062 a
849 3003 916 3078 neo,
937 3003 997 3064 sive
1012 3001 1179 3076 contingen-

132 3089 214 3161 tiam,
231 3087 293 3148 sive
307 3087 447 3163 originem
462 3093 584 3163 quatuor
598 3089 775 3163 exequamur
793 3087 928 3150 articulis.

502 3261 671 3322 Annrcnnus
694 3260 807 3321 Pruuus

335 3431 374 3493 De
387 3432 526 3494 obiectioo
549 3440 576 3492 et
589 3431 665 3492 reoli
681 3431 836 3527 menotio
849 3431 970 3492 mundi.
995 3425 998 3434 ’
1121 3521 1124 3527 Ι

168 3600 194 3662 1.
212 3602 252 3665 De
275 3609 406 3665 exstante
424 3603 531 3664 mundo
544 3594 715 3679 disceptatio
731 3601 875 3680 duplicem
889 3601 970 3678 ,apud
991 3597 1177 3676 phiiosophos

132 3685 300 3750 solutionem
312 3688 422 3763 habnt,
432 3689 582 3750 animis-in
592 3687 920 3769 contrariessententias
933 3685 1116 3748 abeuntibus.
1125 3686 1180 3746 ulii

133 3771 212 3830 enim
224 3774 444 3850 adspectanilem
457 3773 533 3834 hono
547 3790 644 3836 rerum
658 3774 799 3834 fabricem
813 3789 872 3836 non
886 3771 1010 3834 modoin
1020 3771 1103 3844 ideis,
1116 3769 1180 3844 qui·

132 3855 189 3917 bus
201 3858 352 3934 afficimur,
368 3859 419 3921 sed
432 3859 520 3921 etiam
529 3859 668 3922 obiective
680 3861 713 3921 in
728 3863 819 3922 seruet
831 3857 954 3924 mvemri
963 3857 1174 3930 confessisunt,
