2767 4492
507 314 586 358 runis
604 313 746 360 unnunnn
1095 300 1149 363 alt

106 401 210 461 cedens
224 399 353 461 officium
369 414 427 458 non
442 397 608 470 adstringat,
622 397 811 461 nihilominus
826 417 883 463 non
898 402 965 464 inde
980 400 1103 465 allicitur
1117 405 1149 460 ut

106 488 224 550 societas
240 486 356 560 factitio
375 485 493 545 dicatur.
516 482 650 541 Voluntas
669 484 797 545 enimin
817 502 851 546 eo
870 503 938 548 casu
957 489 1148 563 requireretur

105 589 163 634 non
178 573 215 630 ad
232 571 387 630 creandum
402 570 546 641 ordinem,
569 567 619 627 sed
633 584 712 628 more
729 571 765 629 ad
785 572 914 633 ordinem
933 574 986 633 sibi
1006 573 1148 647 applican-

106 658 187 729 dum,
206 657 280 731 quod
296 662 389 727 certe,
410 662 443 714 ut
463 655 588 712 burirauo
602 654 686 711 modo
702 656 769 731 liat,
792 657 944 717 voluntatis
958 660 1148 717 interventum

105 742 231 817 reqrririt.
247 741 338 801 Etiam
356 741 390 799 ad
412 738 569 798 ineundum
588 739 752 810 coniugium
771 742 901 801 uoluntas
918 744 1079 801 necessaria
1095 748 1146 801 est.

104 828 177 887 lium
195 826 299 886 idcirco
314 825 476 899 coniugium
498 838 553 883 non
572 824 702 883 naturale
720 825 770 883 sod
786 827 883 899 generi
897 826 1023 885 humano
1044 828 1148 886 adven·

105 912 200 971 titium
219 912 313 970 diees‘l
332 909 413 969 llliud
433 908 567 981 estquod
584 908 713 967 uoluntas
733 910 841 984 aliquid
861 917 954 983 ercet,
976 911 1054 969 aliud
1074 910 1149 983 tparod
1195 917 1197 923 '

104 997 233 1057 ordinem
251 1003 368 1054 naturae
383 998 566 1065 recognoscat
584 992 667 1066 eique
686 993 868 1068 obsequatur.
889 996 1014 1055 Primum
1033 1010 1094 1053 rem
1110 996 1149 1053 lu·

104 1082 212 1140 clitiam
223 1080 348 1152 exbibet,
361 1078 481 1136 alterum
490 1078 649 1135 naturalem
660 1078 709 1135 sed
721 1079 845 1138 bunnauo
856 1096 934 1139 naore
946 1079 1146 1153 peragendam.

104 1168 180 1239 ignis
194 1172 269 1224 certe
285 1180 341 1223 nou
356 1163 505 1234 comburit,
523 1162 579 1220 uisi
593 1163 729 1221 materiae
745 1164 938 1223 combustibili
953 1165 1147 1224 admoventur.

103 1250 220 1313 Dicesne
235 1258 382 1323 propterea
397 1247 622 1305 combustionem
637 1262 694 1305 non
709 1264 770 1307 esse
786 1250 962 1308 naturalem?

137 1336 208 1395 llinc
222 1333 389 1407 intelligitur
399 1333 539 1406 quomodo
554 1332 620 1391 licet
634 1333 755 1391 societas
766 1334 903 1393 naturalis
918 1335 1026 1393 bonrini
1042 1335 1090 1408 sit;
1110 1339 1148 1393 ta·

102 1434 170 1478 men
181 1418 243 1476 sine
254 1416 359 1475 iniuria
368 1424 486 1474 naturae
502 1416 778 1489 possitindiriduum
790 1419 930 1477 ueletiam
941 1419 1147 1492 lanriliaquan-

102 1505 195 1576 douae
209 1508 291 1562 extra
302 1501 385 1560 civile
396 1501 569 1559 consortium
580 1516 726 1575 segregem
741 1508 768 1559 ot
783 1510 943 1577 separatam
953 1504 1041 1561 vitum
1051 1519 1144 1578 agere,
1207 1523 1210 1528 ·

102 1590 268 1666 praesertim
283 1590 307 1646 si
323 1604 426 1660 magun
440 1602 560 1646 numero
574 1602 762 1659 personarum
776 1594 894 1647 constet.
914 1590 982 1647 Cum
997 1588 1075 1647 enim
1089 1596 1147 1649 teu-

102 1675 198 1733 dentia
212 1673 420 1733 adsocietatcm
434 1672 618 1731 subordinate
628 1674 665 1729 sit
680 1672 731 1730 lini
745 1673 846 1732 ultimo
861 1679 889 1731 et
903 1674 1005 1732 oiliciis
1020 1673 1145 1747 quaein·

101 1760 136 1819 de
151 1763 379 1832 consequuntur,
397 1756 421 1814 si
434 1756 542 1814 familia
557 1756 628 1814 forte
643 1756 717 1814 adsit
732 1772 805 1830 nune
816 1766 891 1817 certo
902 1758 1048 1831 dignoscat
1064 1774 1146 1831 posse

101 1862 131 1904 se
147 1852 228 1904 extra
242 1844 324 1903 civile
340 1843 515 1903 consortium
528 1842 558 1901 in
576 1842 651 1900 lrunc
666 1842 753 1901 tinem
768 1844 953 1903 obtinendum
968 1844 1143 1918 incumbere,

100 1937 128 1990 et
143 1945 275 2004 agrorum
290 1934 339 1987 aut
355 1944 491 2002 pecorum
506 1927 582 1986 trouu
598 1927 652 1985 sibi
668 1929 735 1987 satis
751 1927 911 2003 providere;
928 1946 962 1989 ea
977 1936 1052 1989 certe
1067 1930 1146 1991 nulla

101 2018 272 2090 obligatione
288 2016 429 2075 tenebitur
446 2016 482 2072 ad
496 2016 659 2075 societatem
674 2015 858 2090 ampliorem,
881 2030 955 2091 quae
971 2015 1062 2076 ciuilis
1077 2016 1145 2075 dioi-

103 2108 157 2173 tur,
174 2102 351 2161 retinendam
365 2100 410 2157 uel
425 2099 590 2157 ineundam.

135 2187 207 2246 llino
225 2186 311 2244 etiam
328 2183 449 2241 infertur
466 2182 541 2256 quod
561 2181 586 2240 si
607 2183 671 2257 quis
690 2184 786 2243 divino
807 2186 893 2245 dirctu
911 2186 941 2245 in
959 2186 1141 2248 solitudinem

100 2272 203 2343 agitur,
220 2275 252 2327 nt
266 2284 296 2327 se
310 2268 423 2326 divinae
437 2267 667 2339 contemplationi
683 2270 795 2340 penitus
812 2272 936 2344 addicat,
953 2276 980 2329 et
995 2288 1064 2331 cura
1079 2290 1141 2347 per-

100 2354 214 2414 dciendi
229 2354 357 2412 animum
373 2357 520 2411 contentus
536 2352 635 2409 ceteris
650 2353 724 2411 uitae
738 2356 912 2426 commodis,
934 2372 1007 2429 cinae
1027 2374 1044 2414 a
1064 2358 1141 2415 cirili

99 2441 231 2498 societate
246 2437 430 2512 proveniunt,
452 2452 482 2494 se
497 2436 617 2493 libenter
632 2436 760 2508 abdicet;
777 2438 812 2495 iis
827 2440 951 2511 prolecto
967 2439 1050 2497 altius
1068 2442 1140 2499 vitoe

98 2540 188 2597 genus
202 2522 269 2595 init,
285 2536 371 2596 quam
386 2520 423 2579 sit
436 2522 553 2592 uulgare
568 2529 596 2577 et
610 2536 760 2579 commune
776 2528 933 2579 ceterorum
950 2521 1099 2580 hominum
1114 2542 1141 2582 e·

78 2604 81 2615 '
98 2609 168 2667 tiam
181 2607 211 2666 in
227 2608 359 2667 societate
378 2605 551 2679 degentium.
571 2604 689 2663 Proinde
705 2621 761 2664 non
777 2605 995 2680 villiperutione,
1017 2607 1066 2663 sod
1084 2607 1141 2664 lau-

97 2695 145 2765 de3
162 2709 218 2753 non
238 2691 401 2765 contemptu
420 2692 469 2749 sed
485 2690 672 2749 admiratione
686 2698 730 2749 est
744 2691 857 2767 dignus.
873 2692 976 2749 Verum
997 2690 1021 2748 si
1036 2690 1072 2748 ab
1087 2692 1141 2750 hac

96 2777 211 2837 vivendi
224 2778 343 2849 ratione,
360 2792 433 2850 quae
449 2776 713 2849 supernaturalibus
727 2776 843 2835 lulcitur
858 2774 1049 2848 adminiculis,
1061 2790 1141 2835 men·

97 2868 155 2920 tem
164 2862 366 2933 abstrahimus,
379 2867 407 2918 et
421 2860 513 2919 solum
524 2861 683 2918 naturalem
695 2860 826 2918 ordinem
835 2860 1065 2933 consideramus,
1078 2874 1139 2933 pro·

96 2946 170 3003 lecto
185 2950 275 3002 status
290 2944 431 3015 solivagus
446 2948 527 3001 extra
541 2951 701 3001 ceterorum
717 2943 864 3003 bominum
880 2943 1040 3003 convictum
1056 2945 1141 3005 nullis

96 3036 214 3086 naturae
230 3028 386 3101 praeceptis
401 3027 528 3084 absolute
543 3027 719 3099 probibotur.
736 3028 865 3086 litamen
881 3044 930 3101 per
945 3044 974 3086 se
990 3029 1071 3099 longo
1088 3028 1140 3087 im·

96 3113 247 3187 perfectior
261 3118 303 3171 est
318 3116 392 3170 statu
407 3111 497 3183 civili,
515 3111 655 3184 siquidem
670 3112 806 3169 subsidiis
821 3120 916 3185 caret,
937 3112 1040 3187 quibus
1055 3112 1101 3169 ille
1113 3128 1141 3170 a·

96 3198 217 3271 bundat,
241 3213 294 3255 nec
308 3195 487 3254 individuum
501 3211 535 3253 ea
551 3195 723 3269 perfectione
737 3198 842 3255 <lunare
858 3204 948 3273 potest
963 3212 1034 3274 qliae
1050 3198 1078 3255 iu
1091 3212 1139 3273 pa-

97 3284 178 3345 citioa
193 3290 221 3342 et
235 3283 363 3343 ordinata
378 3282 511 3343 societate
525 3281 660 3355 facillime
675 3291 865 3359 comparatur.

502 3453 671 3515 drrrrcuuus
686 3452 729 3515 lll.

409 3624 447 3683 Dc
460 3639 542 3701 scopo
557 3624 701 3684 societatis
720 3624 823 3684 ciuilia.

132 3797 192 3857 150.
209 3798 324 3857 llaximi
335 3795 472 3856 momenti
487 3801 529 3855 est
543 3796 573 3855 in
583 3796 645 3855 iure
659 3796 756 3856 sociali
772 3814 906 3871 praesens
917 3796 1078 3869 vestigati03
1095 3796 1135 3857 id-

95 3897 152 3959 que
168 3882 270 3957 triplici
284 3882 463 3967 potissimum
476 3897 514 3945 ex
528 3898 623 3945 causa.
636 3882 771 3963 Primum,
783 3883 851 3961 quia
865 3882 1001 4031 nisiltiuis
1016 3882 1132 3945 societa-

905 3972 917 4027 l
