2767 4492
244 305 297 365 188
328 354 331 358 .
570 316 780 362 murmuretur
795 313 958 360 uouemus

236 406 314 465 circa
328 405 404 478 quod
417 404 537 464 scientio
550 404 596 462 vel
611 401 684 462 actio
700 401 793 474 aliqua
809 405 945 473 versetur,
957 397 993 456 ed
1006 412 1122 458 mnsam
1131 398 1278 469 formalem

235 489 336 548 reduci
348 494 448 562 potest.
465 490 642 562 Quamquam
656 486 734 544 eninr
749 500 782 544 eo
792 484 907 543 nomine
918 482 947 541 id
957 483 1083 556 pressius
1093 483 1275 558 intelligatur,

235 573 311 648 quod
324 573 495 633 intrinsecus
509 573 669 632 subiectum
683 575 795 644 aomat3
817 575 912 628 tnmen
926 569 1025 629 latiore
1040 583 1126 628 sensu
1140 568 1278 643 quidquid

236 658 362 732 speciem
375 657 589 731 realitatemqne
602 655 719 714 alterins
732 655 826 729 aliquo
836 654 921 714 modo
930 653 1046 712 metitur
1059 658 1089 711 et
1097 653 1276 728 determinet,

235 757 323 801 ceusu
348 743 474 801 eiusdem
495 740 624 800 'formalis
644 739 758 800 dicitur.
785 739 875 808 Quare
897 754 963 799 cum
982 737 1125 798 obiectum
1145 738 1182 798 sit
1202 739 1277 814 quod

237 827 342 886 actioni
355 828 400 886 rel
416 827 550 886 scientiae
561 825 686 900 speciem
696 825 841 899 elargitur,
851 830 967 900 propter
981 823 1110 884 ordinem
1123 839 1209 898 quem
1224 825 1278 884 hae

236 914 272 972 ed
286 914 380 986 ipsum
394 914 542 973 involvunt
556 913 606 987 (in
623 918 735 972 tentum
753 912 831 971 enim
846 911 919 980 ectio
940 902 986 971 rei
1003 911 1123 970 scientie
1137 909 1201 970 telis
1215 917 1275 985 est,

234 998 266 1057 in
280 1005 418 1073 quantum
432 999 509 1059 circe
528 999 583 1058 tole
598 1003 727 1058 versatur
741 998 900 1071 obiectum)
912 1017 919 1071 ;
935 997 1058 1056 efficitur
1075 996 1143 1056 hinc
1157 1001 1190 1056 ut
1203 996 1277 1056 obie

236 1088 315 1144 ctum
330 1085 416 1144 etiam
431 1099 517 1144 cause
530 1084 676 1153 formalis,
693 1083 742 1142 sed
757 1087 894 1156 externe,
911 1087 1036 1142 rocetm.
1052 1081 1180 1155 Denique
1194 1097 1279 1141 causa
1343 1121 1347 1130 ·

237 1169 409 1244 exemplaris
430 1169 527 1229 reduci
546 1175 638 1244 potest
659 1168 771 1229 turned
790 1168 925 1240 finalem,
943 1166 1010 1241 quie
1028 1166 1089 1224 eins
1107 1165 1227 1225 imitatio
1241 1166 1277 1226 eb

235 1253 344 1314 artifice
355 1254 527 1328 intenditur3
546 1260 607 1312 tum
622 1254 658 1312 ad
672 1253 830 1326 formalem,
849 1252 917 1325 quia
931 1251 1109 1310 extrinsecus
1123 1251 1223 1309 saltem
1238 1253 1277 1310 ef·

234 1339 342 1398 fectum
356 1340 392 1398 ed
407 1339 452 1398 sui
467 1339 681 1398 similitudinem
696 1337 910 1414 producendum
928 1336 1113 1409 determinet,
1130 1350 1195 1395 cum
1211 1336 1276 1395 erti-

234 1423 282 1482 fici
296 1424 455 1498 suppeditet
472 1427 593 1484 formam
607 1423 720 1483 effectui
731 1422 911 1482 tribuendum
921 1421 952 1480 in
963 1436 1052 1495 eoque
1067 1420 1273 1480 delineandam.

271 1508 314 1567 56.
331 1510 372 1580 nt,
383 1514 416 1568 nt
429 1508 565 1581 diximus,
578 1524 680 1567 causae
695 1523 800 1566 nomen
815 1507 967 1581 praecipue
982 1506 1116 1565 efficienti
1131 1505 1274 1579 tribuitur,

237 1609 309 1667 quoe
323 1593 437 1652 deliniri
450 1599 559 1667 potest:
576 1609 625 1651 crts
641 1592 772 1666 aliquod,
785 1592 864 1666 puorl
879 1593 989 1650 actione
1003 1608 1060 1650 suo
1073 1591 1149 1650 reoli
1162 1599 1188 1650 el
1203 1591 1276 1666 pirp-

236 1678 298 1736 sico
310 1693 419 1736 munus
432 1676 568 1752 producit
582 1677 768 1736 uiolentiam
785 1679 809 1734 t,
821 1677 881 1744 Qua
890 1676 1056 1736 definitione
1071 1691 1088 1736 e
1103 1675 1204 1734 ceteris
1213 1686 1276 1734 cau-

281 1851 291 1895 i
309 1851 356 1896 Etsi
372 1849 499 1912 eiiqnendo,
515 1850 573 1912 epod
587 1851 678 1896 Greecos
691 1851 819 1912 preesertim
827 1885 834 1912 ‚
849 1850 982 1912 principium
997 1849 1088 1912 quodvis
1102 1849 1171 1896 entire
1185 1848 1279 1894 influens

239 1919 305 1971 αἰτία
318 1927 423 1972 nimirum
436 1941 506 1973 cem
520 1926 588 1972 soient
602 1928 725 1989 nomineri3
741 1933 813 1973 temen
832 1927 934 1974 severiori
945 1911 1078 1989 ¹receptione
1095 1925 1209 1986 utriusque
1225 1939 1279 1970 oon-

236 2008 312 2063 eeptus
332 2002 412 2065 oppido
431 2002 513 2048 diflert.
534 2003 669 2064 Quemquam
686 2004 746 2048 enim
765 2003 836 2048 omnis
855 2018 918 2050 ceuse
937 2002 1071 2065 principium
1085 2001 1132 2064 sit,
1147 2006 1218 2048 temen
1234 2016 1278 2047 non

237 2093 303 2140 omne
320 2078 453 2140 principium
471 2082 503 2123 esi
522 2093 593 2123 censs.
610 2079 638 2122 Et
655 2078 819 2140 quoniem¹hoo
838 2078 954 2124 discrimen
977 2071 1039 2123 reide
1054 2080 1130 2122 notetu
1143 2075 1233 2137 dignum
1247 2079 1279 2120 est

238 2168 278 2215 pro
292 2153 339 2210 iis,
355 2153 392 2215 qui
410 2152 529 2214 theologiee
550 2169 637 2217 opernm
656 2153 728 2199 deturi
742 2160 812 2214 snnt3
830 2153 889 2200 utile
902 2155 943 2198 erit
960 2149 1034 2216 ipsum
1048 2151 1207 2215 eliquentnitrm
1222 2167 1278 2198 enu-

237 2229 315 2275 cieere.
392 2235 397 2243 '

281 2305 416 2367 Principium
430 2305 497 2366 igitur
511 2306 631 2366 permetiri
645 2306 775 2367 intelligitur
789 2307 816 2352 id
829 2322 844 2352 o
858 2320 904 2366 quo
919 2308 1013 2366 aliquid
1027 2311 1151 2365 utcumque
1164 2305 1276 2364 procedit.

236 2383 284 2436 ilus
296 2383 322 2428 in
336 2398 360 2428 re
371 2382 586 2438 enimedrertendnrn
600 2382 666 2428 estin
677 2384 762 2446 primis,
775 2383 803 2428 ed
815 2383 926 2429 notionem
940 2382 1043 2445 principii
1059 2382 1176 2446 pertinere,
1189 2387 1213 2427 ut
1223 2382 1279 2428 inter

236 2459 308 2520 ipsum
323 2463 345 2504 et
358 2458 391 2512 id,
406 2458 463 2520 qnod
482 2459 597 2521 propedit,
614 2459 738 2505 consecutio
753 2459 826 2521 edique
840 2464 862 2505 et
877 2475 943 2506 nerue
958 2457 1086 2505 intercedet.
1103 2459 1144 2514 Qui
1159 2457 1246 2521 quidem
1260 2458 1279 2503 si

235 2535 328 2581 exterior
341 2539 374 2580 est
387 2534 498 2581 domtem
510 2539 533 2580 et
546 2534 595 2581 rino
608 2535 692 2581 intinxo
706 2535 796 2581 eetionis
811 2535 877 2581 nnius
892 2536 915 2580 in
930 2535 1036 2590 eiterum,
1052 2534 1200 2580 denominetio
1214 2534 1279 2596 prin-

235 2611 287 2674 cipii
302 2611 367 2658 istius
381 2613 474 2658 sumitur
489 2611 634 2680 tribuiturque
648 2613 712 2658 rebus
726 2612 901 2676 qoempIuribus‚
918 2627 974 2674 queo
990 2612 1121 2658 intrinsecus
1136 2627 1181 2658 non
1195 2627 1278 2657 eonne-

185 2722 188 2726 Δ
235 2693 332 2734 ctontur.
353 2688 388 2734 Sio
409 2689 493 2734 retione
510 2687 653 2734 successionis
673 2689 802 2752 negotium,
819 2688 877 2734 unde
899 2693 969 2735 cetere
991 2688 1137 2751 inchoemus,
1154 2687 1279 2734 eorumdem

235 2764 369 2827 principium
383 2764 481 2825 dicitur3
498 2779 575 2810 rurore
586 2799 594 2827 ‚
606 2763 665 2810 unde
684 2763 731 2810 dies
746 2764 874 2827 exorditur,
891 2766 938 2811 eius
952 2765 1086 2827 principium
1100 2763 1228 2827 eppeiletnr.
1252 2765 1281 2810 tit

234 2855 286 2885 vero
300 2841 319 2884 si
334 2839 391 2885 inter
406 2840 538 2903 principium
552 2844 575 2885 et
587 2838 629 2901 id,
646 2838 702 2900 qnod
723 2855 747 2886 er
766 2841 814 2900 ipso
833 2840 949 2903 procedit,
966 2855 1010 2886 non
1029 2840 1191 2903 queliscumqne
1211 2855 1280 2886 nexus

146 2950 155 2970 ,
234 2920 335 2962 exterum
351 2915 426 2979 edsit,
442 2916 480 2962 sed
498 2916 586 2962 interne
605 2916 710 2961 connexio
724 2921 746 2962 et
760 2931 823 2962 verns
837 2916 928 2963 sotionis
944 2917 1057 2979 iniinrns3
1073 2921 1125 2962 tune
1139 2916 1205 2963 huius
1219 2916 1279 2964 uocis

234 2993 345 3055 usur-petio
359 2993 455 3054 pressior
468 2992 511 3038 erit
523 2992 637 3053 magisque
650 2992 746 3054 proprie.

280 3068 322 3114 Sed
337 3068 469 3130 principium
484 3067 600 3131 eiusmodi,
612 3068 670 3130 qnod
685 3067 766 3114 ideirco
780 3069 811 3114 sic
826 3068 951 3125 nominetur
965 3071 1016 3131 quie
1030 3075 1117 3116 eetnose
1131 3069 1213 3131 influit,
1226 3068 1280 3115 nnl-

234 3144 280 3190 lum
295 3150 328 3191 est
342 3145 366 3189 in
380 3144 445 3190 robus
459 3145 555 3206 orestis,
570 3143 627 3205 qnod
647 3143 688 3189 hoe
708 3145 755 3207 ipso
773 3149 881 3191 retionem
895 3160 973 3192 censeo
988 3160 1032 3191 non
1047 3145 1132 3192 induet.
1154 3146 1180 3191 In
1201 3127 1280 3192 creirtis

234 3221 295 3265 enim
309 3219 394 3266 nullum
408 3223 441 3265 est
455 3232 530 3282 opens,
542 3218 600 3280 qnod
613 3219 683 3280 possit
697 3220 782 3266 notione
797 3236 835 3266 sne
851 3221 949 3267 eumdem
964 3237 1054 3268 numero
1067 3227 1176 3284 notorem,
1188 3236 1243 3284 qnee
1254 3221 1280 3266 in

232 3296 281 3357 ipio
296 3299 342 3357 est,
358 3295 519 3341 communicere
533 3310 583 3339 cnm
598 3309 641 3357 eo,
657 3295 715 3356 qnod
726 3311 751 3342 ex
762 3296 809 3357 ipso
825 3296 929 3357 procedit.
946 3297 991 3343 Hoc
1006 3298 1065 3344 enirn
1081 3297 1189 3344 infinitum
1204 3297 1280 3358 exqui-

234 3374 292 3416 reret
304 3369 468 3432 perioctionem‚
484 3375 507 3416 et
520 3369 616 3416 hnmeno
635 3376 700 3432 cepte
717 3371 959 3432 incomprehensibiiem
978 3357 1153 3420 foecunditetem.
1173 3371 1281 3428 Quociree

176 3489 186 3498 ,
233 3447 311 3492 meotis
330 3447 353 3492 in
374 3446 440 3494 rebus
454 3445 561 3508 quidquid
576 3460 602 3490 er
615 3445 688 3505 eiiquo
708 3446 816 3507 principio
831 3447 914 3510 oritur,
927 3447 991 3494 idem
1010 3448 1110 3496 eiiect'nm
1124 3464 1170 3494 esse
1184 3451 1278 3510 oportet.

234 3525 323 3584 Semper
333 3523 392 3569 enirn
408 3526 509 3569 ueterem
523 3537 548 3567 ec
562 3520 683 3568 reelitetem
696 3521 775 3584 reeipit
788 3537 801 3567 e
816 3523 914 3585 reeiiteto
927 3525 962 3569 sui
976 3525 1081 3588 principii
1098 3541 1187 3571 numero
1202 3524 1280 3570 saltem

234 3597 374 3660 distinctum,
390 3613 415 3643 ec
428 3597 521 3660 proinde
535 3596 694 3659 dependentem
709 3597 845 3643 existentiam
860 3605 979 3644 mutuetur.
995 3600 1153 3646 'i'enturnmodo
1168 3601 1192 3646 in
1208 3615 1280 3660 eupu-

235 3673 329 3718 stissimo
343 3673 456 3720 Trinitetis
470 3673 582 3735 quterio,
598 3672 690 3718 docente
704 3673 765 3735 Fide,
782 3673 903 3736 exemplum
919 3674 1022 3722 hebemus
1037 3676 1141 3739 principii
1156 3675 1280 3730 cniusdem,

235 3746 293 3808 quod
307 3752 393 3794 ertnose
407 3751 431 3794 in
444 3747 510 3795 eiiem
524 3763 639 3812 personum
654 3747 728 3794 induit
745 3749 889 3811 impertiendo
903 3759 1022 3816 petorem,
1039 3768 1079 3798 nec
1096 3757 1169 3798 temen
1183 3756 1218 3798 est
1231 3751 1280 3798 eins

234 3837 300 3870 oense
310 3857 318 3886 ‚
334 3829 448 3888 propteree
461 3825 520 3888 quod
540 3823 611 3872 eidem
631 3839 678 3870 non
698 3828 800 3872 petorem
813 3841 826 3873 e
841 3842 864 3874 so
877 3825 1022 3891 distinctem‚
1037 3829 1076 3875 sed
1090 3843 1153 3876 suem
1166 3829 1281 3892 proprium

234 3899 367 3962 impertitur.
