2767 4492
519 402 598 448 rums
615 400 758 447 nnnunns
1107 384 1157 446 231

110 498 167 554 tute
182 493 336 563 iruuntur3
352 503 421 563 crgo
434 502 534 548 omnes
548 484 716 561 aequalibus
731 484 843 545 iuribus
855 485 1002 545 emantur.
1023 482 1102 553 Quod
1119 484 1160 542 ita

108 594 167 639 non
176 582 228 650 est;
241 574 383 649 siqnidem
397 588 435 632 ex
449 573 580 632 libertate
594 586 653 630 non
668 570 825 643 aequalitas
839 570 946 629 iunium
961 568 1010 627 sed
1024 568 1159 642 inaequa-

110 664 174 723 litas
188 662 282 737 potius
297 659 428 733 emergit.
444 659 513 718 Nam
529 657 664 729 allectus,
681 656 730 728 qui
745 670 782 713 ex
797 654 927 713 libertate
942 654 1088 725 oriuntur,
1103 652 1158 712 hoc

107 748 171 821 ipso
185 744 262 821 quod
277 760 314 803 ex
327 742 458 802 libertale
472 742 613 814 oriuntur,
630 740 735 799 diversi
750 744 826 812 sunt,
842 738 992 801 diversius
1007 743 1103 799 autern
1117 738 1156 797 ei·

107 834 235 892 tactuum
256 828 450 889 diversitatem
473 825 581 886 iurium
599 825 765 900 coustituit,
792 840 865 899 quac
883 828 1014 883 concrete
1032 828 1157 896 spectata

108 932 253 991 sempera
267 915 343 973 lacto
357 913 454 987 aliquo
467 910 704 971 determinantur.

90 1048 96 1059 .
142 1001 269 1073 Deinde,
290 998 326 1057 ad
351 997 513 1056 libertatem
537 995 708 1055 servandam
732 994 858 1055 medium
881 992 1013 1069 proponit
1033 990 1156 1052 libertati

105 1085 234 1144 manime
245 1084 400 1153 intensum,
412 1080 496 1153 quale
511 1086 555 1139 est
569 1079 737 1153 exspoliatio
748 1079 878 1139 omnium
888 1078 1005 1138 iuriunr.
1023 1078 1068 1137 Sic
1078 1078 1156 1136 eninr

105 1186 228 1243 persona
246 1169 277 1227 in
294 1182 356 1225 rem
374 1166 490 1241 penitus
509 1166 728 1224 transformatur
746 1170 775 1224 et
792 1179 904 1224 merum
922 1163 1098 1238 mancipium
1113 1178 1156 1222 so·

106 1254 216 1313 cietatis
230 1250 363 1312 eflicitur.
384 1251 440 1310 Nec
453 1250 661 1324 reciprocatio,
678 1264 767 1324 quam
785 1250 890 1322 iactat,
908 1248 970 1307 iura
988 1248 1036 1307 illa
1055 1246 1157 1307 indivi-

105 1338 171 1397 duis
184 1336 317 1407 restituit3
334 1335 476 1409 siquidem
486 1336 557 1394 baec
571 1350 629 1394 non
646 1333 724 1395 aliud
739 1334 899 1409 largiretur,
911 1334 967 1393 nisi
977 1332 1095 1407 aequale
1109 1332 1155 1393 ius

105 1422 234 1495 suffragii
247 1422 278 1480 in
293 1419 416 1494 publicis
433 1418 694 1480 deliberationibus.
716 1420 844 1478 Ceterum
862 1419 938 1477 bona
955 1417 1051 1477 omnia
1069 1422 1097 1477 et
1115 1418 1155 1476 la·

102 1504 222 1565 cultates
236 1511 264 1563 et
280 1505 367 1564 vitam
379 1505 472 1579 ipsam
485 1504 664 1578 singulorum
676 1503 784 1563 civium
799 1504 852 1563 sub
863 1502 969 1562 ditione
979 1501 1111 1561 absoluta
1125 1506 1155 1560 et

105 1588 222 1648 arbitrio
235 1588 424 1664 pluralitatis
434 1589 581 1663 relinquit.
601 1588 673 1662 Ergo
688 1588 810 1663 quisque
825 1586 895 1647 civis
911 1586 1052 1662 tyrannidi
1067 1586 1155 1645 subii-

104 1679 225 1732 ceretur.
242 1674 332 1733 lmmo
346 1673 410 1747 ipsa
419 1672 582 1748 pluralitas
593 1672 623 1732 in
641 1673 742 1732 eodem
752 1672 916 1732 discrimine
929 1675 1068 1731 versetur.
1084 1671 1155 1729 llam

103 1757 218 1831 singula
232 1758 295 1817 elue
309 1757 459 1831 membra,
477 1757 719 1833 quemadmodum
732 1772 766 1817 eo
782 1762 925 1833 tempore,
941 1772 998 1832 quo
1017 1754 1155 1815 maiorem

103 1858 258 1903 numerum
275 1842 421 1915 conllant,
442 1842 472 1901 in
497 1847 605 1901 ceteros
624 1842 752 1902 absolute
771 1842 972 1917 dominantur;
998 1842 1040 1901 sic
1057 1844 1155 1916 postea

103 1934 218 2003 propter
233 1927 406 1987 contrariam
416 1926 635 2001 pluralitatem,
647 1942 721 2001 quae
736 1927 841 2001 iugiter
855 1926 951 1986 enasci
965 1930 1065 2001 potest,
1078 1940 1154 1984 carn-

103 2012 170 2071 dem
184 2013 319 2071 miseram
336 2010 528 2071 conditionem
543 2010 690 2070 subibunt.
707 2012 747 2070 lta
763 2012 883 2071 societas
892 2012 923 2070 in
936 2025 1042 2084 vagum
1055 2024 1153 2084 qnem-

103 2096 171 2155 dam
185 2100 214 2156 et
226 2101 396 2171 perpetuum
410 2094 614 2168 despotismum
630 2097 879 2169 transmutabituq
897 2112 954 2171 quo
963 2096 1040 2155 cives
1055 2109 1154 2153 omnes

103 2180 239 2240 effraenis
253 2180 402 2239 cuiusdam
416 2183 446 2237 et
459 2179 562 2237 incerti
577 2178 686 2238 domini
701 2181 818 2241 arbitrio
837 2180 1000 2255 commissi,
1017 2179 1154 2239 deteriore

103 2262 170 2335 iugo
185 2268 362 2337 premantur,
379 2276 467 2335 quarn
480 2268 577 2321 vetera
590 2261 772 2323 ethnicorum
786 2265 940 2339 mancipia.

138 2346 239 2419 Tertio,
251 2347 432 2405 manifestam
447 2346 699 2405 contradictionem
717 2348 848 2421 incurrit,
865 2354 1014 2423 propterea
1027 2350 1102 2424 quod
1116 2364 1153 2409 ex

104 2446 164 2489 nna
178 2437 259 2507 parte
273 2432 434 2491 libertatem
448 2429 653 2490 individualem
668 2431 788 2490 alienari
799 2448 856 2491 non
869 2448 951 2507 posse
966 2434 1101 2508 decernit,
1114 2436 1154 2494 id·

104 2530 161 2591 que
177 2523 324 2592 amquam
338 2516 556 2575 fundamentum
573 2514 744 2590 totiuspacti
756 2516 868 2576 socialis
878 2518 1032 2590 constitnit,
1050 2517 1154 2577 exalia

105 2600 254 2661 individua
267 2602 308 2662 ita
325 2618 378 2661 sna
396 2600 460 2660 iura
477 2601 674 2661 communitati
692 2600 793 2659 cedere
812 2600 911 2675 iubet,
928 2606 959 2659 ut
977 2616 1012 2660 ea
1031 2601 1153 2675 amplius

103 2702 239 2767 revocare
252 2691 404 2762 nequeant.
421 2687 496 2746 llaec
505 2690 602 2745 autem
613 2685 795 2745 vehementer
803 2692 933 2762 pugnant
944 2686 1019 2745 inter
1029 2702 1069 2745 se.
1082 2687 1152 2746 Nam

104 2771 150 2831 vcl
168 2772 349 2832 individuum
363 2772 403 2830 ita
417 2776 520 2829 natura
534 2786 587 2830 sua
602 2776 644 2830 est
659 2770 745 2842 liber',
761 2778 794 2830 ut
807 2787 956 2845 uunquam
970 2770 1152 2830 irrevocabili

104 2862 187 2930 pacto
202 2873 232 2915 se
246 2857 372 2930 obligare
387 2856 477 2929 possit
495 2855 589 2929 alicui,
607 2860 635 2914 et
650 2860 718 2914 tunc
733 2871 769 2915 ne
785 2856 834 2915 toti
849 2856 965 2930 quidem
980 2855 1091 2929 corpori
1106 2870 1149 2915 so·

104 2939 169 2998 ciali
184 2942 224 2999 ita
238 2940 449 3013 submittendus
464 2944 516 3011 est,
529 2946 562 2998 ut
575 2942 657 2999 netas
670 2941 697 3000 ei
712 2942 748 2999 sit
763 2959 780 3001 a
794 2946 941 3001 contractu
953 2941 1002 3000 illo
1017 2941 1151 3016 deinceps

103 3023 222 3084 resilire.
249 3024 298 3082 l'el
318 3030 457 3098 perpetua
474 3028 502 3083 et
520 3024 714 3084 irrevocabilis
733 3026 867 3100 obligatio
886 3026 1009 3087 libertati
1029 3026 1151 3085 naturali

102 3108 227 3168 bominis
241 3124 298 3167 non
313 3113 453 3183 repugnat
464 3127 471 3181 ;
483 3114 516 3171 ,et
532 3114 598 3167 tunc
613 3110 720 3169 corruit
734 3110 972 3185 fundamentum,
990 3127 1046 3185 qno
1061 3112 1150 3172 Rous-

103 3210 172 3253 seau
185 3193 294 3267 nititur,
312 3193 348 3251 ad
361 3193 511 3267 proprium
526 3198 649 3267 systema
663 3194 858 3255 excitandum.
875 3196 954 3265 Quod
969 3200 1065 3255 autern
1084 3196 1150 3255 sub·

103 3276 203 3351 iungit:
219 3278 328 3336 idcirco
342 3278 506 3353 pact-ionem
525 3286 692 3338 contractus
710 3280 826 3339 societis
841 3297 860 3339 a
877 3280 1004 3354 sinentis
1018 3297 1151 3340 seorsum

101 3362 267 3422 indiuiduis
282 3363 415 3422 reuocari
427 3378 488 3422 amn
497 3378 588 3439 posse,
606 3364 680 3439 quia
697 3365 816 3439 coactio,
828 3382 905 3441 quae
919 3366 988 3425 inde
1002 3367 1148 3441 sequitur,

101 3446 136 3507 io
151 3447 203 3506 boe
216 3448 345 3506 masdeio
361 3456 397 3506 ut
414 3448 540 3522 quaque
558 3448 704 3523 ediqutor
721 3466 843 3509 manera
862 3450 953 3524 dabam
967 3466 1093 3511 scomma
1108 3457 1151 3511 est

101 3533 186 3607 plane
199 3531 354 3591 ridiculum
367 3538 397 3590 et
414 3532 451 3589 ad
470 3532 669 3591 insultandum
686 3535 790 3595 rationi
805 3535 958 3610 prolatum.
979 3536 1054 3605 Ouae
1072 3536 1150 3596 enim

100 3618 205 3676 umbra
217 3617 356 3677 libertatis
369 3616 463 3676 adbuc
477 3632 628 3690 superesse
641 3623 742 3693 potest,
754 3620 785 3678 in
799 3634 833 3679 eo
845 3624 1005 3695 systemate,
1019 3636 1075 3696 quo
1091 3622 1149 3681 sin-

100 3702 160 3775 guli
178 3703 255 3762 cives
276 3702 354 3762 omni
376 3717 492 3777 prorsus
505 3702 568 3761 inre
581 3703 717 3778 omnique
732 3705 846 3780 propria
860 3706 1003 3766 voluntate
1018 3706 1145 3783 spoliati,

100 3786 163 3845 inre
178 3793 288 3847 tanturn
302 3787 431 3862 suffragii
445 3786 578 3861 gaudent,
596 3789 672 3861 quod
686 3789 797 3848 nullam
813 3790 932 3864 ipsisne
951 3793 1043 3866 quoad
1061 3792 1148 3852 vitam

100 3870 216 3944 quidem
237 3873 398 3932 cautionem
415 3878 520 3931 certam
540 3870 642 3945 allent,
663 3879 777 3948 propter
800 3875 968 3936 continuum
987 3876 1148 3952 periculum

100 3955 257 4019 contradas
269 3958 454 4037 pluralitatis,
470 3972 544 4037 quae
559 3956 678 4019 conflari
691 3959 797 4037 iugiter
811 3962 926 4039 possett
