2767 4492
524 401 602 444 rusus
617 398 761 447 nurum
1109 383 1165 442 tm

147 487 237 548 Obiic.
250 484 282 548 ll.
299 487 379 562 Apud
394 485 497 560 anglos
514 485 586 545 haec
601 485 749 560 potestatis
767 483 870 544 divisio
893 484 988 558 tiget3
1014 487 1043 542 et
1067 486 1163 542 brnen

111 574 197 647 mala,
209 589 283 648 quae
298 573 441 647 descripta
451 579 527 644 suut,
545 586 603 630 non
620 570 750 645 parturit.
769 568 874 638 Quidni
888 568 977 642 igitur
990 569 1092 628 eadem
1109 585 1162 643 gu·

112 658 252 718 bertrandi
267 659 340 720 ratio
354 658 392 718 ad
410 657 482 716 alias
496 661 724 730 quoquegentes
740 653 890 713 transferri
903 655 1048 727 nepreat‘t
1067 655 1100 714 Et
1117 672 1161 716 sa·

111 757 148 804 ne
163 743 362 818 ldontesquieu
377 757 460 802 suam
474 741 613 800 theoriam
629 755 648 800 a
661 739 889 800 consideratione
899 737 1005 812 anglici
1011 739 1161 813 regiminis

113 827 265 888 derivavit.

147 915 230 988 llesp.
247 914 278 974 ln
293 911 395 988 primis
409 913 528 972 stultum
542 915 586 972 est
611 912 733 971 formam
756 909 889 986 gubernii
903 909 990 970 unius
1008 911 1107 985 populi
1129 911 1161 970 in
1186 957 1191 965 .

112 999 275 1072 generalem
290 1012 421 1058 normam
435 997 565 1058 omnium
587 999 738 1057 nationum
753 1001 927 1056 movertere.
952 996 1120 1055 Praesertim
1134 997 1161 1058 si

111 1085 204 1143 torma
218 1083 267 1142 illa
291 1099 342 1158 per
365 1099 396 1144 se
410 1083 513 1142 uitiosa
526 1083 573 1156 sit,
593 1088 622 1142 et
636 1097 672 1141 er
694 1080 831 1157 peculiari
852 1081 1015 1140 charactere
1040 1081 1161 1144 alicuius

110 1169 208 1244 populi
226 1169 421 1241 restinguent
435 1168 510 1242 apud
521 1167 616 1242 ipsum
630 1167 736 1226 damna
746 1182 820 1241 quae
835 1167 962 1239 paritura
975 1171 1059 1240 esset,
1069 1167 1158 1229 viten-

112 1259 167 1313 tur.
183 1253 262 1321 Quod
276 1268 346 1312 sane
364 1253 503 1326 contingit
517 1252 546 1310 in
561 1251 717 1326 praesenti.
733 1252 803 1312 llam
814 1266 915 1310 sensus
926 1251 1052 1324 praticus
1072 1268 1159 1328 popu·

110 1336 132 1396 li
151 1337 256 1410 anglici
284 1343 313 1396 et
336 1353 353 1395 a
368 1329 543 1396 deducendis
561 1335 738 1397 illationibus
756 1335 924 1408 abhorrens,
941 1351 1030 1394 causa
1048 1343 1092 1396 est
1106 1353 1159 1397 cur

110 1422 194 1481 multi
213 1422 407 1497 impediantur
421 1423 540 1481 edoctus
554 1421 657 1494 nocivi,
675 1419 725 1494 qui
740 1420 812 1479 alias
826 1435 864 1479 ex
883 1421 976 1479 torma
998 1421 1156 1496 regiminis,

111 1512 195 1581 prout
218 1509 363 1568 recentius
386 1507 462 1581 apud
477 1507 558 1567 illum
584 1504 715 1565 adhiberi
739 1505 840 1579 coepit,
857 1505 1008 1566 orirentur.
1030 1507 1160 1566 Ceterum

111 1591 304 1666 lloutesquieu
319 1592 349 1651 iu
364 1592 469 1651 cortice
485 1596 596 1650 tantum
610 1590 761 1664 regiminis
778 1589 884 1663 anglici
898 1590 1052 1650 scrutando
1069 1607 1160 1651 mora·

111 1680 156 1735 tus
175 1683 227 1751 est,
245 1678 398 1737 medullam
417 1685 445 1737 et
469 1678 616 1736 internum
640 1675 715 1735 vitae
730 1673 903 1750 principium
918 1675 996 1734 nullo
1011 1676 1096 1736 modo
1111 1692 1159 1751 pe·

110 1763 243 1822 netravit.
256 1763 316 1831 Oua
330 1763 361 1821 iu
376 1779 407 1821 re
422 1762 554 1822 audiatur
568 1761 746 1820 clarissimos
764 1759 852 1819 Stahl.
881 1783 892 1812 ι
910 1760 949 1818 11
972 1761 1157 1820 costituaione

113 1869 124 1896 ι
143 1846 258 1920 inplere,
275 1847 312 1906 da
323 1845 370 1906 cui
385 1847 400 1904 d
416 1847 543 1906 ricavata
558 1853 658 1920 questa
674 1846 771 1917 tenua,
788 1861 845 1903 nou
857 1845 994 1904 consbdi
1007 1845 1095 1904 simili
1105 1845 1160 1904 ele

114 1953 124 1982 ι
145 1931 232 1990 menti
257 1931 456 2004 mechanicia
480 1947 539 1990 ιιοιι
553 1931 591 1990 ha
607 1946 666 1990 una
681 1931 775 1990 simile
798 1930 937 1990 diuisione
958 1930 988 1988 di
1008 1931 1108 2004 poteri.
1128 1932 1160 1990 lu

113 2037 123 2066 ι
143 2015 237 2088 quella
248 2015 267 2074 il
282 2031 313 2074 re
328 2031 385 2074 nou
401 2017 417 2073 d
432 2031 471 2073 un
486 2015 635 2074 individuo
651 2016 705 2074 che
720 2018 737 2074 e
752 2031 836 2090 presa
854 2014 901 2074 dal
917 2031 987 2075 seno
1002 2015 1076 2076 della
1091 2016 1160 2076 mol·

112 2122 123 2149 ι
141 2099 262 2159 titudine
281 2099 326 2158 col
339 2100 399 2158 solo
413 2114 498 2172 scopo
512 2099 540 2156 di
556 2115 657 2158 curare
666 2101 693 2158 la
705 2102 873 2160 esecuzione
882 2101 955 2160 delle
964 2102 1048 2176 leggi,
1065 2100 1093 2160 al
1105 2102 1158 2162 cha

112 2206 122 2234 ι
142 2183 170 2242 11
183 2185 304 2255 bisogno
318 2183 347 2240 di
364 2198 421 2240 uua
435 2181 605 2241 risoluzione
621 2192 832 2257 momentanea,
849 2201 865 2243 e
880 2186 910 2245 di
924 2183 1048 2245 limitare
1062 2187 1082 2246 il
1093 2188 1157 2246 Par·

114 2267 278 2338 «lamenta
294 2281 342 2324 ma
366 2265 422 2339 egli
447 2266 463 2323 b
483 2265 503 2323 il
517 2279 588 2338 capo
613 2265 687 2324 della
710 2267 840 2341 iamiglia
855 2269 1004 2343 dinastica,
1026 2273 1055 2331 11
1074 2274 1159 2348 qrrale

111 2369 122 2398 ι
139 2346 339 2403 storicamente
355 2345 372 2402 e
386 2345 416 2402 iu
431 2360 490 2402 uua
505 2345 671 2405 condicione
682 2347 828 2423 superiore
842 2350 963 2421 aunella
978 2351 1024 2409 del
1040 2354 1150 2428 popolo,

112 2431 171 2489 «cd
186 2431 202 2489 ὁ
216 2430 237 2489 11
252 2435 384 2504 sustuguo
399 2430 547 2504 personale
565 2431 640 2489 della
654 2434 764 2490 maest-t
783 2430 948 2491 doll’ordiu'c
969 2436 1093 2507 politico.
1116 2438 1155 2498 La

112 2539 123 2568 ι
142 2515 240 2574 Patrio
255 2531 312 2574 non
328 2517 344 2574 b
360 2531 399 2574 un
414 2531 492 2575 muro
507 2523 695 2590 coutrappuso
710 2517 757 2575 dei
768 2519 997 2590 rappresentauti
1012 2519 1058 2576 del
1071 2536 1157 2595 popo·

111 2601 186 2674 “¹⁰3
207 2615 255 2659 ura
273 2616 313 2659 ιιιι
328 2600 470 2660 elemento
485 2601 617 2676 populare
632 2601 661 2660 di
679 2617 732 2660 sua
747 2608 857 2674 natura,
874 2617 891 2660 e
915 2601 944 2659 di
970 2617 1030 2660 una
1051 2603 1156 2678 impor-

9 2691 10 2698 ’
112 2711 126 2738 r
141 2691 223 2745 tauua
239 2686 353 2760 politica
363 2702 415 2744 sua
430 2687 554 2760 propria.
570 2686 750 2746 Similmeute
771 2683 1157 2760 uellacostituziuneinglese

9 2783 10 2852 3
111 2795 123 2824 ι
144 2773 154 2831 i
169 2772 258 2846 poteri
274 2771 424 2844 legislativi
440 2772 475 2828 ed
491 2771 634 2831 esecrrtivo
659 2787 717 2830 non
741 2784 812 2830 sono
827 2770 856 2828 in
877 2771 907 2828 sd
923 2771 1055 2845 separati,
1083 2789 1159 2833 oso·

112 2881 124 2909 ι
146 2857 269 2915 lamento
296 2856 386 2914 tenuli
410 2855 531 2914 insieme
546 2866 601 2914 con
625 2872 665 2914 un
686 2856 799 2915 vinculo
814 2861 936 2929 esterno,
957 2855 1028 2928 ciue,
1059 2857 1081 2916 11
1096 2867 1158 2918 ueto

9 2935 10 2938 ’
115 2964 126 2992 ι
147 2939 242 3012 reale;
259 2954 307 2997 ma
322 2953 392 2998 sono
407 2939 435 2998 in
453 2939 563 3012 origiue
578 2955 636 3000 una
646 2940 709 3000 sola
724 2956 790 2999 cosa
805 2940 881 2998 nella
896 2940 1039 2999 sorranith
1053 2941 1099 3001 del
1115 2959 1156 3016 ro,

113 3040 153 3084 «e
168 3024 227 3083 solo
242 3039 294 3098 per
317 3040 375 3083 uua
390 3023 418 3082 di
435 3031 534 3097 queste
550 3024 676 3083 lunziani
703 3025 728 3084 si
744 3026 889 3098 aggiuuge
904 3025 932 3084 11
947 3015 1050 3099 uguale
1065 3035 1158 3101 parto·

111 3134 122 3163 ι
139 3109 284 3183 cipazioue
300 3109 344 3167 del
356 3108 541 3168 Parlamunto.
559 3110 625 3168 duri
640 3126 657 3168 1
672 3127 739 3170 voro
749 3111 810 3169 dire
819 3110 941 3169 secondo
955 3110 984 3168 11
998 3112 1156 3172 costituaio·

111 3217 122 3246 ι
139 3210 175 3253 ne
191 3194 309 3266 ingluse,
327 3209 384 3252 uon
399 3195 482 3252 esisto
497 3193 516 3252 il
527 3194 663 3267 semplice
678 3203 741 3253 ueto
756 3195 801 3253 del
812 3211 843 3252 re
853 3201 960 3268 quanto
974 3194 1030 3253 alla
1046 3194 1156 3270 legisla-

112 3303 122 3332 «
138 3279 229 3337 aione.
241 3279 275 3337 Se
290 3278 349 3337 cosi
367 3279 449 3350 losse,
463 3277 669 3352 bisognerebbe
685 3295 874 3354 presupporre
884 3280 936 3338 che
947 3279 968 3338 il
978 3280 1156 3343 Parlamento

111 3389 122 3414 ι
140 3365 236 3424 omani
251 3365 288 3422 da
302 3367 333 3424 sb
349 3365 408 3424 solo
423 3364 496 3423 della
513 3364 745 3439 tetigissemus,
762 3381 778 3424 e
797 3381 855 3424 non
874 3365 1003 3440 semplici
1019 3366 1105 3440 bille),
1130 3369 1157 3428 le

111 3474 122 3503 ι
140 3449 216 3524 quali
234 3449 279 3523 poi
294 3448 315 3508 il
330 3465 371 3522 re,
388 3465 469 3509 come
483 3448 492 3508 1
509 3449 615 3508 tribuni
630 3451 705 3510 della
721 3450 802 3524 plebe
817 3449 848 3508 iu
863 3449 960 3522 Roma,
982 3465 1042 3510 unu
1066 3453 1158 3512 iaccia

111 3559 122 3588 e
139 3536 192 3593 che
206 3533 320 3595 inibire.
337 3535 391 3592 dra
406 3534 434 3592 la
455 3550 521 3593 cosa
536 3542 579 3592 sta
595 3535 729 3609 piuttosto
744 3551 762 3594 1
776 3542 876 3610 questo
899 3535 1002 3595 modo:
1018 3536 1071 3596 che
1085 3535 1107 3595 il
1124 3554 1156 3597 re

9 3619 10 3626 ’
111 3633 239 3679 «emona
254 3619 281 3678 le
297 3617 383 3692 leggi,
397 3620 465 3692 perh
481 3618 638 3678 solamente
661 3620 704 3679 col
720 3635 858 3680 consenso
872 3635 899 3694 o,
915 3635 995 3679 come
1016 3620 1040 3679 si
1061 3621 1157 3681 stabili

111 3727 121 3756 ι
142 3704 219 3764 nella
233 3705 325 3762 torma
343 3709 466 3774 esterna,
483 3702 638 3762 solamente
653 3703 744 3762 dietro
759 3704 788 3766 la
799 3689 1156 3778 propostadelParlamsn-
1264 3701 1268 3712 '

9 3787 10 3816 l
111 3812 122 3839 ι
146 3793 173 3848 to
191 3813 201 3844 ι
219 3787 246 3847 L’
259 3795 371 3848 ostento
389 3810 400 3840 ι
419 3787 435 3844 e
451 3801 508 3845 uua
523 3788 658 3847 sanzione
673 3789 796 3863 positiva
810 3789 885 3848 della
900 3788 989 3864 lagga,
1006 3805 1023 3849 e
1038 3805 1098 3867 non
1115 3806 1156 3850 uu

9 3875 12 3886 '
112 3895 122 3924 ι
140 3872 275 3948 semplice
289 3882 351 3934 ueto
353 3915 466 3936 .....
483 3870 522 3933 La
539 3871 618 3932 lorea
637 3873 833 3935 conservativa
842 3873 1155 3936 chedcontenutanal-

111 3979 122 4010 ι
143 3957 171 4024 la
186 3957 278 4020 torma
291 3960 407 4040 politica
419 3963 583 4024 veramente
598 3959 822 4041 costituaionale,
838 3958 910 4039 cino,
935 3959 1011 4022 nella
1033 3960 1155 4054 ingleso³
