2767 4492
206 377 261 448 242
533 379 760 438 smirnamum
774 381 922 438 mactans

205 484 280 544 lecta
293 465 440 540 sensibilia
452 476 594 552 operando
609 475 703 534 reddit
712 474 905 548 intelligibilia
914 475 946 534 in
959 478 1025 538 actu
1034 489 1109 551 quae
1122 473 1189 538 ante
1202 466 1247 538 in·

207 566 365 640 telligibilia
379 569 460 626 erant
479 568 588 628 autum
602 560 633 620 in
653 559 789 634 petenda
805 560 886 620 ldeas
904 565 1001 623 sotem
1020 565 1050 620 et
1066 561 1190 622 visiones
1204 563 1247 626 in-

205 658 288 715 natas
297 649 414 712 omnino
423 646 547 721 respuis
559 645 703 720 siquidem
711 659 771 704 non
781 644 859 708 aliod
873 644 905 710 ln
918 645 1003 709 nobb
1014 644 1147 708 inustum
1160 661 1247 721 agno

205 738 259 798 scit
272 736 329 796 nisi
339 735 397 796 vim
411 738 440 794 et
453 730 614 795 naturalem
629 730 883 791 conformationem
896 731 1013 804 montis,
1023 745 1108 806 ome,
1119 737 1246 806 atquae

203 837 259 896 oue
274 819 400 891 facultas,
413 818 449 878 ad
464 817 590 880 actiones
599 815 655 874 sibi
668 830 809 888 congruas
819 815 981 876 exerendas
989 815 1178 878 dsurudaats
1190 823 1245 891 est,

202 906 286 966 modo
301 904 374 964 adsit
387 901 540 974 obiectum,
557 900 635 958 circa
649 899 725 974 qnod
739 899 798 963 vim
812 915 895 964 snam
909 904 1053 963 exerceat.

239 989 317 1058 Quod
338 1003 407 1050 vero
426 985 596 1061 respondeat
615 984 811 1058 experientiae
831 1000 891 1044 non
910 985 1008 1050 mlum
1029 990 1155 1060 apparet.
1175 986 1247 1048 llam

202 1073 376 1137 conscientia
391 1078 510 1132 testatur
520 1085 573 1132 nos
586 1069 617 1130 in
632 1068 816 1142 intelligendo
828 1069 1025 1144 maximopere
1040 1070 1136 1131 iuvari
1148 1085 1247 1132 esem

200 1161 257 1237 plis
266 1157 458 1229 sensibilibus,
470 1162 499 1218 et
507 1155 619 1218 turbata
628 1153 833 1227 imaginatione
843 1154 953 1215 turbari
963 1156 1050 1216 etism
1059 1155 1244 1231 intellectum

200 1246 277 1320 quod
286 1242 422 1318 explicari
429 1256 487 1306 non
495 1246 589 1315 posset
595 1245 785 1313 congruenter
792 1239 824 1300 in
831 1239 896 1303 aliis
903 1239 1109 1314 systematibus
1117 1256 1138 1300 o
1144 1241 1246 1316 priori

202 1335 314 1390 mutum
328 1326 555 1404 procedentibus.
572 1324 612 1383 ld
626 1339 672 1384 res
689 1339 756 1385 vero
774 1325 959 1398 incorporeas
976 1323 1093 1388 beania
1115 1339 1166 1398 per
1185 1341 1247 1388 oor·

201 1430 302 1490 porcas
325 1412 525 1484 ascendimus,
540 1410 581 1470 ita
594 1415 626 1470 ut
644 1410 741 1483 ipsum
755 1409 845 1470 mum
866 1424 925 1468 non
947 1407 1030 1468 aliter
1050 1408 1247 1483 concipiamus

202 1515 290 1573 quam
304 1498 392 1558 veluti
405 1511 522 1556 causam
536 1495 715 1557 incausatum
728 1493 844 1566 mundi,
861 1493 1181 1567 eiusqueperlsctlones
1195 1509 1246 1568 per

203 1597 355 1643 excessum
368 1595 454 1656 supra
472 1580 659 1654 perfectiones
683 1584 881 1638 creaturarum
894 1583 923 1638 et
938 1593 989 1652 per
1010 1577 1135 1639 limitum
1155 1593 1247 1640 remo

204 1669 341 1728 lionema
364 1661 585 1741 quidditatibus‚
601 1679 673 1738 quas
695 1664 956 1738 apprehendimus,
978 1663 1202 1724 determinemus
1216 1666 1243 1724 ⁴.

205 1754 302 1812 Sermo
315 1753 402 1814 ctiam
415 1765 477 1810 rem
492 1749 650 1820 oonlirmat,
663 1763 732 1809 nam
745 1748 771 1807 si
785 1747 965 1808 examinetur
980 1745 1154 1821 etymologis
1163 1762 1246 1810 voca-

203 1837 354 1906 bulorum,
374 1835 485 1894 obiecta
498 1833 586 1892 etiam
604 1833 762 1907 spiritualia
782 1831 1025 1904 significantium
1040 1831 1245 1894 derivationem

204 1935 317 1995 semper
331 1920 456 1993 aliquam
470 1917 623 1993 patefaciet
635 1933 652 1976 a
666 1918 753 1976 rebus
767 1915 962 1976 sensibilibus.

239 2005 367 2078 Denique
382 2005 452 2061 baec
468 2003 608 2060 sententia
622 2007 760 2059 consonat
773 2007 892 2059 naturae
907 2001 1065 2075 hnmanae,
1083 2017 1155 2076 quae
1169 2018 1245 2062 com·

202 2089 294 2164 positu
308 2094 360 2158 est,
377 2094 405 2144 et
419 2091 527 2146 constat
541 2085 641 2159 spiritu
656 2085 805 2144 materiam
820 2085 1003 2143 informante.
1015 2085 1058 2144 Ex
1067 2103 1121 2160 quo
1134 2086 1245 2145 eruitur

203 2172 317 2247 quodsi
333 2187 434 2244 corpus
449 2172 485 2230 ad
503 2171 611 2230 bonnm
627 2171 716 2228 animi
735 2170 862 2228 ordinari
877 2169 981 2241 debat,
999 2170 1121 2242 cognitio
1136 2169 1246 2230 intelle·

203 2255 333 2316 clualisa
347 2255 474 2315 sensibili
485 2255 599 2314 initium
614 2261 709 2314 sumat
718 2270 835 2315 necesse
844 2261 896 2318 est.
909 2254 996 2313 Secns
1006 2255 1037 2312 in
1050 2262 1246 2341 commentum

202 2341 325 2400 Platonis
339 2339 539 2412 incideremus,
551 2339 721 2413 explicantis
732 2338 867 2397 unionem
882 2338 973 2397 animi
986 2353 1053 2397 cnm
1067 2354 1184 2414 corpore
1194 2357 1246 2414 per

201 2440 323 2500 poenam
337 2425 453 2484 sceleris
462 2425 499 2484 ab
514 2424 609 2484 animo
624 2430 755 2496 separato
769 2423 900 2485 admissi.
913 2423 1063 2485 Praeterea
1075 2424 1244 2485 siratiobu-

200 2525 286 2570 mana
295 2517 338 2570 est
350 2510 392 2569 vis
405 2509 578 2569 intellectiva
587 2509 656 2568 invi
671 2507 823 2580 sensitiva3
838 2507 983 2571 obiectum
1000 2509 1057 2582 ipsi
1070 2511 1245 2583 respondens
1275 2548 1279 2552 -

199 2595 283 2654 debet
303 2611 365 2654 esse
385 2593 564 2668 intelligibile
586 2593 701 2666 aliquod
719 2593 751 2650 in
770 2593 911 2654 sensibili.
931 2594 1011 2661 Quod
1034 2595 1178 2668 sapienter
1195 2595 1244 2654 ad·

199 2680 284 2738 vertit
305 2679 332 2737 S.
349 2679 469 2737 Thomas
490 2678 640 2751 inquiens:
665 2678 796 2751 operalio
815 2678 1067 2752 proportionatam
1086 2679 1199 2738 uirtuti
1217 2687 1245 2738 et

199 2763 350 2822 essentiae:
369 2762 577 2821 intellectivam
595 2769 696 2820 autom
715 2761 844 2820 lomim
861 2769 902 2822 ecl
917 2761 952 2822 in
967 2763 1119 2836 aemilium
1140 2771 1166 2822 ct
1180 2763 1243 2822 idco

197 2838 323 2922 proprio
338 2846 468 2923 operatio
482 2846 545 2906 aas
559 2853 599 2906 ert
617 2845 778 2921 iutellipero
787 2846 990 2921 iotalliplbilio
1002 2847 1037 2908 irs
1045 2847 1242 2923 pltoatosmo·

202 2932 280 2990 abac
295 2934 320 2991 ².

242 3101 255 3150 l
276 3121 284 3146 ι
301 3101 380 3167 lisam
396 3108 422 3152 nl
434 3103 552 3168 dionysios
568 3103 621 3152 dicit
634 3121 655 3154 o.
671 3104 682 3152 l
702 3109 737 3156 De
752 3105 800 3154 dio.
817 3119 879 3154 soca
894 3103 935 3156 lor.
952 3105 977 3169 3,
995 3104 1242 3167 oepmdmssutem-

199 3196 209 3226 ι
228 3193 274 3226 sam
288 3183 310 3226 ct
324 3194 363 3243 per·
379 3196 495 3242 'exsomnes
510 3187 533 3230 ot
546 3197 585 3244 per
606 3183 757 3231 remotionem
777 3203 786 3226 ι
803 3184 826 3230 S.
846 3184 940 3230 mose
960 3185 1058 3232 Sorano
1075 3169 1150 3230 lacot.
1167 3183 1178 3228 l
1196 3199 1242 3248 p„

196 3270 218 3320 qs
237 3255 276 3318 at,
293 3261 334 3305 orl.
350 3256 364 3302 7
380 3256 407 3304 ad
423 3257 446 3304 ὅ.
463 3257 573 3320 Itsmqaor
592 3279 601 3299 ι
615 3259 714 3320 Cognitis
729 3258 776 3320 boi,
788 3257 816 3306 sd
828 3273 894 3320 wem
908 3259 973 3306 homo
987 3258 1115 3307 naturaliter
1129 3259 1246 3322 pervenire

198 3349 208 3373 ι
225 3336 303 3394 potest,
316 3335 348 3378 ost
358 3337 383 3380 ut
393 3339 507 3394 eognoscat
521 3333 592 3396 ipsum
607 3349 645 3396 por
659 3334 751 3382 iormsm
766 3333 936 3396 intelligibilem,
951 3350 1006 3396 qaus
1020 3333 1104 3383 lumino
1119 3333 1244 3382 intellectos

199 3423 207 3447 ι
226 3407 310 3467 spontis
325 3412 358 3456 est
373 3423 385 3454 ι
400 3407 540 3454 sensibilibus
554 3408 668 3455 abstrmts.
684 3429 692 3451 ι
706 3408 729 3454 S.
741 3410 836 3457 Trionis
851 3412 990 3468 &sectione
1005 3411 1033 3458 de
1048 3411 1183 3469 copalttoss
1193 3409 1246 3456 Ast-

196 3482 300 3540 pelorum
315 3497 334 3528 r.
353 3483 376 3528 ὅ,

241 3555 329 3604 2Loct.
347 3558 363 3606 2
379 3558 405 3606 in
420 3557 461 3607 lib.
480 3561 515 3608 Do
529 3560 645 3608 aemma
660 3563 682 3608 cl
698 3561 888 3610 ammessia.
