2767 4492
226 291 300 353 ito:
669 304 832 351 renuerint

225 408 284 451 non
300 390 388 449 alium
412 390 500 449 sineru
514 388 715 464 praestitutum
730 389 825 461 habel,
849 389 905 448 uisi
927 389 1071 463 propriam
1088 388 1170 465 sequi
1187 389 1268 450 ralio-

223 493 302 536 nem.
319 476 400 549 Atqui
421 476 471 533 illa
486 475 651 549 hypothesis
673 475 879 533 alisnrtlissima
895 482 947 533 est.
966 476 1035 535 Naar
1051 490 1101 534 ens
1122 476 1266 539 rationale.

224 578 328 636 nempe
342 563 435 632 immo,
453 562 695 635 ‹pareurairuorlnm
710 562 740 617 in
757 567 858 619 natura
873 562 1006 635 penaleln
1021 562 1077 621 lieo
1093 568 1177 635 atque
1188 563 1268 621 alteo

222 650 258 707 ad
274 648 455 707 existentiam
480 648 704 717 determinatum
722 646 763 703 sie
782 647 868 703 etiem
884 647 914 705 in
937 648 993 705 lluo
1013 654 1041 705 et
1058 647 1268 721 operationibus

224 734 354 794 eamdem
369 732 490 791 includit
502 732 732 805 dependentium.
752 731 842 798 Quare
857 748 875 789 a
889 747 1022 806 sitpremo
1036 733 1084 792 illo
1103 748 1200 791 rerum
1210 748 1266 791 otn-

223 819 303 879 nium
322 820 439 877 bicolore
455 817 542 874 linem
557 823 585 875 et
599 833 729 875 normam
745 818 881 889 operandi
897 818 1034 891 suscipiat
1050 834 1165 877 neeesse
1180 825 1231 876 est.

258 904 373 974 Deinde,
391 903 463 959 liant
478 908 506 959 ct
525 902 726 962 llatlonalistae
752 903 927 961 saltandiuut
941 918 1041 961 omncs
1060 902 1267 963 determinatio-

220 1006 273 1048 nes
287 995 315 1046 et
329 988 435 1045 motiva
449 986 686 1060 experimentalia
702 987 864 1045 moralitate
880 1002 986 1045 curere.
1003 987 1031 1045 ld
1053 988 1140 1045 ctiam
1165 987 1267 1045 laisum

223 1080 274 1132 cst.
292 1072 444 1132 Nemorrlo
463 1072 630 1143 obiectivus,
658 1087 694 1129 cx
727 1086 782 1144 otio
807 1072 952 1129 moralitas
976 1070 1120 1129 actionum
1144 1072 1266 1145 prollnit,

221 1159 421 1217 manifestatur
435 1173 493 1230 uon
517 1173 553 1215 ex
569 1158 638 1214 solis
659 1156 809 1214 abstractis
825 1162 853 1213 ot
869 1155 1076 1215 uniuersalibus
1092 1162 1121 1213 et
1139 1172 1266 1215 necessa·

219 1246 271 1303 riis
289 1244 407 1301 rationis
430 1242 595 1316 principiis3
624 1242 826 1307 verumetiam
841 1258 880 1299 ex
895 1242 1187 1313 naturalibusrerum
1203 1258 1264 1315 pro-

221 1327 407 1403 pensionibns
420 1334 448 1385 et
461 1344 498 1385 ex
514 1333 644 1385 concreto
660 1326 760 1385 ordine
774 1342 870 1385 rernm
886 1327 1080 1397 existentium,
1102 1327 1151 1400 qui
1165 1326 1267 1386 iutelli-

220 1414 376 1483 pelicinam
390 1412 604 1470 ratiocinatione
619 1411 769 1481 detegitur.
784 1410 816 1468 Et
827 1426 896 1469 sanc
908 1411 971 1485 quis
981 1410 1267 1471 stultissimamillum
1358 1442 1359 1445 ¹

220 1499 313 1557 Karttii
326 1496 548 1569 blaspltaemiam
564 1497 625 1555 siue
642 1496 758 1553 ltorrorc
774 1495 872 1553 audire
885 1504 984 1567 potest:
1002 1496 1181 1572 immoraiem
1201 1513 1265 1555 esse

220 1585 360 1642 actionem
374 1597 448 1655 quae
466 1598 504 1638 ex
519 1597 616 1639 amoro
631 1580 680 1653 bei
705 1580 877 1652 peragratur?
901 1580 1090 1639 Nihilominus
1106 1581 1134 1638 iil
1155 1582 1184 1638 iu
1205 1582 1266 1641 elus

219 1668 316 1741 inepta
331 1666 458 1724 doctriua
473 1670 617 1738 tamquam
632 1664 841 1723 consectarium
855 1664 908 1723 rite
920 1664 1072 1723 ilednetnm
1088 1666 1262 1738 propositum

219 1752 451 1826 qnannoqutoern
469 1765 548 1809 omer
567 1765 625 1809 non
650 1755 693 1809 est
717 1750 798 1822 rullo,
816 1750 866 1808 set
885 1748 1037 1807 voluntatis
1063 1756 1154 1807 motus
1172 1754 1200 1807 et
1221 1749 1265 1807 in·

221 1837 346 1897 clinatio.

255 1904 390 1994 ll‘enicpue,
407 1920 478 1979 illud
500 1919 587 1977 ctiam
608 1919 713 1977 falsum
728 1925 771 1978 est
785 1920 860 1994 quocl
874 1919 964 1991 aiunt,
988 1918 1150 1979 libertatem
1171 1924 1264 1979 exter·

220 2021 288 2065 nam
304 2020 354 2078 por
369 2020 399 2063 se
415 2010 569 2077 spectatam
585 2019 681 2062 carere
697 2004 845 2063 limitibus.
864 2006 933 2063 llam
957 2004 986 2063 id
1011 2005 1104 2063 locum
1129 2006 1215 2063 babet
1235 2007 1268 2065 in

218 2091 357 2150 libertatis
379 2096 526 2163 conceptu,
554 2090 603 2164 pari
622 2090 812 2149 abstractione
836 2092 941 2149 ruentis
957 2090 994 2148 ab
1016 2092 1094 2150 omni
1110 2091 1223 2150 obiecto
1239 2098 1268 2150 et

219 2180 351 2233 concreta
363 2175 525 2247 operatione
536 2184 693 2247 separctnr3
711 2191 769 2234 uon
790 2184 887 2234 autem
903 2192 1003 2235 verum
1018 2182 1061 2234 est
1078 2176 1112 2235 de
1133 2175 1266 2236 libertate

218 2261 298 2333 reali,
313 2277 386 2335 qirae
401 2261 546 2319 cirearem
561 2261 780 2319 determinatam
795 2263 849 2322 sub
865 2263 950 2321 ductu
966 2262 1085 2321 rationis
1095 2263 1130 2320 at
1145 2277 1265 2334 operan-

218 2348 286 2404 dum
298 2347 433 2420 precellit.
451 2346 495 2405 Sic
510 2346 587 2405 enim
602 2346 718 2404 libertas
734 2348 839 2421 optime
854 2352 1014 2405 coarctatur
1029 2354 1057 2405 et
1073 2348 1178 2405 limites
1189 2348 1265 2407 aeci-

217 2430 260 2505 pit
276 2436 335 2490 lum
351 2448 386 2489 cx
406 2432 524 2503 obiectu,
540 2432 571 2490 iu
586 2447 643 2505 uiro
664 2439 794 2491 uersatur
813 2438 841 2490 et
856 2432 937 2491 cuius
951 2432 1080 2489 ordinent
1104 2438 1134 2489 et
1148 2440 1265 2491 natura-

218 2517 275 2575 lem
291 2518 378 2587 linem
391 2518 532 2575 invertere
542 2517 650 2590 nequit3
665 2516 824 2575 tumetium
839 2532 876 2575 ex
891 2516 1002 2590 olllciis,
1016 2516 1122 2591 quibus
1130 2532 1258 2593 persona,

218 2617 291 2676 quae
305 2609 446 2676 operatur,
463 2600 659 2671 adstringitur.

252 2686 394 2758 Probll.
404 2703 439 2745 eo
452 2685 735 2760 ipsopropositr‘onis
751 2695 874 2746 notare.
891 2687 1046 2747 Kantinnus
1057 2686 1103 2746 tric
1118 2687 1262 2747 societatis

213 2789 315 2847 scopus
326 2772 437 2830 ridetur
450 2786 512 2829 esso
526 2771 676 2837 neeauvus
696 2772 800 2845 potius,
818 2788 904 2846 quam
925 2773 1071 2847 positivus.
1097 2773 1155 2832 Nou
1179 2772 1261 2831 eninr

215 2858 293 2918 aliud
306 2872 405 2915 revera
420 2872 470 2928 per
484 2872 515 2913 sc
529 2856 672 2927 importat,
697 2856 752 2913 uisi
769 2856 954 2915 remotionem
978 2856 1260 2931 impedimentorum,

215 2958 289 3016 quae
303 2958 321 2999 a
335 2940 468 2998 violentia
490 2955 644 3013 pravorum
667 2939 816 2999 homiuum
836 2941 948 2999 iuribus
968 2942 1068 3001 alienis
1084 2940 1183 3000 iulcrri
1199 2957 1263 3012 pos·

215 3032 287 3098 seut,
304 3032 332 3084 et
346 3025 513 3083 desitioucm
528 3040 640 3096 pugnae
655 3040 712 3098 qun
727 3032 808 3083 extra
833 3026 998 3085 societatem
1024 3026 1181 3084 voltutlalcs
1201 3028 1261 3084 slu-

215 3112 346 3185 gulorum
360 3115 459 3168 mutuo
474 3101 668 3180 confligerent.
689 3109 750 3176 Oua
764 3111 793 3167 iu
808 3126 839 3168 ru
856 3110 961 3183 eliquicl
977 3112 1069 3168 simile
1084 3110 1261 3185 praeseferre

213 3193 510 3254 videtur·llobbesiaui
525 3194 696 3267 systematis.
719 3194 797 3253 Certe
813 3194 949 3255 eiusmodi
965 3202 1017 3266 est,
1037 3201 1070 3253 ut
1090 3195 1134 3253 vel
1156 3194 1260 3254 indivi-

213 3281 387 3339 dualismunr
399 3279 445 3336 rel
463 3279 668 3351 ilespolisiunm
683 3295 784 3351 parere
799 3280 909 3339 debeat.
933 3281 1001 3339 liant
1017 3281 1040 3339 si
1056 3280 1111 3337 sibi
1129 3286 1261 3337 catislare

212 3366 289 3437 uelit,
304 3380 363 3425 uon
375 3363 453 3421 aliud
467 3363 593 3421 cilicium
605 3363 683 3421 cicili
699 3364 830 3437 potestati
845 3365 1022 3439 prescribere
1037 3370 1137 3439 polest,
1154 3365 1210 3423 nisi
1227 3372 1260 3422 nt

211 3451 316 3510 limites
329 3451 456 3509 ellruuac
469 3448 589 3507 libertati
605 3465 655 3521 per
668 3458 818 3507 externam
833 3450 1008 3509 coactionem
1024 3452 1160 3524 imponat.
1178 3452 1255 3509 llete-

210 3552 276 3595 rum
293 3535 369 3595 vires
383 3534 488 3593 civium
499 3534 627 3607 propriae
642 3534 818 3607 singulorum
827 3534 948 3593 libertati
961 3534 1043 3608 plane
1060 3536 1210 3608 permittet,
1222 3540 1253 3593 ut

211 3623 332 3695 quisque
349 3626 495 3693 tamqnam
509 3624 639 3691 separata
652 3620 792 3691 quaedam
802 3620 954 3679 existentia
969 3620 1004 3677 art
1019 3620 1170 3679 arbitrium
1189 3634 1256 3691 ope-

209 3712 297 3778 retur;
314 3705 391 3763 nulla
406 3704 551 3763 communi
564 3709 641 3762 meta
659 3703 793 3762 omuibus
818 3705 992 3777 praestituta.
1010 3704 1043 3762 lt
1059 3720 1126 3763 vero
1151 3704 1189 3761 ila
1199 3702 1256 3761 sibi

205 3790 322 3849 relictae
336 3790 515 3862 singulorum
529 3789 686 3849 nativitates
712 3796 812 3847 mutilo
826 3790 975 3861 divertent,
997 3789 1060 3848 sine
1076 3788 1212 3865 ligamine
1225 3792 1254 3849 el

210 3872 388 3931 ordinatione
403 3874 511 3946 sociali,
524 3890 598 3947 quae
613 3874 728 3933 nonnisi
743 3888 779 3932 ex
799 3874 906 3933 unitate
926 3874 1037 3948 positivi
1054 3874 1201 3935 cuiusdam
1221 3872 1253 3945 li·

205 3953 261 4027 pis,
280 3954 318 4034 ad
331 3970 417 4027 quem
432 3957 502 4022 socii
516 3958 684 4032 dirigantur,
697 3958 846 4032 provenire
864 3962 964 4034 potest.
