2767 4492
227 333 262 393 96
363 315 364 320 ¹
396 345 530 393 urrann
547 345 697 392 scammis
710 345 784 392 rans
797 343 1108 390 rmus-cosmopoeia

224 431 270 490 uel
282 430 444 490 bonitatem
458 431 608 492 dedecens.
624 431 721 498 Quoad
735 434 910 505 operantem,
927 443 1045 490 necesse
1053 428 1272 490 estntinritam

224 530 259 574 ac
272 529 368 574 mores
382 513 468 590 illius,
495 515 545 590 qni
563 513 695 574 mirabile
712 513 820 588 aliquid
842 512 969 584 eminet,
991 513 1266 573 animadvertamus.

224 599 283 656 litei
296 597 373 658 enim
388 599 462 657 lleus
476 598 592 658 homine
608 597 696 657 etiam
710 609 836 671 nequent
846 598 891 656 uti
904 596 1057 670 aliqnando
1070 598 1160 671 possit
1168 598 1206 656 ed
1214 599 1270 658 mi·

224 681 355 741 raculnm
368 682 598 756 perpetrandum,
614 686 647 740 ut
660 681 726 741 aliis
736 682 774 740 sit
782 682 957 756 profuturum
968 681 1160 740 communiter
1169 686 1269 741 tamen

225 765 340 825 nonnisi
352 765 456 839 probos
470 769 639 839 sanctisque
653 765 778 824 adhibet.
790 764 905 837 Saltem
925 764 978 823 elsi
992 779 1030 823 er
1043 765 1182 838 pravitate
1206 781 1273 841 ope-

225 849 317 908 rantis
331 847 397 919 (nisi
410 848 467 907 alia
480 848 585 918 adsintl
600 847 706 908 inferre
720 853 799 908 certo
818 862 995 922 nequeamus
1015 848 1148 908 miraculi
1166 849 1275 909 imsim-

228 937 296 1006 tem3
312 937 453 992 tamenerr
467 929 544 991 illius
557 931 683 991 bonitate
698 933 769 992 certi
783 932 931 990 reddimur
944 931 1077 992 fraudem
1091 947 1207 992 omnem
1222 933 1272 994 ab·

227 1015 325 1090 luisse,
341 1021 370 1075 et
384 1015 466 1075 ualde
481 1029 588 1089 urgens
599 1031 633 1074 ac
646 1031 715 1076 vero
733 1015 913 1075 simillimum
934 1021 1135 1088 argumentum
1148 1016 1275 1075 emimus

226 1098 307 1158 nulla
320 1114 358 1158 ex
372 1104 452 1174 parte
466 1099 613 1158 daemonis
631 1099 795 1158 interfuisse
809 1098 972 1172 praestigia.
984 1098 1095 1158 Etenim
1108 1099 1202 1158 malus
1215 1115 1275 1158 ma·

227 1182 265 1242 lis
278 1182 377 1242 utitur.
393 1182 561 1243 Praesertim
577 1182 683 1240 attendi
698 1183 888 1242 debetntmm
902 1183 967 1256 quis
980 1181 1054 1242 elato
1064 1183 1275 1257 magnificoque

228 1266 325 1327 animo
339 1271 367 1326 et
381 1281 411 1326 se
435 1266 565 1325 iactando
579 1266 741 1340 prodigium
754 1266 901 1339 spondeat.
918 1265 970 1325 Ubi
994 1265 1073 1325 enim
1092 1266 1123 1324 id
1140 1266 1271 1335 uitiiset,
1381 1296 1382 1309 .

228 1365 287 1410 non
301 1349 399 1409 diuina
412 1349 547 1424 operatio,
565 1350 615 1409 sed
628 1350 708 1409 fraus
720 1354 828 1409 tantum
838 1356 867 1409 et
876 1349 1062 1424 praestigium
1072 1350 1209 1425 arguitur.
1222 1352 1274 1411 Su-

227 1432 324 1508 pernis
334 1433 413 1492 enim
427 1433 501 1494 Deus
515 1449 573 1493 non
587 1433 742 1507 opitulatur
755 1434 806 1492 sed
816 1433 932 1492 resistit.

263 1517 390 1592 lienique
403 1518 496 1592 quoad
511 1517 599 1576 linem
623 1522 652 1576 et
665 1517 783 1576 modum
796 1515 933 1590 operandi
946 1516 1144 1576 observatione
1166 1523 1210 1578 est
1232 1519 1274 1577 di·

227 1617 317 1678 gnum
330 1602 473 1678 inprimis
487 1617 543 1677 qno
557 1603 665 1661 lactum
680 1607 797 1676 spectat,
814 1617 886 1661 nnm
900 1616 1003 1674 scopus
1017 1602 1096 1662 illins
1113 1603 1208 1675 operis
1233 1603 1271 1661 sit

229 1687 278 1746 llei
295 1685 395 1760 gloria,
412 1685 545 1760 adquam
559 1684 792 1760 amplificandam
805 1699 908 1744 verum
921 1685 1093 1744 miraculum
1103 1686 1219 1745 tendere
1226 1687 1274 1746 de

228 1770 287 1844 het,
304 1774 353 1830 aut
365 1783 479 1828 morum
494 1770 629 1829 sanctitas
643 1769 856 1828 disseminanda
869 1774 919 1828 aut
928 1769 977 1843 pia
990 1769 1132 1843 quaedam
1141 1769 1272 1830 doctrina

230 1854 277 1916 uel
301 1853 394 1913 cultus
415 1853 476 1912 ueri
499 1853 629 1914 Numinis
646 1853 860 1928 propagandus,
887 1856 937 1912 ant
954 1852 1127 1912 heneficium
1149 1854 1272 1914 honuni·

229 1941 285 1998 ltus
308 1937 531 2011 conterendum,
556 1937 669 1996 aliudve
692 1939 828 1996 decorum
850 1941 879 1995 et
901 1936 1052 1996 honestum
1076 1951 1110 1996 ac
1130 1937 1273 1996 malornm

228 2022 382 2098 spirituum
394 2021 532 2081 voluntati
546 2021 731 2081 contradam.
744 2022 773 2080 Si
783 2021 861 2080 enim
879 2020 910 2079 id
925 2021 1016 2093 deest,
1032 2020 1179 2082 evidenter
1185 2022 1275 2081 conii·

229 2107 312 2181 citur,
327 2106 417 2166 Deum
431 2105 547 2165 effectus
562 2105 639 2165 illins
652 2121 712 2165 non
725 2120 789 2164 esse
803 2109 957 2177 auctorem3
984 2105 1021 2163 alr
1047 2105 1109 2180 ipso
1132 2105 1274 2179 siquidem

228 2190 345 2250 nonnisi
360 2189 436 2248 bona
447 2189 606 2248 dimanant.
621 2189 749 2264 itemque
762 2188 800 2248 ad
814 2189 931 2250 modum
941 2189 1016 2263 quod
1031 2188 1140 2262 attinet,
1152 2189 1274 2262 diligen·

229 2280 272 2333 ter
287 2273 461 2334 considerari
474 2273 559 2334 debet
571 2278 668 2332 utrum
682 2273 814 2333 miraculi
829 2273 1008 2332 effectionem
1031 2289 1083 2333 eae
1100 2274 1272 2332 comitentur

230 2358 469 2431 circumstantiae,
486 2373 558 2432 quae
568 2358 746 2431 grsmtatem,
755 2357 934 2432 religionem,
946 2357 1132 2430 honestatem,
1144 2358 1273 2416 munem

230 2443 354 2517 denique
377 2441 545 2516 sapientiam
570 2441 686 2514 spirent.
712 2441 787 2500 lleus
801 2441 879 2501 enim
900 2441 985 2500 modo
1009 2441 1066 2501 sihi
1088 2447 1277 2500 consentaneo

229 2540 342 2600 semper
355 2531 497 2600 operatum
513 2538 547 2583 ac
561 2524 679 2596 proinde
688 2539 755 2583 curm
765 2525 833 2584 talia
846 2526 1048 2597 admiscentur,
1059 2524 1272 2600 quaepnerilia,

228 2609 359 2682 ridicula,
376 2609 501 2668 honestis
514 2608 641 2666 moribus
651 2608 781 2682 adversa,
797 2609 994 2669 crudelitatem
1009 2610 1150 2682 sonantia,
1172 2625 1270 2684 super-

231 2692 341 2751 stitiosa
354 2691 420 2764 sint,
439 2691 511 2751 haec
525 2693 594 2751 satis
608 2707 749 2766 superque
764 2693 939 2767 patefaciunt
951 2708 1023 2767 opus
1032 2693 1104 2753 illnd
1112 2693 1229 2754 nonnisi
1238 2709 1276 2754 ex

229 2774 336 2834 diaboli
352 2779 411 2834 erte
425 2775 565 2849 progigni,
583 2775 619 2834 ad
633 2775 764 2835 incautos
773 2777 907 2849 levesque
920 2777 1053 2836 homines
1066 2777 1257 2851 decipiendos.

268 2859 347 2929 Ouod
360 2859 489 2933 sineque
503 2874 541 2918 ex
554 2874 639 2933 opere
654 2858 726 2933 ipso,
743 2874 836 2935 neque
851 2859 1040 2934 esqualitate
1054 2875 1203 2936 personae,
1225 2875 1276 2920 ne-
1380 2894 1381 2905 .

230 2959 286 3018 que
300 2959 338 3003 ex
355 2943 414 3003 fine
429 2957 516 3017 quem
529 2957 601 3018 opus
619 2947 736 3017 spectat,
752 2959 846 3018 neque
859 2944 975 3002 tandem
990 2960 1028 3003 ex
1051 2945 1274 3005 circnmstantils

203 3027 210 3040 '
231 3025 341 3101 aliquid
357 3031 482 3101 apparet,
500 3027 576 3086 unde
589 3028 745 3103 prudenter
757 3027 952 3103 operationem
966 3028 1114 3088 daemonis
1133 3028 1275 3089 coniicere

230 3111 382 3188 possimus3
399 3116 466 3170 tunc
480 3116 590 3170 eertum
602 3117 646 3171 est
658 3127 722 3172 rem
735 3112 850 3172 nonnisi
865 3127 883 3170 a
897 3113 963 3184 lieo,
981 3118 1155 3187 tamquama
1168 3113 1275 3187 princi·

229 3195 289 3271 pali
303 3209 390 3255 cansa
403 3195 566 3269 procedere.
585 3195 659 3254 lleus
673 3197 751 3256 enim
763 3195 928 3271 permittere
941 3195 1042 3270 nequit
1055 3202 1088 3255 nt
1101 3197 1193 3256 malus
1217 3196 1277 3269 spi·

227 3279 422 3354 ritusaliqnid
437 3277 522 3338 iaciat
532 3294 587 3354 quo
602 3279 733 3340 homines
743 3281 780 3338 ad
790 3279 988 3341 invincibilem
997 3295 1124 3341 emerem
1133 3281 1277 3339 adducan-

229 3371 285 3439 tur,
301 3371 433 3440 putantes
448 3379 478 3424 se
501 3365 591 3424 Deum
605 3364 706 3424 audire
728 3379 795 3424 cnm
808 3365 940 3424 diabolus
963 3381 1065 3425 revera
1086 3367 1227 3440 loquatur.
1244 3365 1276 3424 ld

228 3451 327 3524 utique
340 3449 505 3524 permittere
523 3453 624 3522 potest,
650 3448 765 3522 quando
782 3464 841 3509 non
859 3447 962 3508 desum
980 3449 1076 3508 media
1094 3447 1278 3508 discernendi

227 3535 386 3606 sentatem3
403 3532 453 3591 sed
463 3532 576 3605 qnando
587 3531 683 3590 media
700 3533 797 3591 omnia
807 3533 844 3592 ad
854 3533 1051 3608 deceptionem
1071 3532 1229 3591 cavendam
1246 3545 1278 3590 o-

227 3616 327 3674 mnino
340 3615 544 3686 desiderantur,
561 3615 674 3675 divinae
687 3616 882 3689 providentiae
896 3622 1038 3692 repugnat
1045 3630 1119 3688 opus
1133 3613 1279 3672 eiusmodi

229 3697 336 3758 diaboli
355 3699 486 3773 potestati
506 3699 677 3773 relinquere3
698 3699 840 3774 siquidem
860 3704 921 3759 tum
934 3701 1065 3762 homines
1073 3695 1280 3756 invincibiliter

228 3786 366 3854 errarent,
378 3787 406 3842 et
415 3799 494 3844 emur
508 3781 555 3844 ille
569 3782 744 3842 invincibilis
757 3783 789 3842 in
802 3783 893 3844 Deum
903 3784 999 3858 ipsum
1009 3782 1222 3845 retunderetur.

601 3966 679 4014 1³1le
698 3969 906 4015 coenosoque:
