<?xml version="1.0" encoding="UTF-8"?>
<!DOCTYPE html PUBLIC "-//W3C//DTD XHTML 1.0 Transitional//EN"
    "http://www.w3.org/TR/xhtml1/DTD/xhtml1-transitional.dtd">
<html xmlns="http://www.w3.org/1999/xhtml" xml:lang="en" lang="en">
 <head>
  <title>
</title>
<meta http-equiv="Content-Type" content="text/html;charset=utf-8" />
  <meta name='ocr-system' content='tesseract 3.04.00' />
  <meta name='ocr-capabilities' content='ocr_page ocr_carea ocr_par ocr_line ocrx_word'/>
</head>
<body>
  <div class='ocr_page' id='page_1' title='image "./institutionesph00libegoog_0279.png"; bbox 0 0 2767 4492; ppageno 0'>
   <div class='ocr_carea' id='block_1_1' title="bbox 131 379 1174 588">
    <p class='ocr_par' dir='ltr' id='par_1_1' title="bbox 131 379 1174 588">
     <span class='ocr_line' id='line_1_1' title="bbox 448 379 1174 478; baseline 0.004 -4"><span class='ocrx_word' id='word_1_1' title='bbox 448 425 522 475; x_wconf 79' lang='grc'><strong>3333</strong></span> <span class='ocrx_word' id='word_1_2' title='bbox 536 426 851 478; x_wconf 80' lang='grc'><strong>33133-333333333</strong></span> <span class='ocrx_word' id='word_1_3' title='bbox 1006 379 1011 395; x_wconf 48' lang='grc'>’</span> <span class='ocrx_word' id='word_1_4' title='bbox 1138 415 1174 478; x_wconf 86' lang='grc'>35</span> 
     </span>
     <span class='ocr_line' id='line_1_2' title="bbox 131 505 1174 588; baseline 0.004 -17"><span class='ocrx_word' id='word_1_5' title='bbox 131 505 178 572; x_wconf 89' lang='lat' dir='ltr'>illo</span> <span class='ocrx_word' id='word_1_6' title='bbox 191 511 282 571; x_wconf 89' lang='grc'><strong>133333</strong></span> <span class='ocrx_word' id='word_1_7' title='bbox 294 513 402 587; x_wconf 88' lang='lat' dir='ltr'>potest,</span> <span class='ocrx_word' id='word_1_8' title='bbox 421 513 497 587; x_wconf 90' lang='lat' dir='ltr'>qnod</span> <span class='ocrx_word' id='word_1_9' title='bbox 520 513 592 572; x_wconf 88' lang='lat' dir='ltr'>baec</span> <span class='ocrx_word' id='word_1_10' title='bbox 607 513 720 588; x_wconf 88' lang='lat' dir='ltr'>aequali</span> <span class='ocrx_word' id='word_1_11' title='bbox 746 513 895 573; x_wconf 87' lang='lat' dir='ltr'>autetiam</span> <span class='ocrx_word' id='word_1_12' title='bbox 913 510 1115 574; x_wconf 80' lang='lat' dir='ltr'>excellentiore</span> <span class='ocrx_word' id='word_1_13' title='bbox 1129 529 1174 575; x_wconf 90' lang='lat' dir='ltr'>ra-</span> 
     </span>
    </p>
   </div>
   <div class='ocr_carea' id='block_1_2' title="bbox 46 595 1176 3194">
    <p class='ocr_par' dir='ltr' id='par_1_2' title="bbox 46 595 1176 3194">
     <span class='ocr_line' id='line_1_3' title="bbox 132 595 1169 671; baseline 0.004 -16"><span class='ocrx_word' id='word_1_14' title='bbox 132 595 204 655; x_wconf 89' lang='lat' dir='ltr'>tione</span> <span class='ocrx_word' id='word_1_15' title='bbox 216 611 274 656; x_wconf 89' lang='lat' dir='ltr'>non</span> <span class='ocrx_word' id='word_1_16' title='bbox 295 597 416 671; x_wconf 83' lang='lat' dir='ltr'>babeat3</span> <span class='ocrx_word' id='word_1_17' title='bbox 437 598 706 656; x_wconf 88' lang='lat' dir='ltr'>manifestissimum</span> <span class='ocrx_word' id='word_1_18' title='bbox 723 603 767 656; x_wconf 90' lang='lat' dir='ltr'>est</span> <span class='ocrx_word' id='word_1_19' title='bbox 789 599 980 658; x_wconf 89' lang='lat' dir='ltr'>atemeritate</span> <span class='ocrx_word' id='word_1_20' title='bbox 1002 599 1169 659; x_wconf 87' lang='grc'><strong>31333331-</strong></span> 
     </span>
     <span class='ocr_line' id='line_1_4' title="bbox 128 680 1171 757; baseline 0.004 -19"><span class='ocrx_word' id='word_1_21' title='bbox 128 680 236 740; x_wconf 83' lang='grc'><strong>3113131</strong></span> <span class='ocrx_word' id='word_1_22' title='bbox 251 681 434 742; x_wconf 88' lang='lat' dir='ltr'>temerarium</span> <span class='ocrx_word' id='word_1_23' title='bbox 444 687 529 756; x_wconf 90' lang='lat' dir='ltr'>atque</span> <span class='ocrx_word' id='word_1_24' title='bbox 543 687 759 757; x_wconf 91' lang='lat' dir='ltr'>praeposterum</span> <span class='ocrx_word' id='word_1_25' title='bbox 774 697 857 756; x_wconf 89' lang='lat' dir='ltr'>posse</span> <span class='ocrx_word' id='word_1_26' title='bbox 870 683 1011 757; x_wconf 83' lang='lat' dir='ltr'><strong>progigni.</strong></span> <span class='ocrx_word' id='word_1_27' title='bbox 1036 683 1171 742; x_wconf 88' lang='lat' dir='ltr'>Stultissi-</span> 
     </span>
     <span class='ocr_line' id='line_1_5' title="bbox 124 764 1165 842; baseline -0.001 -15"><span class='ocrx_word' id='word_1_28' title='bbox 124 780 174 828; x_wconf 84' lang='lat' dir='ltr'>Jna</span> <span class='ocrx_word' id='word_1_29' title='bbox 187 769 231 824; x_wconf 88' lang='lat' dir='ltr'>est</span> <span class='ocrx_word' id='word_1_30' title='bbox 242 764 330 840; x_wconf 84' lang='lat' dir='ltr'>igitur</span> <span class='ocrx_word' id='word_1_31' title='bbox 344 766 495 827; x_wconf 84' lang='lat' dir='ltr'>Democriti</span> <span class='ocrx_word' id='word_1_32' title='bbox 512 772 541 825; x_wconf 90' lang='lat' dir='ltr'>et</span> <span class='ocrx_word' id='word_1_33' title='bbox 559 766 672 842; x_wconf 88' lang='lat' dir='ltr'>llpicuri</span> <span class='ocrx_word' id='word_1_34' title='bbox 694 771 909 840; x_wconf 89' lang='lat' dir='ltr'>ceterorumque</span> <span class='ocrx_word' id='word_1_35' title='bbox 930 767 1165 826; x_wconf 77' lang='lat' dir='ltr'>ccroofirtotum</span> 
     </span>
     <span class='ocr_line' id='line_1_6' title="bbox 127 848 1165 922; baseline 0.004 -14"><span class='ocrx_word' id='word_1_36' title='bbox 127 848 251 922; x_wconf 83' lang='lat' dir='ltr'>opinatio</span> <span class='ocrx_word' id='word_1_37' title='bbox 269 849 477 910; x_wconf 83' lang='lat' dir='ltr'>adstruentium</span> <span class='ocrx_word' id='word_1_38' title='bbox 486 850 727 909; x_wconf 86' lang='lat' dir='ltr'>ordinatissimam</span> <span class='ocrx_word' id='word_1_39' title='bbox 740 850 815 908; x_wconf 90' lang='lat' dir='ltr'>banc</span> <span class='ocrx_word' id='word_1_40' title='bbox 834 851 998 910; x_wconf 89' lang='lat' dir='ltr'>machinam</span> <span class='ocrx_word' id='word_1_41' title='bbox 1013 853 1165 912; x_wconf 85' lang='grc'><strong>33313313</strong></span> 
     </span>
     <span class='ocr_line' id='line_1_7' title="bbox 126 933 1143 1008; baseline 0.003 -16"><span class='ocrx_word' id='word_1_42' title='bbox 126 947 183 992; x_wconf 92' lang='lat' dir='ltr'>non</span> <span class='ocrx_word' id='word_1_43' title='bbox 198 934 343 1008; x_wconf 88' lang='lat' dir='ltr'>productis</span> <span class='ocrx_word' id='word_1_44' title='bbox 357 934 491 994; x_wconf 88' lang='grc'><strong>1333333</strong></span> <span class='ocrx_word' id='word_1_45' title='bbox 506 941 612 993; x_wconf 89' lang='lat' dir='ltr'>temere</span> <span class='ocrx_word' id='word_1_46' title='bbox 627 934 831 993; x_wconf 85' lang='lat' dir='ltr'>cursitantibus</span> <span class='ocrx_word' id='word_1_47' title='bbox 847 935 997 994; x_wconf 85' lang='lat' dir='ltr'>coaluisse.</span> <span class='ocrx_word' id='word_1_48' title='bbox 1141 933 1143 936; x_wconf 78' lang='grc'><strong>’</strong></span> 
     </span>
     <span class='ocr_line' id='line_1_8' title="bbox 162 1018 1175 1093; baseline 0.004 -18"><span class='ocrx_word' id='word_1_49' title='bbox 162 1020 252 1091; x_wconf 82' lang='lat' dir='ltr'>Atque</span> <span class='ocrx_word' id='word_1_50' title='bbox 266 1018 351 1077; x_wconf 89' lang='lat' dir='ltr'>buius</span> <span class='ocrx_word' id='word_1_51' title='bbox 366 1019 522 1077; x_wconf 87' lang='lat' dir='ltr'>sententiae</span> <span class='ocrx_word' id='word_1_52' title='bbox 538 1019 710 1092; x_wconf 85' lang='lat' dir='ltr'>absurditas,</span> <span class='ocrx_word' id='word_1_53' title='bbox 723 1023 836 1092; x_wconf 89' lang='lat' dir='ltr'>praeter</span> <span class='ocrx_word' id='word_1_54' title='bbox 851 1018 990 1078; x_wconf 87' lang='lat' dir='ltr'>rationem</span> <span class='ocrx_word' id='word_1_55' title='bbox 1000 1019 1125 1093; x_wconf 77' lang='lat' dir='ltr'>allatam</span> <span class='ocrx_word' id='word_1_56' title='bbox 1139 1035 1175 1079; x_wconf 87' lang='lat' dir='ltr'>ex</span> 
     </span>
     <span class='ocr_line' id='line_1_9' title="bbox 46 1101 1175 1178; baseline 0.002 -17"><span class='ocrx_word' id='word_1_57' title='bbox 46 1156 48 1161; x_wconf 81' lang='grc'><strong>,</strong></span> <span class='ocrx_word' id='word_1_58' title='bbox 125 1101 286 1161; x_wconf 88' lang='lat' dir='ltr'>innumeris</span> <span class='ocrx_word' id='word_1_59' title='bbox 300 1102 362 1162; x_wconf 89' lang='lat' dir='ltr'>aliis</span> <span class='ocrx_word' id='word_1_60' title='bbox 377 1103 518 1178; x_wconf 81' lang='lat' dir='ltr'>capitibus</span> <span class='ocrx_word' id='word_1_61' title='bbox 532 1103 639 1162; x_wconf 83' lang='lat' dir='ltr'>evinci·</span> <span class='ocrx_word' id='word_1_62' title='bbox 645 1108 752 1178; x_wconf 87' lang='lat' dir='ltr'>potest,</span> <span class='ocrx_word' id='word_1_63' title='bbox 771 1117 893 1176; x_wconf 91' lang='lat' dir='ltr'>quorum</span> <span class='ocrx_word' id='word_1_64' title='bbox 908 1119 945 1162; x_wconf 92' lang='lat' dir='ltr'>ne</span> <span class='ocrx_word' id='word_1_65' title='bbox 962 1104 1100 1178; x_wconf 82' lang='lat' dir='ltr'>prolixior</span> <span class='ocrx_word' id='word_1_66' title='bbox 1119 1105 1175 1163; x_wconf 88' lang='grc'><strong>3133</strong></span> 
     </span>
     <span class='ocr_line' id='line_1_10' title="bbox 125 1186 1172 1261; baseline 0.004 -17"><span class='ocrx_word' id='word_1_67' title='bbox 125 1186 264 1246; x_wconf 88' lang='grc'><strong>33333113</strong></span> <span class='ocrx_word' id='word_1_68' title='bbox 277 1193 387 1247; x_wconf 88' lang='lat' dir='ltr'>tantmn</span> <span class='ocrx_word' id='word_1_69' title='bbox 403 1188 551 1261; x_wconf 83' lang='lat' dir='ltr'>attingam.</span> <span class='ocrx_word' id='word_1_70' title='bbox 567 1188 720 1245; x_wconf 87' lang='lat' dir='ltr'>Percontor</span> <span class='ocrx_word' id='word_1_71' title='bbox 735 1187 831 1261; x_wconf 90' lang='lat' dir='ltr'>itaque</span> <span class='ocrx_word' id='word_1_72' title='bbox 843 1203 877 1245; x_wconf 85' lang='grc'>33</span> <span class='ocrx_word' id='word_1_73' title='bbox 890 1188 933 1247; x_wconf 91' lang='lat' dir='ltr'>bis</span> <span class='ocrx_word' id='word_1_74' title='bbox 945 1189 1111 1248; x_wconf 86' lang='lat' dir='ltr'>temeritatis</span> <span class='ocrx_word' id='word_1_75' title='bbox 1123 1190 1172 1248; x_wconf 89' lang='lat' dir='ltr'>de·</span> 
     </span>
     <span class='ocr_line' id='line_1_11' title="bbox 125 1270 1173 1345; baseline 0.001 -16"><span class='ocrx_word' id='word_1_76' title='bbox 125 1271 286 1331; x_wconf 80' lang='lat' dir='ltr'>tonsoribus</span> <span class='ocrx_word' id='word_1_77' title='bbox 300 1277 398 1331; x_wconf 91' lang='lat' dir='ltr'>utrum</span> <span class='ocrx_word' id='word_1_78' title='bbox 406 1273 463 1330; x_wconf 90' lang='lat' dir='ltr'>hae</span> <span class='ocrx_word' id='word_1_79' title='bbox 477 1272 564 1330; x_wconf 89' lang='lat' dir='ltr'>atomi</span> <span class='ocrx_word' id='word_1_80' title='bbox 575 1286 626 1345; x_wconf 91' lang='lat' dir='ltr'>per</span> <span class='ocrx_word' id='word_1_81' title='bbox 636 1271 760 1344; x_wconf 90' lang='lat' dir='ltr'>spatium</span> <span class='ocrx_word' id='word_1_82' title='bbox 771 1270 972 1330; x_wconf 85' lang='lat' dir='ltr'>disseminatae</span> <span class='ocrx_word' id='word_1_83' title='bbox 982 1273 1110 1330; x_wconf 89' lang='lat' dir='ltr'>infinitae</span> <span class='ocrx_word' id='word_1_84' title='bbox 1121 1287 1173 1330; x_wconf 92' lang='lat' dir='ltr'>nu·</span> 
     </span>
     <span class='ocr_line' id='line_1_12' title="bbox 124 1355 1175 1429; baseline 0.002 -17"><span class='ocrx_word' id='word_1_85' title='bbox 124 1369 206 1414; x_wconf 90' lang='lat' dir='ltr'>mero</span> <span class='ocrx_word' id='word_1_86' title='bbox 216 1355 322 1414; x_wconf 89' lang='lat' dir='ltr'>fuerint</span> <span class='ocrx_word' id='word_1_87' title='bbox 332 1371 370 1413; x_wconf 91' lang='lat' dir='ltr'>au</span> <span class='ocrx_word' id='word_1_88' title='bbox 384 1355 501 1413; x_wconf 75' lang='lat' dir='ltr'>uuiaet</span> <span class='ocrx_word' id='word_1_89' title='bbox 516 1355 545 1413; x_wconf 87' lang='lat' dir='ltr'>Si</span> <span class='ocrx_word' id='word_1_90' title='bbox 554 1355 683 1415; x_wconf 89' lang='lat' dir='ltr'>infinitae</span> <span class='ocrx_word' id='word_1_91' title='bbox 698 1355 786 1413; x_wconf 89' lang='lat' dir='ltr'>fuisse</span> <span class='ocrx_word' id='word_1_92' title='bbox 796 1355 937 1429; x_wconf 90' lang='lat' dir='ltr'>dicautur,</span> <span class='ocrx_word' id='word_1_93' title='bbox 950 1357 1175 1414; x_wconf 77' lang='lat' dir='ltr'>inmanifestum</span> 
     </span>
     <span class='ocr_line' id='line_1_13' title="bbox 125 1439 1176 1514; baseline -0.001 -17"><span class='ocrx_word' id='word_1_94' title='bbox 125 1439 285 1498; x_wconf 90' lang='lat' dir='ltr'>absurdum</span> <span class='ocrx_word' id='word_1_95' title='bbox 298 1439 464 1498; x_wconf 88' lang='lat' dir='ltr'>incurritur.</span> <span class='ocrx_word' id='word_1_96' title='bbox 480 1439 625 1498; x_wconf 80' lang='lat' dir='ltr'>ldultittrdo</span> <span class='ocrx_word' id='word_1_97' title='bbox 641 1439 720 1498; x_wconf 89' lang='lat' dir='ltr'>enirn</span> <span class='ocrx_word' id='word_1_98' title='bbox 729 1439 894 1498; x_wconf 89' lang='lat' dir='ltr'>huiusmodi</span> <span class='ocrx_word' id='word_1_99' title='bbox 904 1439 1123 1514; x_wconf 85' lang='lat' dir='ltr'>repugnantiam</span> <span class='ocrx_word' id='word_1_100' title='bbox 1133 1439 1176 1497; x_wconf 91' lang='lat' dir='ltr'>ln-</span> 
     </span>
     <span class='ocr_line' id='line_1_14' title="bbox 125 1522 1175 1598; baseline 0 -16"><span class='ocrx_word' id='word_1_101' title='bbox 125 1522 223 1582; x_wconf 84' lang='lat' dir='ltr'>rolvit.</span> <span class='ocrx_word' id='word_1_102' title='bbox 239 1524 309 1584; x_wconf 82' lang='lat' dir='ltr'>llam</span> <span class='ocrx_word' id='word_1_103' title='bbox 325 1539 362 1582; x_wconf 80' lang='lat' dir='ltr'>cx</span> <span class='ocrx_word' id='word_1_104' title='bbox 376 1537 434 1582; x_wconf 91' lang='lat' dir='ltr'>una</span> <span class='ocrx_word' id='word_1_105' title='bbox 448 1527 528 1598; x_wconf 86' lang='lat' dir='ltr'>parte</span> <span class='ocrx_word' id='word_1_106' title='bbox 543 1522 677 1581; x_wconf 92' lang='lat' dir='ltr'>ultimum</span> <span class='ocrx_word' id='word_1_107' title='bbox 688 1524 733 1582; x_wconf 92' lang='lat' dir='ltr'>sui</span> <span class='ocrx_word' id='word_1_108' title='bbox 749 1527 936 1597; x_wconf 82' lang='lat' dir='ltr'>augmentum</span> <span class='ocrx_word' id='word_1_109' title='bbox 950 1523 1097 1598; x_wconf 85' lang='lat' dir='ltr'>attigisset,</span> <span class='ocrx_word' id='word_1_110' title='bbox 1111 1539 1175 1598; x_wconf 93' lang='lat' dir='ltr'>pro-</span> 
     </span>
     <span class='ocr_line' id='line_1_15' title="bbox 123 1604 1175 1682; baseline 0.001 -17"><span class='ocrx_word' id='word_1_111' title='bbox 123 1611 224 1681; x_wconf 89' lang='lat' dir='ltr'>pterea</span> <span class='ocrx_word' id='word_1_112' title='bbox 238 1607 313 1680; x_wconf 95' lang='lat' dir='ltr'>quod</span> <span class='ocrx_word' id='word_1_113' title='bbox 325 1607 439 1665; x_wconf 91' lang='lat' dir='ltr'>infinita</span> <span class='ocrx_word' id='word_1_114' title='bbox 457 1606 576 1680; x_wconf 80' lang='lat' dir='ltr'>fingitur</span> <span class='ocrx_word' id='word_1_115' title='bbox 591 1604 741 1667; x_wconf 91' lang='lat' dir='ltr'>etidcirco</span> <span class='ocrx_word' id='word_1_116' title='bbox 761 1609 842 1682; x_wconf 89' lang='lat' dir='ltr'>talis,</span> <span class='ocrx_word' id='word_1_117' title='bbox 859 1613 890 1666; x_wconf 96' lang='lat' dir='ltr'>ut</span> <span class='ocrx_word' id='word_1_118' title='bbox 906 1624 940 1667; x_wconf 93' lang='lat' dir='ltr'>ea</span> <span class='ocrx_word' id='word_1_119' title='bbox 952 1609 1044 1667; x_wconf 89' lang='lat' dir='ltr'>maior</span> <span class='ocrx_word' id='word_1_120' title='bbox 1063 1607 1175 1682; x_wconf 89' lang='lat' dir='ltr'>concipi</span> 
     </span>
     <span class='ocr_line' id='line_1_16' title="bbox 123 1691 1173 1767; baseline 0.002 -18"><span class='ocrx_word' id='word_1_121' title='bbox 123 1691 204 1750; x_wconf 90' lang='lat' dir='ltr'>nulla</span> <span class='ocrx_word' id='word_1_122' title='bbox 217 1691 319 1766; x_wconf 73' lang='lat' dir='ltr'>possit,</span> <span class='ocrx_word' id='word_1_123' title='bbox 335 1707 373 1750; x_wconf 89' lang='grc'>33</span> <span class='ocrx_word' id='word_1_124' title='bbox 383 1692 449 1765; x_wconf 91' lang='lat' dir='ltr'>alia,</span> <span class='ocrx_word' id='word_1_125' title='bbox 465 1697 562 1766; x_wconf 91' lang='lat' dir='ltr'>utpote</span> <span class='ocrx_word' id='word_1_126' title='bbox 573 1693 740 1765; x_wconf 88' lang='lat' dir='ltr'>quantitatis</span> <span class='ocrx_word' id='word_1_127' title='bbox 751 1692 892 1751; x_wconf 90' lang='lat' dir='ltr'>rationem</span> <span class='ocrx_word' id='word_1_128' title='bbox 906 1693 1042 1767; x_wconf 89' lang='lat' dir='ltr'>retinens,</span> <span class='ocrx_word' id='word_1_129' title='bbox 1059 1693 1173 1751; x_wconf 72' lang='lat' dir='ltr'>ulteria</span> 
     </span>
     <span class='ocr_line' id='line_1_17' title="bbox 122 1776 1173 1852; baseline 0 -16"><span class='ocrx_word' id='word_1_130' title='bbox 122 1777 164 1843; x_wconf 84' lang='lat' dir='ltr'>ris</span> <span class='ocrx_word' id='word_1_131' title='bbox 178 1782 253 1836; x_wconf 89' lang='lat' dir='ltr'>esset</span> <span class='ocrx_word' id='word_1_132' title='bbox 262 1776 408 1850; x_wconf 83' lang='lat' dir='ltr'>augmenti</span> <span class='ocrx_word' id='word_1_133' title='bbox 422 1791 528 1849; x_wconf 79' lang='lat' dir='ltr'>capax3</span> <span class='ocrx_word' id='word_1_134' title='bbox 545 1776 689 1850; x_wconf 90' lang='lat' dir='ltr'>siquidem</span> <span class='ocrx_word' id='word_1_135' title='bbox 701 1777 848 1852; x_wconf 89' lang='lat' dir='ltr'>proprium</span> <span class='ocrx_word' id='word_1_136' title='bbox 858 1786 902 1836; x_wconf 91' lang='lat' dir='ltr'>est</span> <span class='ocrx_word' id='word_1_137' title='bbox 910 1777 1078 1852; x_wconf 90' lang='lat' dir='ltr'>quantitatis</span> <span class='ocrx_word' id='word_1_138' title='bbox 1090 1782 1120 1836; x_wconf 92' lang='lat' dir='ltr'>ut</span> <span class='ocrx_word' id='word_1_139' title='bbox 1130 1777 1173 1836; x_wconf 89' lang='lat' dir='ltr'>in-</span> 
     </span>
     <span class='ocr_line' id='line_1_18' title="bbox 122 1859 1173 1934; baseline 0.002 -16"><span class='ocrx_word' id='word_1_140' title='bbox 122 1860 262 1920; x_wconf 89' lang='lat' dir='ltr'>crementi</span> <span class='ocrx_word' id='word_1_141' title='bbox 276 1860 322 1919; x_wconf 83' lang='lat' dir='ltr'>rel</span> <span class='ocrx_word' id='word_1_142' title='bbox 337 1861 511 1920; x_wconf 90' lang='lat' dir='ltr'>decrementi</span> <span class='ocrx_word' id='word_1_143' title='bbox 527 1859 564 1919; x_wconf 92' lang='lat' dir='ltr'>sit</span> <span class='ocrx_word' id='word_1_144' title='bbox 578 1875 703 1934; x_wconf 90' lang='lat' dir='ltr'>compos.</span> <span class='ocrx_word' id='word_1_145' title='bbox 722 1861 771 1918; x_wconf 89' lang='lat' dir='ltr'>Sin</span> <span class='ocrx_word' id='word_1_146' title='bbox 787 1876 853 1920; x_wconf 87' lang='lat' dir='ltr'>uero</span> <span class='ocrx_word' id='word_1_147' title='bbox 869 1861 934 1920; x_wconf 90' lang='lat' dir='ltr'>illae</span> <span class='ocrx_word' id='word_1_148' title='bbox 955 1861 1052 1920; x_wconf 89' lang='lat' dir='ltr'>linitae</span> <span class='ocrx_word' id='word_1_149' title='bbox 1074 1861 1173 1920; x_wconf 91' lang='lat' dir='ltr'>dieun-</span> 
     </span>
     <span class='ocr_line' id='line_1_19' title="bbox 124 1944 1172 2021; baseline 0.003 -19"><span class='ocrx_word' id='word_1_150' title='bbox 124 1949 186 2020; x_wconf 91' lang='lat' dir='ltr'>tur,</span> <span class='ocrx_word' id='word_1_151' title='bbox 202 1944 282 2004; x_wconf 89' lang='lat' dir='ltr'>nulla</span> <span class='ocrx_word' id='word_1_152' title='bbox 296 1946 368 2004; x_wconf 90' lang='lat' dir='ltr'>ratio</span> <span class='ocrx_word' id='word_1_153' title='bbox 388 1945 546 2019; x_wconf 85' lang='lat' dir='ltr'>probabilis</span> <span class='ocrx_word' id='word_1_154' title='bbox 560 1945 641 2004; x_wconf 88' lang='lat' dir='ltr'>reddi</span> <span class='ocrx_word' id='word_1_155' title='bbox 661 1952 752 2019; x_wconf 91' lang='lat' dir='ltr'>potest</span> <span class='ocrx_word' id='word_1_156' title='bbox 767 1961 818 2004; x_wconf 92' lang='lat' dir='ltr'>eur</span> <span class='ocrx_word' id='word_1_157' title='bbox 835 1947 883 2004; x_wconf 88' lang='lat' dir='ltr'>tali</span> <span class='ocrx_word' id='word_1_158' title='bbox 898 1946 991 2019; x_wconf 90' lang='lat' dir='ltr'>potius</span> <span class='ocrx_word' id='word_1_159' title='bbox 1006 1961 1093 2021; x_wconf 92' lang='lat' dir='ltr'>quam</span> <span class='ocrx_word' id='word_1_160' title='bbox 1115 1947 1172 2006; x_wconf 92' lang='lat' dir='ltr'>alia</span> 
     </span>
     <span class='ocr_line' id='line_1_20' title="bbox 120 2028 1168 2105; baseline 0.001 -18"><span class='ocrx_word' id='word_1_161' title='bbox 120 2044 259 2088; x_wconf 89' lang='lat' dir='ltr'>mensura</span> <span class='ocrx_word' id='word_1_162' title='bbox 271 2033 299 2087; x_wconf 90' lang='lat' dir='ltr'>et</span> <span class='ocrx_word' id='word_1_163' title='bbox 315 2044 436 2087; x_wconf 89' lang='lat' dir='ltr'>numero</span> <span class='ocrx_word' id='word_1_164' title='bbox 450 2028 655 2087; x_wconf 87' lang='lat' dir='ltr'>determinatae</span> <span class='ocrx_word' id='word_1_165' title='bbox 670 2030 741 2102; x_wconf 89' lang='lat' dir='ltr'>sint,</span> <span class='ocrx_word' id='word_1_166' title='bbox 759 2045 812 2088; x_wconf 91' lang='grc'>333</span> <span class='ocrx_word' id='word_1_167' title='bbox 827 2031 995 2104; x_wconf 86' lang='lat' dir='ltr'>locupletius</span> <span class='ocrx_word' id='word_1_168' title='bbox 1009 2031 1168 2105; x_wconf 84' lang='lat' dir='ltr'>creverint,</span> 
     </span>
     <span class='ocr_line' id='line_1_21' title="bbox 123 2112 1171 2189; baseline -0.001 -16"><span class='ocrx_word' id='word_1_169' title='bbox 123 2115 175 2173; x_wconf 87' lang='lat' dir='ltr'>sed</span> <span class='ocrx_word' id='word_1_170' title='bbox 185 2114 228 2173; x_wconf 92' lang='lat' dir='ltr'>sic</span> <span class='ocrx_word' id='word_1_171' title='bbox 242 2113 360 2171; x_wconf 85' lang='lat' dir='ltr'>velutin</span> <span class='ocrx_word' id='word_1_172' title='bbox 371 2114 510 2186; x_wconf 78' lang='lat' dir='ltr'>exiguum</span> <span class='ocrx_word' id='word_1_173' title='bbox 524 2112 631 2171; x_wconf 88' lang='lat' dir='ltr'>fuerint</span> <span class='ocrx_word' id='word_1_174' title='bbox 645 2121 856 2189; x_wconf 85' lang='lat' dir='ltr'>angustumque</span> <span class='ocrx_word' id='word_1_175' title='bbox 869 2114 1028 2174; x_wconf 90' lang='lat' dir='ltr'>conclusae.</span> <span class='ocrx_word' id='word_1_176' title='bbox 1040 2117 1111 2176; x_wconf 89' lang='lat' dir='ltr'>Nam</span> <span class='ocrx_word' id='word_1_177' title='bbox 1122 2114 1171 2173; x_wconf 95' lang='lat' dir='ltr'>ab·</span> 
     </span>
     <span class='ocr_line' id='line_1_22' title="bbox 121 2196 1171 2272; baseline 0.003 -18"><span class='ocrx_word' id='word_1_178' title='bbox 121 2196 216 2255; x_wconf 89' lang='lat' dir='ltr'>solnta</span> <span class='ocrx_word' id='word_1_179' title='bbox 230 2197 395 2268; x_wconf 84' lang='lat' dir='ltr'>necessitas,</span> <span class='ocrx_word' id='word_1_180' title='bbox 410 2196 439 2254; x_wconf 93' lang='grc'>31</span> <span class='ocrx_word' id='word_1_181' title='bbox 454 2196 536 2254; x_wconf 90' lang='grc'><strong>33133</strong></span> <span class='ocrx_word' id='word_1_182' title='bbox 550 2201 705 2272; x_wconf 83' lang='lat' dir='ltr'>exstarent,</span> <span class='ocrx_word' id='word_1_183' title='bbox 723 2197 860 2257; x_wconf 90' lang='lat' dir='ltr'>latissime</span> <span class='ocrx_word' id='word_1_184' title='bbox 876 2204 1012 2272; x_wconf 79' lang='lat' dir='ltr'>evagatur</span> <span class='ocrx_word' id='word_1_185' title='bbox 1025 2213 1077 2272; x_wconf 92' lang='lat' dir='ltr'>per</span> <span class='ocrx_word' id='word_1_186' title='bbox 1091 2214 1171 2272; x_wconf 91' lang='grc'><strong>3333,</strong></span> 
     </span>
     <span class='ocr_line' id='line_1_23' title="bbox 120 2277 1172 2354; baseline 0.002 -16"><span class='ocrx_word' id='word_1_187' title='bbox 120 2290 176 2338; x_wconf 88' lang='grc'>333</span> <span class='ocrx_word' id='word_1_188' title='bbox 190 2277 258 2338; x_wconf 92' lang='lat' dir='ltr'>ullis</span> <span class='ocrx_word' id='word_1_189' title='bbox 271 2280 385 2354; x_wconf 90' lang='lat' dir='ltr'>uspiam</span> <span class='ocrx_word' id='word_1_190' title='bbox 400 2285 512 2338; x_wconf 86' lang='grc'><strong>1333133</strong></span> <span class='ocrx_word' id='word_1_191' title='bbox 526 2281 675 2354; x_wconf 83' lang='lat' dir='ltr'>angustiis.</span> <span class='ocrx_word' id='word_1_192' title='bbox 695 2281 794 2341; x_wconf 90' lang='lat' dir='ltr'>ltidem</span> <span class='ocrx_word' id='word_1_193' title='bbox 814 2298 880 2342; x_wconf 87' lang='lat' dir='ltr'>cunr</span> <span class='ocrx_word' id='word_1_194' title='bbox 899 2297 999 2342; x_wconf 91' lang='lat' dir='ltr'>omues</span> <span class='ocrx_word' id='word_1_195' title='bbox 1019 2283 1106 2341; x_wconf 90' lang='lat' dir='ltr'>atomi</span> <span class='ocrx_word' id='word_1_196' title='bbox 1127 2298 1172 2342; x_wconf 90' lang='lat' dir='ltr'>ea-</span> 
     </span>
     <span class='ocr_line' id='line_1_24' title="bbox 121 2364 1167 2442; baseline 0 -18"><span class='ocrx_word' id='word_1_197' title='bbox 121 2365 189 2424; x_wconf 92' lang='lat' dir='ltr'>dem</span> <span class='ocrx_word' id='word_1_198' title='bbox 204 2364 336 2423; x_wconf 84' lang='lat' dir='ltr'>absoluta·</span> <span class='ocrx_word' id='word_1_199' title='bbox 349 2365 516 2424; x_wconf 87' lang='lat' dir='ltr'>necessitate</span> <span class='ocrx_word' id='word_1_200' title='bbox 530 2366 659 2439; x_wconf 84' lang='lat' dir='ltr'>vigerent</span> <span class='ocrx_word' id='word_1_201' title='bbox 673 2371 702 2425; x_wconf 93' lang='lat' dir='ltr'>et</span> <span class='ocrx_word' id='word_1_202' title='bbox 717 2367 920 2442; x_wconf 88' lang='lat' dir='ltr'>incitarentur,</span> <span class='ocrx_word' id='word_1_203' title='bbox 938 2369 1038 2426; x_wconf 92' lang='lat' dir='ltr'>eadem</span> <span class='ocrx_word' id='word_1_204' title='bbox 1053 2367 1167 2424; x_wconf 85' lang='lat' dir='ltr'>unirer-</span> 
     </span>
     <span class='ocr_line' id='line_1_25' title="bbox 121 2447 1170 2528; baseline -0.001 -19"><span class='ocrx_word' id='word_1_205' title='bbox 121 2465 169 2509; x_wconf 87' lang='lat' dir='ltr'>sas</span> <span class='ocrx_word' id='word_1_206' title='bbox 183 2447 277 2523; x_wconf 83' lang='lat' dir='ltr'>figura</span> <span class='ocrx_word' id='word_1_207' title='bbox 292 2451 384 2509; x_wconf 91' lang='lat' dir='ltr'>notari</span> <span class='ocrx_word' id='word_1_208' title='bbox 398 2454 427 2510; x_wconf 92' lang='lat' dir='ltr'>et</span> <span class='ocrx_word' id='word_1_209' title='bbox 440 2451 540 2510; x_wconf 89' lang='lat' dir='ltr'>eedem</span> <span class='ocrx_word' id='word_1_210' title='bbox 554 2451 663 2526; x_wconf 88' lang='lat' dir='ltr'>impelli</span> <span class='ocrx_word' id='word_1_211' title='bbox 677 2457 757 2512; x_wconf 88' lang='lat' dir='ltr'>motu</span> <span class='ocrx_word' id='word_1_212' title='bbox 776 2454 954 2528; x_wconf 87' lang='lat' dir='ltr'>oportuisset.</span> <span class='ocrx_word' id='word_1_213' title='bbox 973 2451 1110 2519; x_wconf 86' lang='lat' dir='ltr'>Quocirca</span> <span class='ocrx_word' id='word_1_214' title='bbox 1125 2465 1170 2508; x_wconf 89' lang='lat' dir='ltr'>ca-</span> 
     </span>
     <span class='ocr_line' id='line_1_26' title="bbox 120 2531 1167 2612; baseline 0.001 -19"><span class='ocrx_word' id='word_1_215' title='bbox 120 2534 187 2593; x_wconf 90' lang='lat' dir='ltr'>dem</span> <span class='ocrx_word' id='word_1_216' title='bbox 206 2534 362 2594; x_wconf 86' lang='grc'><strong>(1133311333</strong></span> <span class='ocrx_word' id='word_1_217' title='bbox 381 2537 538 2610; x_wconf 90' lang='lat' dir='ltr'>eademque</span> <span class='ocrx_word' id='word_1_218' title='bbox 557 2537 701 2596; x_wconf 89' lang='grc'><strong>3313311313</strong></span> <span class='ocrx_word' id='word_1_219' title='bbox 716 2554 767 2612; x_wconf 90' lang='lat' dir='ltr'>per</span> <span class='ocrx_word' id='word_1_220' title='bbox 783 2539 869 2596; x_wconf 91' lang='lat' dir='ltr'>inane</span> <span class='ocrx_word' id='word_1_221' title='bbox 888 2531 1035 2598; x_wconf 85' lang='lat' dir='ltr'>inlinitum</span> <span class='ocrx_word' id='word_1_222' title='bbox 1054 2535 1167 2594; x_wconf 90' lang='grc'><strong>3311133-</strong></span> 
     </span>
     <span class='ocr_line' id='line_1_27' title="bbox 119 2619 1166 2696; baseline 0 -18"><span class='ocrx_word' id='word_1_223' title='bbox 119 2623 197 2693; x_wconf 88' lang='lat' dir='ltr'>sent;</span> <span class='ocrx_word' id='word_1_224' title='bbox 214 2625 253 2692; x_wconf 85' lang='lat' dir='ltr'>et,</span> <span class='ocrx_word' id='word_1_225' title='bbox 266 2619 341 2694; x_wconf 92' lang='lat' dir='ltr'>quod</span> <span class='ocrx_word' id='word_1_226' title='bbox 354 2636 533 2695; x_wconf 90' lang='lat' dir='ltr'>consequeus</span> <span class='ocrx_word' id='word_1_227' title='bbox 544 2626 596 2694; x_wconf 90' lang='lat' dir='ltr'>est,</span> <span class='ocrx_word' id='word_1_228' title='bbox 609 2634 753 2696; x_wconf 90' lang='lat' dir='ltr'>nusquam</span> <span class='ocrx_word' id='word_1_229' title='bbox 763 2623 819 2681; x_wconf 89' lang='lat' dir='ltr'>sibi</span> <span class='ocrx_word' id='word_1_230' title='bbox 830 2621 956 2680; x_wconf 84' lang='lat' dir='ltr'>invicem</span> <span class='ocrx_word' id='word_1_231' title='bbox 966 2621 1166 2693; x_wconf 87' lang='lat' dir='ltr'>occurrissent,</span> 
     </span>
     <span class='ocr_line' id='line_1_28' title="bbox 119 2703 1170 2780; baseline -0.003 -17"><span class='ocrx_word' id='word_1_232' title='bbox 119 2709 153 2763; x_wconf 93' lang='lat' dir='ltr'>ut</span> <span class='ocrx_word' id='word_1_233' title='bbox 166 2705 203 2763; x_wconf 86' lang='lat' dir='ltr'>ad</span> <span class='ocrx_word' id='word_1_234' title='bbox 218 2703 396 2763; x_wconf 83' lang='grc'><strong>3113333333</strong></span> <span class='ocrx_word' id='word_1_235' title='bbox 409 2721 529 2780; x_wconf 86' lang='lat' dir='ltr'>corpora</span> <span class='ocrx_word' id='word_1_236' title='bbox 543 2707 756 2780; x_wconf 87' lang='lat' dir='ltr'>copularentur.</span> <span class='ocrx_word' id='word_1_237' title='bbox 775 2706 900 2777; x_wconf 88' lang='lat' dir='ltr'>[lenique</span> <span class='ocrx_word' id='word_1_238' title='bbox 914 2705 985 2763; x_wconf 92' lang='lat' dir='ltr'>illud</span> <span class='ocrx_word' id='word_1_239' title='bbox 1000 2705 1170 2764; x_wconf 80' lang='grc'><strong>311333333-</strong></span> 
     </span>
     <span class='ocr_line' id='line_1_29' title="bbox 119 2786 1171 2863; baseline -0.004 -17"><span class='ocrx_word' id='word_1_240' title='bbox 119 2788 197 2848; x_wconf 88' lang='lat' dir='ltr'>tione</span> <span class='ocrx_word' id='word_1_241' title='bbox 215 2789 343 2847; x_wconf 90' lang='lat' dir='ltr'>alienum</span> <span class='ocrx_word' id='word_1_242' title='bbox 358 2796 417 2862; x_wconf 90' lang='grc'><strong>331,</strong></span> <span class='ocrx_word' id='word_1_243' title='bbox 434 2790 510 2863; x_wconf 93' lang='lat' dir='ltr'>quod</span> <span class='ocrx_word' id='word_1_244' title='bbox 529 2790 644 2861; x_wconf 82' lang='lat' dir='ltr'>dicum,</span> <span class='ocrx_word' id='word_1_245' title='bbox 662 2795 771 2846; x_wconf 86' lang='lat' dir='ltr'>atomos</span> <span class='ocrx_word' id='word_1_246' title='bbox 786 2803 823 2845; x_wconf 86' lang='grc'>33</span> <span class='ocrx_word' id='word_1_247' title='bbox 839 2787 929 2844; x_wconf 88' lang='lat' dir='ltr'>indita</span> <span class='ocrx_word' id='word_1_248' title='bbox 944 2787 1113 2844; x_wconf 86' lang='lat' dir='ltr'>necessitate</span> <span class='ocrx_word' id='word_1_249' title='bbox 1134 2786 1171 2843; x_wconf 91' lang='lat' dir='ltr'>ad</span> 
     </span>
     <span class='ocr_line' id='line_1_30' title="bbox 118 2870 1173 2945; baseline -0.003 -15"><span class='ocrx_word' id='word_1_250' title='bbox 118 2879 234 2932; x_wconf 91' lang='lat' dir='ltr'>motum</span> <span class='ocrx_word' id='word_1_251' title='bbox 248 2878 300 2945; x_wconf 90' lang='grc'><strong>331,</strong></span> <span class='ocrx_word' id='word_1_252' title='bbox 319 2874 394 2945; x_wconf 95' lang='lat' dir='ltr'>quod</span> <span class='ocrx_word' id='word_1_253' title='bbox 408 2873 517 2944; x_wconf 88' lang='lat' dir='ltr'>dieunt,</span> <span class='ocrx_word' id='word_1_254' title='bbox 534 2877 642 2930; x_wconf 86' lang='lat' dir='ltr'>atomos</span> <span class='ocrx_word' id='word_1_255' title='bbox 656 2887 695 2928; x_wconf 96' lang='grc'>33</span> <span class='ocrx_word' id='word_1_256' title='bbox 715 2871 805 2927; x_wconf 89' lang='lat' dir='ltr'>indita</span> <span class='ocrx_word' id='word_1_257' title='bbox 823 2870 992 2926; x_wconf 87' lang='lat' dir='ltr'>necessitate</span> <span class='ocrx_word' id='word_1_258' title='bbox 1009 2871 1046 2926; x_wconf 90' lang='lat' dir='ltr'>ad</span> <span class='ocrx_word' id='word_1_259' title='bbox 1060 2874 1173 2927; x_wconf 89' lang='lat' dir='ltr'>motum</span> 
     </span>
     <span class='ocr_line' id='line_1_31' title="bbox 119 2953 1172 3026; baseline -0.004 -11"><span class='ocrx_word' id='word_1_260' title='bbox 119 2957 199 3015; x_wconf 89' lang='lat' dir='ltr'>ferri.</span> <span class='ocrx_word' id='word_1_261' title='bbox 212 2956 284 3013; x_wconf 89' lang='lat' dir='ltr'>Nam</span> <span class='ocrx_word' id='word_1_262' title='bbox 294 2955 422 3026; x_wconf 88' lang='lat' dir='ltr'>materia,</span> <span class='ocrx_word' id='word_1_263' title='bbox 436 2961 467 3011; x_wconf 91' lang='lat' dir='ltr'>ut</span> <span class='ocrx_word' id='word_1_264' title='bbox 477 2960 656 3025; x_wconf 90' lang='lat' dir='ltr'>compertum</span> <span class='ocrx_word' id='word_1_265' title='bbox 665 2953 798 3025; x_wconf 89' lang='lat' dir='ltr'>habetur,</span> <span class='ocrx_word' id='word_1_266' title='bbox 810 2954 888 3010; x_wconf 89' lang='lat' dir='ltr'>iners</span> <span class='ocrx_word' id='word_1_267' title='bbox 898 2957 997 3026; x_wconf 88' lang='lat' dir='ltr'>suapte</span> <span class='ocrx_word' id='word_1_268' title='bbox 1009 2958 1110 3011; x_wconf 89' lang='grc'><strong>331333</strong></span> <span class='ocrx_word' id='word_1_269' title='bbox 1120 2958 1172 3026; x_wconf 88' lang='grc'><strong>331,</strong></span> 
     </span>
     <span class='ocr_line' id='line_1_32' title="bbox 119 3036 1174 3110; baseline -0.007 -10"><span class='ocrx_word' id='word_1_270' title='bbox 119 3056 173 3100; x_wconf 89' lang='grc'>333</span> <span class='ocrx_word' id='word_1_271' title='bbox 186 3037 355 3097; x_wconf 76' lang='lat' dir='ltr'>indifferens</span> <span class='ocrx_word' id='word_1_272' title='bbox 369 3037 405 3093; x_wconf 93' lang='lat' dir='ltr'>ad</span> <span class='ocrx_word' id='word_1_273' title='bbox 419 3043 530 3094; x_wconf 90' lang='lat' dir='ltr'>motum</span> <span class='ocrx_word' id='word_1_274' title='bbox 544 3036 589 3093; x_wconf 90' lang='lat' dir='ltr'>vel</span> <span class='ocrx_word' id='word_1_275' title='bbox 604 3036 745 3108; x_wconf 69' lang='lat' dir='ltr'>quietem</span> <span class='ocrx_word' id='word_1_276' title='bbox 763 3051 796 3094; x_wconf 89' lang='lat' dir='ltr'>ac</span> <span class='ocrx_word' id='word_1_277' title='bbox 811 3037 930 3110; x_wconf 91' lang='lat' dir='ltr'>proinde</span> <span class='ocrx_word' id='word_1_278' title='bbox 946 3037 971 3095; x_wconf 90' lang='lat' dir='ltr'>si</span> <span class='ocrx_word' id='word_1_279' title='bbox 986 3037 1088 3109; x_wconf 88' lang='lat' dir='ltr'>cietur,</span> <span class='ocrx_word' id='word_1_280' title='bbox 1106 3052 1174 3094; x_wconf 88' lang='lat' dir='ltr'>cau·</span> 
     </span>
     <span class='ocr_line' id='line_1_33' title="bbox 120 3119 1171 3194; baseline -0.005 -10"><span class='ocrx_word' id='word_1_281' title='bbox 120 3139 184 3184; x_wconf 87' lang='lat' dir='ltr'>sam</span> <span class='ocrx_word' id='word_1_282' title='bbox 199 3137 219 3179; x_wconf 91' lang='lat' dir='ltr'>a</span> <span class='ocrx_word' id='word_1_283' title='bbox 232 3135 264 3178; x_wconf 90' lang='lat' dir='ltr'>se</span> <span class='ocrx_word' id='word_1_284' title='bbox 279 3119 443 3178; x_wconf 83' lang='lat' dir='ltr'>distinctam</span> <span class='ocrx_word' id='word_1_285' title='bbox 456 3119 594 3192; x_wconf 83' lang='lat' dir='ltr'>exposcit,</span> <span class='ocrx_word' id='word_1_286' title='bbox 606 3135 625 3178; x_wconf 93' lang='lat' dir='ltr'>a</span> <span class='ocrx_word' id='word_1_287' title='bbox 638 3135 696 3192; x_wconf 89' lang='lat' dir='ltr'>qua</span> <span class='ocrx_word' id='word_1_288' title='bbox 710 3119 881 3194; x_wconf 90' lang='lat' dir='ltr'>impellatur.</span> <span class='ocrx_word' id='word_1_289' title='bbox 895 3123 1007 3180; x_wconf 78' lang='lat' dir='ltr'>Constat</span> <span class='ocrx_word' id='word_1_290' title='bbox 1020 3122 1109 3194; x_wconf 80' lang='lat' dir='ltr'>igitur</span> <span class='ocrx_word' id='word_1_291' title='bbox 1125 3136 1171 3179; x_wconf 91' lang='lat' dir='ltr'>or·</span> 
     </span>
    </p>
   </div>
   <div class='ocr_carea' id='block_1_3' title="bbox 120 3203 1318 3295">
    <p class='ocr_par' dir='ltr' id='par_1_3' title="bbox 120 3203 1318 3295">
     <span class='ocr_line' id='line_1_34' title="bbox 120 3203 1318 3295; baseline -0.008 -27"><span class='ocrx_word' id='word_1_292' title='bbox 120 3207 440 3278; x_wconf 86' lang='lat' dir='ltr'>dinatiouem,motun1,</span> <span class='ocrx_word' id='word_1_293' title='bbox 452 3203 722 3278; x_wconf 82' lang='lat' dir='ltr'>dispositionemque</span> <span class='ocrx_word' id='word_1_294' title='bbox 735 3206 871 3265; x_wconf 89' lang='lat' dir='ltr'>materiae</span> <span class='ocrx_word' id='word_1_295' title='bbox 887 3207 923 3264; x_wconf 89' lang='lat' dir='ltr'>ab</span> <span class='ocrx_word' id='word_1_296' title='bbox 938 3205 1033 3279; x_wconf 90' lang='lat' dir='ltr'>aliqua</span> <span class='ocrx_word' id='word_1_297' title='bbox 1048 3204 1171 3263; x_wconf 79' lang='lat' dir='ltr'>exterio·</span> <span class='ocrx_word' id='word_1_298' title='bbox 1265 3291 1266 3295; x_wconf 0' lang='grc'>,</span> <span class='ocrx_word' id='word_1_299' title='bbox 1314 3262 1318 3268; x_wconf 70' lang='grc'><strong>,</strong></span> 
     </span>
    </p>
   </div>
   <div class='ocr_carea' id='block_1_4' title="bbox 120 3289 1278 3536">
    <p class='ocr_par' dir='ltr' id='par_1_4' title="bbox 120 3289 1278 3536">
     <span class='ocr_line' id='line_1_35' title="bbox 120 3289 1074 3365; baseline -0.012 -12"><span class='ocrx_word' id='word_1_300' title='bbox 120 3309 153 3353; x_wconf 93' lang='lat' dir='ltr'>re</span> <span class='ocrx_word' id='word_1_301' title='bbox 167 3307 258 3353; x_wconf 90' lang='lat' dir='ltr'>causa</span> <span class='ocrx_word' id='word_1_302' title='bbox 271 3291 384 3365; x_wconf 90' lang='lat' dir='ltr'>prodire</span> <span class='ocrx_word' id='word_1_303' title='bbox 399 3289 543 3348; x_wconf 87' lang='lat' dir='ltr'>debuisse.</span> <span class='ocrx_word' id='word_1_304' title='bbox 1072 3343 1074 3350; x_wconf 82' lang='grc'><strong>,</strong></span> 
     </span>
     <span class='ocr_line' id='line_1_36' title="bbox 156 3375 1278 3452; baseline -0.003 -15"><span class='ocrx_word' id='word_1_305' title='bbox 156 3380 248 3452; x_wconf 82' lang='lat' dir='ltr'>dtque</span> <span class='ocrx_word' id='word_1_306' title='bbox 262 3376 287 3434; x_wconf 91' lang='lat' dir='ltr'>si</span> <span class='ocrx_word' id='word_1_307' title='bbox 301 3376 470 3447; x_wconf 82' lang='grc'><strong>1333333333</strong></span> <span class='ocrx_word' id='word_1_308' title='bbox 484 3381 536 3450; x_wconf 89' lang='lat' dir='ltr'>est,</span> <span class='ocrx_word' id='word_1_309' title='bbox 553 3376 616 3452; x_wconf 86' lang='lat' dir='ltr'>ipsa</span> <span class='ocrx_word' id='word_1_310' title='bbox 631 3391 745 3451; x_wconf 91' lang='lat' dir='ltr'>quoque</span> <span class='ocrx_word' id='word_1_311' title='bbox 760 3377 860 3436; x_wconf 90' lang='lat' dir='ltr'>muudi</span> <span class='ocrx_word' id='word_1_312' title='bbox 869 3375 1018 3436; x_wconf 84' lang='lat' dir='ltr'>materiae</span> <span class='ocrx_word' id='word_1_313' title='bbox 1033 3391 1063 3434; x_wconf 89' lang='lat' dir='ltr'>se</span> <span class='ocrx_word' id='word_1_314' title='bbox 1078 3379 1171 3434; x_wconf 88' lang='grc'><strong>33313-</strong></span> <span class='ocrx_word' id='word_1_315' title='bbox 1277 3397 1278 3402; x_wconf 56' lang='grc'>’</span> 
     </span>
     <span class='ocr_line' id='line_1_37' title="bbox 122 3459 1168 3536; baseline 0 -16"><span class='ocrx_word' id='word_1_316' title='bbox 122 3476 154 3520; x_wconf 91' lang='lat' dir='ltr'>re</span> <span class='ocrx_word' id='word_1_317' title='bbox 168 3476 229 3520; x_wconf 92' lang='lat' dir='ltr'>non</span> <span class='ocrx_word' id='word_1_318' title='bbox 247 3461 345 3535; x_wconf 89' lang='lat' dir='ltr'>potuit.</span> <span class='ocrx_word' id='word_1_319' title='bbox 369 3459 441 3534; x_wconf 79' lang='lat' dir='ltr'>firgo</span> <span class='ocrx_word' id='word_1_320' title='bbox 454 3476 492 3519; x_wconf 83' lang='lat' dir='ltr'>ex</span> <span class='ocrx_word' id='word_1_321' title='bbox 514 3459 637 3521; x_wconf 89' lang='lat' dir='ltr'>falsitate</span> <span class='ocrx_word' id='word_1_322' title='bbox 657 3462 787 3536; x_wconf 86' lang='lat' dir='ltr'>llpicurei</span> <span class='ocrx_word' id='word_1_323' title='bbox 814 3461 985 3534; x_wconf 89' lang='lat' dir='ltr'>commenti,</span> <span class='ocrx_word' id='word_1_324' title='bbox 1008 3459 1168 3520; x_wconf 88' lang='lat' dir='ltr'>Platonicae</span> 
     </span>
    </p>
   </div>
   <div class='ocr_carea' id='block_1_5' title="bbox 122 3545 1262 3622">
    <p class='ocr_par' dir='ltr' id='par_1_5' title="bbox 122 3545 1262 3622">
     <span class='ocr_line' id='line_1_38' title="bbox 122 3545 1262 3622; baseline -0.002 -18"><span class='ocrx_word' id='word_1_325' title='bbox 122 3547 209 3604; x_wconf 88' lang='lat' dir='ltr'>etiarn</span> <span class='ocrx_word' id='word_1_326' title='bbox 224 3546 394 3619; x_wconf 90' lang='lat' dir='ltr'>opinationis</span> <span class='ocrx_word' id='word_1_327' title='bbox 410 3545 518 3605; x_wconf 90' lang='lat' dir='ltr'>falsitas</span> <span class='ocrx_word' id='word_1_328' title='bbox 529 3546 682 3607; x_wconf 84' lang='lat' dir='ltr'>derivatur.</span> <span class='ocrx_word' id='word_1_329' title='bbox 696 3547 729 3606; x_wconf 85' lang='lat' dir='ltr'>Et</span> <span class='ocrx_word' id='word_1_330' title='bbox 743 3565 813 3607; x_wconf 88' lang='lat' dir='ltr'>sane</span> <span class='ocrx_word' id='word_1_331' title='bbox 829 3549 854 3606; x_wconf 90' lang='grc'>31</span> <span class='ocrx_word' id='word_1_332' title='bbox 870 3547 1000 3618; x_wconf 88' lang='lat' dir='ltr'>materia,</span> <span class='ocrx_word' id='word_1_333' title='bbox 1015 3551 1109 3619; x_wconf 89' lang='lat' dir='ltr'>utpote</span> <span class='ocrx_word' id='word_1_334' title='bbox 1123 3545 1167 3603; x_wconf 92' lang='lat' dir='ltr'>in·</span> <span class='ocrx_word' id='word_1_335' title='bbox 1260 3613 1262 3622; x_wconf 22' lang='lat' dir='ltr'>y</span> 
     </span>
    </p>
   </div>
   <div class='ocr_carea' id='block_1_6' title="bbox 72 3629 1171 3958">
    <p class='ocr_par' dir='ltr' id='par_1_6' title="bbox 72 3629 1171 3958">
     <span class='ocr_line' id='line_1_39' title="bbox 72 3629 1168 3705; baseline 0 -18"><span class='ocrx_word' id='word_1_336' title='bbox 72 3629 80 3635; x_wconf 83' lang='lat'>&#39;</span> <span class='ocrx_word' id='word_1_337' title='bbox 123 3629 214 3703; x_wconf 86' lang='lat' dir='ltr'>fecta,</span> <span class='ocrx_word' id='word_1_338' title='bbox 230 3645 268 3688; x_wconf 88' lang='grc'>33</span> <span class='ocrx_word' id='word_1_339' title='bbox 282 3629 410 3689; x_wconf 85' lang='lat' dir='ltr'>absoluta</span> <span class='ocrx_word' id='word_1_340' title='bbox 424 3631 518 3689; x_wconf 83' lang='lat' dir='ltr'>extitit</span> <span class='ocrx_word' id='word_1_341' title='bbox 533 3631 720 3705; x_wconf 80' lang='lat' dir='ltr'>necessitate3</span> <span class='ocrx_word' id='word_1_342' title='bbox 739 3649 756 3690; x_wconf 88' lang='lat' dir='ltr'>a</span> <span class='ocrx_word' id='word_1_343' title='bbox 771 3632 851 3692; x_wconf 91' lang='lat' dir='ltr'>nulla</span> <span class='ocrx_word' id='word_1_344' title='bbox 866 3647 968 3704; x_wconf 89' lang='lat' dir='ltr'>causa,</span> <span class='ocrx_word' id='word_1_345' title='bbox 986 3630 1168 3704; x_wconf 82' lang='lat' dir='ltr'>quemadme</span> 
     </span>
     <span class='ocr_line' id='line_1_40' title="bbox 125 3711 1169 3790; baseline 0.003 -21"><span class='ocrx_word' id='word_1_346' title='bbox 125 3711 195 3770; x_wconf 91' lang='lat' dir='ltr'>dum</span> <span class='ocrx_word' id='word_1_347' title='bbox 206 3713 238 3771; x_wconf 90' lang='lat' dir='ltr'>in</span> <span class='ocrx_word' id='word_1_348' title='bbox 249 3715 412 3787; x_wconf 78' lang='lat' dir='ltr'>existendo,</span> <span class='ocrx_word' id='word_1_349' title='bbox 431 3715 472 3774; x_wconf 90' lang='grc'>313</span> <span class='ocrx_word' id='word_1_350' title='bbox 486 3715 573 3774; x_wconf 89' lang='lat' dir='ltr'>etiarn</span> <span class='ocrx_word' id='word_1_351' title='bbox 587 3717 619 3774; x_wconf 90' lang='lat' dir='ltr'>in</span> <span class='ocrx_word' id='word_1_352' title='bbox 632 3717 858 3790; x_wconf 81' lang='lat' dir='ltr'>perfectionibus</span> <span class='ocrx_word' id='word_1_353' title='bbox 872 3714 992 3788; x_wconf 90' lang='lat' dir='ltr'>reliquis</span> <span class='ocrx_word' id='word_1_354' title='bbox 1007 3731 1107 3774; x_wconf 86' lang='lat' dir='ltr'>revera</span> <span class='ocrx_word' id='word_1_355' title='bbox 1121 3729 1169 3787; x_wconf 74' lang='lat' dir='ltr'>pc</span> 
     </span>
     <span class='ocr_line' id='line_1_41' title="bbox 124 3796 1167 3874; baseline 0.001 -21"><span class='ocrx_word' id='word_1_356' title='bbox 124 3796 233 3871; x_wconf 91' lang='lat' dir='ltr'>pendit,</span> <span class='ocrx_word' id='word_1_357' title='bbox 248 3813 300 3858; x_wconf 92' lang='lat' dir='ltr'>uec</span> <span class='ocrx_word' id='word_1_358' title='bbox 315 3798 431 3857; x_wconf 88' lang='lat' dir='ltr'>alterius</span> <span class='ocrx_word' id='word_1_359' title='bbox 444 3800 549 3858; x_wconf 90' lang='lat' dir='ltr'>actioni</span> <span class='ocrx_word' id='word_1_360' title='bbox 563 3801 692 3860; x_wconf 88' lang='lat' dir='ltr'>subiecta</span> <span class='ocrx_word' id='word_1_361' title='bbox 707 3803 769 3860; x_wconf 88' lang='lat' dir='ltr'>fuit.</span> <span class='ocrx_word' id='word_1_362' title='bbox 787 3801 974 3874; x_wconf 88' lang='lat' dir='ltr'>Proprietates</span> <span class='ocrx_word' id='word_1_363' title='bbox 990 3799 1111 3858; x_wconf 89' lang='lat' dir='ltr'>enimet</span> <span class='ocrx_word' id='word_1_364' title='bbox 1126 3801 1167 3854; x_wconf 91' lang='lat' dir='ltr'>at·</span> 
     </span>
     <span class='ocr_line' id='line_1_42' title="bbox 125 3879 1171 3958; baseline 0.002 -20"><span class='ocrx_word' id='word_1_365' title='bbox 125 3879 234 3939; x_wconf 79' lang='lat' dir='ltr'>tributa</span> <span class='ocrx_word' id='word_1_366' title='bbox 247 3882 404 3940; x_wconf 80' lang='lat' dir='ltr'>conformia</span> <span class='ocrx_word' id='word_1_367' title='bbox 413 3899 476 3941; x_wconf 88' lang='lat' dir='ltr'>esse</span> <span class='ocrx_word' id='word_1_368' title='bbox 485 3884 590 3942; x_wconf 90' lang='lat' dir='ltr'>debent</span> <span class='ocrx_word' id='word_1_369' title='bbox 603 3885 742 3943; x_wconf 88' lang='lat' dir='ltr'>essentiae</span> <span class='ocrx_word' id='word_1_370' title='bbox 758 3885 804 3942; x_wconf 90' lang='grc'>331</span> <span class='ocrx_word' id='word_1_371' title='bbox 819 3885 930 3958; x_wconf 89' lang='lat' dir='ltr'>insunt;</span> <span class='ocrx_word' id='word_1_372' title='bbox 948 3900 981 3943; x_wconf 91' lang='lat' dir='ltr'>ac</span> <span class='ocrx_word' id='word_1_373' title='bbox 991 3883 1108 3958; x_wconf 89' lang='lat' dir='ltr'>proinde</span> <span class='ocrx_word' id='word_1_374' title='bbox 1120 3880 1171 3940; x_wconf 84' lang='lat' dir='ltr'>ubi</span> 
     </span>
    </p>
   </div>
   <div class='ocr_carea' id='block_1_7' title="bbox 127 3963 1172 4042">
    <p class='ocr_par' dir='ltr' id='par_1_7' title="bbox 127 3963 1172 4042">
     <span class='ocr_line' id='line_1_43' title="bbox 127 3963 1172 4042; baseline 0.002 -18"><span class='ocrx_word' id='word_1_375' title='bbox 127 3963 320 4040; x_wconf 85' lang='lat' dir='ltr'>dependentia</span> <span class='ocrx_word' id='word_1_376' title='bbox 334 3965 432 4039; x_wconf 84' lang='grc'><strong>311333</strong></span> <span class='ocrx_word' id='word_1_377' title='bbox 444 3982 504 4028; x_wconf 91' lang='grc'>333</span> <span class='ocrx_word' id='word_1_378' title='bbox 521 3967 599 4042; x_wconf 79' lang='lat' dir='ltr'>riget</span> <span class='ocrx_word' id='word_1_379' title='bbox 612 3967 643 4028; x_wconf 93' lang='lat' dir='ltr'>in</span> <span class='ocrx_word' id='word_1_380' title='bbox 656 3973 776 4042; x_wconf 88' lang='lat' dir='ltr'>natura,</span> <span class='ocrx_word' id='word_1_381' title='bbox 792 3967 834 4030; x_wconf 84' lang='lat' dir='ltr'>ibi</span> <span class='ocrx_word' id='word_1_382' title='bbox 850 3969 937 4032; x_wconf 84' lang='lat' dir='ltr'>etiam</span> <span class='ocrx_word' id='word_1_383' title='bbox 953 3967 1078 4030; x_wconf 85' lang='grc'><strong>3311313</strong></span> <span class='ocrx_word' id='word_1_384' title='bbox 1092 3963 1172 4026; x_wconf 86' lang='lat' dir='ltr'>attri-</span> 
     </span>
    </p>
   </div>
   <div class='ocr_carea' id='block_1_8' title="bbox 0 0 1388 4492">
    <p class='ocr_par' dir='ltr' id='par_1_8' title="bbox 0 0 1388 4492">
     <span class='ocr_line' id='line_1_44' title="bbox 0 0 1388 4492; baseline 0 0"><span class='ocrx_word' id='word_1_385' title='bbox 0 0 1388 4492; x_wconf 95' lang='lat' dir='ltr'> </span> 
     </span>
    </p>
   </div>
  </div>
 </body>
</html>
