2767 4492
250 327 305 387 256
490 387 494 395 ,
576 335 806 382 nrrmnrsrcln
820 334 967 381 seruante
1064 319 1068 324 ’

254 450 266 478 a
281 423 357 500 quod
371 407 527 484 discrimen
542 421 665 495 ingruet.
682 420 752 480 Tum
766 419 933 493 trepidiores
949 417 1131 491 ridebuntur,
1147 433 1235 492 quam
1249 433 1295 479 oe·

254 535 265 564 a
283 510 337 569 teri
351 507 482 567 homines
498 509 522 563 t,
538 527 549 556 a

287 593 410 653 Tandem
423 589 575 650 concludit
596 589 623 648 id
643 590 707 648 iure
725 590 832 665 optimo
847 589 883 648 ad
902 589 1076 648 credendum
1093 588 1244 663 adducere,
1264 589 1297 648 li·
1379 656 1382 665 ,

251 679 377 738 bertinos
392 676 427 734 de
441 676 485 747 iis,
503 690 575 748 quae
589 675 698 748 dicunt,
715 674 835 733 minime
849 687 999 749 persuasos
1015 688 1087 732 esse.
1137 726 1141 730 .
1380 726 1381 731 ,

287 763 415 820 Ceterum
425 759 561 833 quidquid
572 759 607 816 de
617 758 661 817 bis
676 757 872 817 blateronibus
883 758 929 830 sit,
942 762 1019 816 certe
1032 757 1127 831 pauci,
1141 755 1173 816 in
1187 757 1295 831 quibus
1380 752 1381 821 Ϊ

252 852 354 904 natura
369 843 518 918 depravari
541 848 645 916 potest,
669 843 754 902 totius
774 842 888 915 generis
907 841 1028 899 humani
1048 855 1220 900 consensum
1237 857 1299 900 non

253 928 410 990 debilitant.
427 928 519 996 tiuare
532 926 610 986 bunc
624 933 719 985 ratum
737 924 877 985 habentes
891 925 934 984 sic
947 924 1196 984 ratiocinationem
1210 925 1300 984 mnil-
1380 966 1381 977 ,

252 1013 357 1072 cimus:
374 1011 495 1071 Effectus
511 1010 685 1084 communis,
703 1016 854 1083 constans,
876 1008 1081 1082 ineluctabilis,
1103 1022 1220 1067 causam
1234 1025 1299 1083 pro

251 1098 325 1156 iectu
340 1096 469 1170 exposcit
482 1109 675 1166 communem,
692 1099 881 1165 constantem,
898 1092 1100 1152 necessariam.
1111 1093 1195 1174 Atqui
1210 1108 1300 1153 cansa

253 1181 393 1240 eiusmodi
404 1179 460 1238 alia
474 1195 536 1239 esse
551 1195 609 1252 non
624 1184 725 1252 potest,
738 1179 793 1237 nisi
808 1185 921 1236 natura.
933 1178 1005 1250 llrgo
1020 1183 1176 1251 perpetuus
1185 1183 1215 1236 et
1228 1193 1300 1236 una-

253 1264 341 1324 nimis
354 1264 484 1338 gentium
498 1264 529 1323 in
539 1262 693 1321 Divinitate
708 1263 888 1336 agnoscenda
902 1277 1058 1321 consensus
1069 1272 1108 1319 ex
1122 1267 1300 1336 naturapro·

255 1347 400 1407 ficiscitur.
421 1349 454 1406 lt
474 1363 541 1406 vero
562 1352 680 1405 naturae
705 1345 919 1418 testimonium,
935 1345 992 1404 nisi
1014 1344 1164 1404 scientiam
1183 1360 1301 1405 omnem

254 1431 382 1491 funditus
396 1439 523 1491 evertere
540 1431 604 1503 quis
619 1430 742 1503 mavult,
759 1430 955 1489 firmissimum
971 1436 999 1488 et
1014 1429 1050 1487 ab
1064 1445 1161 1488 errore
1176 1444 1300 1488 vacuum

213 1565 217 1574 .
254 1516 372 1574 omnino
393 1523 445 1574 est.
464 1516 536 1586 Ergo
555 1515 681 1589 supremi
700 1513 830 1573 Numinis
853 1514 1006 1573 existentia
1024 1513 1054 1572 in
1075 1514 1301 1573 certissimorum

257 1615 379 1659 numero
388 1599 490 1658 baberi
500 1598 594 1658 debet.
606 1600 637 1658 ln
649 1613 680 1657 re
695 1599 791 1671 itaque
807 1604 864 1656 tam
877 1598 1031 1657 manifesta
1041 1608 1069 1655 et
1079 1598 1210 1657 contessa
1224 1599 1299 1672 apud

256 1700 356 1742 omnes
372 1684 446 1742 ultra
460 1683 627 1756 neutiquam
643 1682 879 1754 immorabimur,
896 1681 945 1740 sed
968 1682 1066 1741 omnia
1084 1681 1206 1740 velutin
1224 1697 1301 1740 sum·

257 1759 336 1825 mam
356 1767 535 1825 conierentes
549 1782 614 1825 cum
631 1766 720 1825 Tullio
740 1766 953 1824 concludimus:
971 1789 983 1818 ι
1001 1767 1030 1825 Si
1044 1767 1116 1825 ratio
1130 1781 1245 1826 mecum
1260 1767 1300 1825 ia·

261 1873 272 1901 α
291 1851 344 1922 cit,
361 1850 386 1908 sl
401 1857 517 1920 eventa,
535 1851 560 1908 si
579 1850 690 1924 populi,
708 1850 732 1909 si
751 1849 895 1922 nationes,
911 1848 936 1908 si
955 1850 1064 1922 graeci,
1081 1850 1105 1908 si
1126 1849 1260 1923 barbari,
1276 1851 1300 1908 si
1380 1918 1381 1921 Ἴ

261 1955 272 1984 α
290 1933 412 1993 maiores
426 1933 514 1992 etiam
528 1935 628 2007 nostri,
641 1935 664 1992 si
680 1934 803 2008 denique
813 1935 866 1992 boc
881 1949 995 2007 semper
1008 1935 1049 1992 ita
1063 1940 1192 2008 putamm
1206 1941 1261 2007 est,
1277 1935 1301 1994 si
1380 1940 1381 1969 ³

261 2039 271 2068 u
289 2016 395 2076 summi
411 2016 585 2091 philosophi,
602 2018 627 2076 si
650 2023 764 2092 poetae,
788 2018 811 2075 si
831 2018 1034 2091 sapientissimi
1052 2018 1119 2090 viri,
1138 2019 1186 2091 qui
1202 2033 1302 2092 respu-

261 2124 272 2152 «
290 2101 381 2159 blicas
395 2101 612 2174 constituerunt,
625 2101 675 2176 qui
691 2101 777 2160 urbes
792 2102 997 2160 condiderunt:
1008 2117 1046 2160 an
1061 2102 1128 2161 dum
1142 2101 1253 2161 bestiae
1263 2103 1300 2161 lo

261 2208 272 2236 a
291 2190 414 2257 quantur
425 2194 620 2318 expegtamus,
632 2186 783 2246 bominum
791 2185 987 2248 consentiente
998 2187 1163 2247 auctoritate
1173 2187 1302 2248 contenti

263 2284 352 2330 «non
367 2283 479 2330 sumus.
531 2293 542 2323 a

585 2439 752 2500 Solvamtur
766 2438 965 2515 difficultates.

298 2608 358 2666 148.
382 2608 522 2668 Adversus
545 2609 769 2666 demonstratam
792 2608 942 2667 veritatem
963 2625 1022 2669 nun
1040 2610 1125 2682 pauci
1149 2611 1303 2684 insurgunt

259 2690 422 2750 adversarii.
439 2691 579 2766 Principio
595 2691 668 2750 Kant
682 2692 730 2750 liei
745 2693 928 2750 existentiam
945 2693 997 2750 etsi
1019 2693 1193 2766 postulatum
1212 2695 1303 2768 quud·

260 2775 327 2832 dam
342 2775 458 2833 rationis
483 2777 643 2849 practicae,
669 2775 772 2834 morali
791 2776 847 2834 lide
868 2776 1042 2834 credendum
1063 2793 1126 2836 esse
1145 2779 1301 2847 concedat3

260 2865 354 2917 tamen
371 2860 406 2918 ad
423 2859 607 2919 theoreticam
620 2861 759 2919 rationem
775 2861 850 2933 quod
870 2860 983 2933 attinet,
999 2861 1195 2921 ratiocinando
1209 2862 1303 2920 evinci

260 2957 318 3000 non
332 2957 414 3015 posse
429 2943 582 3002 contendit.
599 2944 643 3002 llit
658 2944 737 3003 enim
752 2944 807 3002 tria
820 2958 883 3002 esse
902 2959 987 3018 posse
1007 2951 1242 3018 argumentorum
1256 2961 1304 3018 ge

261 3040 344 3097 nera,
361 3042 433 3100 quae
449 3043 501 3100 pro
515 3027 564 3086 liei
581 3029 735 3088 existentia
749 3043 787 3087 ex
800 3028 910 3086 ratione
934 3029 1109 3102 speculativa
1123 3034 1301 3102 promantur.

262 3109 363 3180 Unum,
381 3111 457 3182 quod
471 3126 509 3169 ex
524 3112 719 3186 contingentia
732 3113 833 3171 mundi
842 3118 870 3171 et
879 3113 941 3186 lege
955 3112 1129 3171 causalitatis
1143 3113 1303 3186 deducitur,

261 3199 290 3252 et
304 3193 526 3267 cosmoloptcum
541 3201 632 3253 vocat.
650 3197 789 3270 Alterum,
806 3196 881 3270 quod
896 3211 934 3255 ex
951 3196 1050 3256 ordine
1071 3197 1199 3255 universi
1213 3196 1305 3254 Deum

260 3277 364 3352 iniert,
390 3285 419 3336 et
437 3279 755 3355 pbpsteotteotoptcem
779 3283 918 3340 nominat.
945 3282 1070 3340 Tertium
1091 3282 1167 3355 quod
1186 3280 1223 3338 ab
1238 3280 1306 3339 idea

260 3363 367 3421 summi
380 3363 509 3423 Numinis
523 3365 652 3423 eiusdem
665 3365 848 3424 existentiam
862 3365 989 3441 deducit,
1010 3373 1039 3424 et
1052 3367 1250 3441 outotopicum
1264 3365 1306 3424 di·

261 3447 309 3506 cit.
323 3447 427 3506 Horum
441 3463 510 3506 vero
525 3447 637 3507 nullum
652 3455 758 3507 melam
773 3450 912 3523 attingere
926 3450 976 3508 ait.
992 3449 1074 3524 Ergo,
1091 3449 1245 3522 concludit,
1262 3463 1308 3506 ra·

263 3531 306 3673 {ig
324 3532 479 3674 tlrepretssca
497 3531 642 3594 incassum
657 3533 757 3610 pandit
770 3533 831 3594 alas
845 3540 877 3593 ut
890 3533 965 3595 ultra
979 3534 1118 3595 mundum
1140 3533 1308 3596 sensibilem

232 3639 241 3656 ·
307 3622 415 3676 nsvoet
449 3661 455 3676 .

308 3807 318 3850 l
337 3811 439 3857 betica.
457 3812 518 3858 not.
536 3813 558 3858 et
573 3812 633 3859 crit.
648 3811 686 3857 Ar.
706 3810 869 3861 Des-Burman
883 3812 957 3864 tom
970 3815 995 3861 F.

308 3884 374 3933 iiie
389 3888 515 3934 Diviattot.
531 3886 548 3932 l.
564 3887 589 3946 l,
605 3904 624 3934 e.
641 3887 680 3934 59.

306 3957 323 4006 a
340 3959 430 4010 caua
446 3963 554 4014 necnee
567 3965 654 4016 rore.
670 3963 763 4018 nuel.
777 3965 948 4018 ramnum.
966 3966 983 4017 l.
1001 3965 1025 4031 a,
1041 3983 1061 4016 a.
1077 3965 1102 4031 s,
1117 3981 1161 4015 ee.
1178 3965 1202 4016 a.
