2767 4492
686 307 850 353 balenum

615 477 785 538 ilnnrou'nns
798 479 910 540 Pardus

526 651 563 710 Do
579 650 695 710 artat-uis
709 650 869 710 notionum
883 651 999 727 ossae-lis.

273 827 335 885 213.
353 827 385 886 Ut
399 824 638 897 observati-'allel
655 825 704 882 vix
719 824 892 898 sperandum
907 829 951 884 est
967 827 1028 884 lore
1045 830 1078 885 ut
1098 824 1187 884 laoile
1205 841 1296 885 aures
1366 832 1367 835 ’

239 911 454 972 accommodent
469 915 589 969 naturae
602 909 724 968 donibus
741 916 827 984 atque
839 910 876 968 ab
886 910 1036 971 inferenda
1047 910 1156 970 iniuria
1165 909 1296 969 abstine

239 999 328 1070 antii,
343 997 392 1071 qui
406 996 531 1071 potentia
545 1000 574 1054 et
588 995 697 1053 viribus
715 995 869 1068 excellunt,
886 995 957 1066 dum
971 995 1007 1053 ad
1016 995 1223 1053 imbecilliores
1243 1011 1293 1069 op-

237 1082 402 1157 primendos
416 1086 497 1140 certa
511 1095 561 1152 spe
576 1079 704 1137 utilitatis
719 1078 903 1152 pelliciuntur
917 1082 942 1136 l.
956 1079 987 1138 ld
1000 1079 1185 1153 potissimum
1194 1079 1233 1137 de
1244 1095 1295 1137 na·

240 1166 365 1225 tionibus
379 1181 479 1223 verum
491 1171 542 1224 est.
557 1165 589 1223 Ut
599 1163 676 1222 enirn
687 1164 801 1222 funesta
817 1163 959 1236 quaedam
982 1163 1161 1236 experientia
1174 1179 1295 1236 semper

237 1251 342 1322 docuit,
359 1255 467 1322 gentes,
485 1263 558 1321 equae
575 1247 685 1317 viribus
704 1247 860 1319 abundant,
879 1247 928 1304 vix
943 1254 993 1312 aut
1007 1262 1045 1306 ne
1063 1247 1114 1304 vix
1128 1248 1251 1320 quidem
1275 1263 1294 1305 a

237 1335 345 1410 proprii
359 1333 471 1406 imperii
486 1332 625 1390 limitibus
640 1331 801 1390 vicinorum
819 1331 924 1390 damno
950 1331 1102 1391 dilatandis
1128 1338 1294 1405 temperant

238 1427 352 1494 propter
364 1419 452 1477 solam
468 1416 624 1476 honestatis
648 1416 762 1475 laudem
778 1421 806 1474 et
826 1416 884 1474 vim
896 1435 903 1488 3
914 1417 978 1490 ,sed
991 1417 1086 1488 facile,
1107 1417 1132 1474 si
1155 1424 1290 1490 possunt,

237 1505 331 1563 aliena
340 1502 486 1576 diripiunt,
499 1502 583 1559 modo
596 1517 626 1559 se
637 1506 761 1574 augeant
770 1504 798 1558 et
809 1500 990 1573 locupletent.
1002 1502 1093 1569 Quare
1105 1500 1204 1560 oletrm
1224 1517 1292 1576 ope-

207 1624 211 1632 ·
237 1605 356 1662 tamque
372 1588 489 1660 perdere
504 1587 592 1644 videri
610 1591 724 1658 possent
736 1585 775 1658 ii,
793 1585 843 1658 qui
858 1585 894 1644 de
904 1585 1059 1644 universali
1077 1587 1189 1644 iustitia
1204 1601 1240 1645 ac
1254 1588 1291 1644 de

237 1673 345 1732 mutuis
369 1671 555 1730 numanitatis
577 1669 680 1729 officiis
701 1670 777 1729 inter
791 1676 890 1743 gentes
912 1671 1115 1729 conservandis
1136 1679 1291 1745 praecepta

239 1759 354 1816 tradunt
368 1764 397 1817 et
411 1757 495 1830 longa
510 1755 694 1814 conscribunt
716 1754 870 1813 volrrmina.
888 1755 991 1813 llerum
1005 1754 1093 1813 nimis
1114 1755 1291 1814 iniuriosum

237 1843 471 1902 essetbominum
485 1839 592 1913 generi,
608 1839 644 1897 ob
656 1839 748 1897 tristia
768 1839 970 1898 nonnullorum
991 1839 1133 1912 exempla,
1155 1840 1219 1898 sire
1235 1841 1291 1898 lte

237 1928 353 2000 quentia
367 1927 425 1985 siut
438 1926 498 1983 sire
509 1923 710 1996 infrequentia,
720 1923 945 1997 desperationem
957 1923 1093 1982 inducere
1114 1923 1289 1984 moralitatis

240 2012 392 2078 bonanae,
413 2025 465 2067 nee
480 2007 636 2081 quidquam
646 2007 783 2065 valitnms
798 2009 963 2068 existimare
977 2013 1097 2066 naturae
1110 2009 1289 2082 praeceptio

238 2113 299 2168 nee,
317 2096 453 2153 adversus
472 2092 659 2165 cupiditatum
668 2092 799 2152 stimulos
810 2097 839 2151 et
848 2093 1002 2166 philautiae
1020 2092 1217 2151 invitamenta.
1241 2094 1289 2151 Ge

236 2186 338 2250 terum,
359 2177 495 2250 quidquid
513 2177 548 2236 de
563 2177 617 2234 bae
628 2191 667 2235 re
684 2177 730 2249 sit,
748 2191 861 2250 semper
875 2177 1198 2251 eonsultumeritatqno
1215 2179 1289 2238 utile

237 2279 280 2336 ea,
298 2278 370 2336 quae
389 2278 406 2320 a
424 2267 526 2320 natine
540 2267 568 2320 et
586 2260 684 2320 ordine
702 2261 944 2334 praescribuntur,
962 2262 1120 2335 patefacere
1140 2267 1170 2320 et
1194 2262 1289 2321 incul-

236 2363 311 2420 eare,
329 2347 576 2420 utharnmlegnm
594 2346 745 2405 violatores
759 2345 859 2404 saltem
877 2345 1242 2419 eommunivltuperatione
1261 2353 1291 2406 et

236 2437 399 2506 contemptu
413 2431 581 2506 plectantur,
598 2435 626 2490 et
640 2431 665 2490 si
680 2429 742 2489 lieri
753 2435 852 2504 potest,
869 2431 1077 2505 agrarioribns
1085 2431 1201 2490 iniuriis
1217 2431 1289 2492 inte

237 2517 334 2576 randis
344 2518 550 2576 deterreantur.
868 2540 870 2543 ·

273 2601 336 2661 ill.
354 2601 384 2660 ld
398 2601 493 2676 itaque
508 2615 576 2674 prae
591 2601 680 2660 oeulis
695 2601 850 2674 babentes,
867 2601 1095 2675 legemnaturae
1110 2604 1209 2677 quoad
1223 2619 1288 2663 mu·

237 2691 300 2745 tuas
314 2686 463 2744 nationum
476 2684 648 2758 relationes,
665 2683 793 2743 indicare
808 2686 1018 2758 aggrediamur.
1038 2688 1076 2745 Ac
1092 2687 1223 2760 primum
1239 2704 1289 2748 ne

235 2768 1289 2844 mononvidotlundamentumomniumofficiorum,qnaegentesomnts

233 2853 361 2912 vicissim
375 2854 558 2926 devinciunt,
576 2854 606 2914 in
622 2859 723 2912 mutuo
738 2870 835 2913 amore
850 2856 1045 2914 collocandum
1065 2871 1138 2914 esse.
1160 2856 1192 2914 Si
1206 2859 1288 2917 enim

233 2943 336 2997 natura
350 2936 511 2997 individuos
526 2938 657 2998 lronrines
671 2939 725 2997 lrae
741 2939 802 3012 lege
818 2940 978 3012 adstrinxit,
991 2947 1024 2999 ut
1034 2957 1064 3000 se
1079 2940 1210 3000 vicissim
1222 2944 1289 3003 dili-

234 3029 311 3098 gant,
326 3029 353 3082 et
364 3025 525 3082 alteralteri
537 3025 611 3084 idem
622 3025 739 3096 bonnm,
751 3025 826 3096 quod
837 3025 989 3100 sibiodpit,
1002 3032 1125 3100 appetat;
1143 3027 1170 3085 id
1191 3031 1289 3088 maxi-

232 3125 278 3167 mo
290 3123 388 3166 verum
404 3113 446 3166 est
460 3108 495 3166 de
506 3108 623 3182 integris
634 3109 807 3180 nationibus.
819 3111 868 3168 llis
880 3110 957 3169 enim
969 3111 1044 3169 idem
1055 3112 1140 3169 lromo
1154 3113 1289 3172 eontine-

233 3197 289 3264 tnr,
306 3193 356 3250 sed
370 3192 462 3264 magis
477 3197 587 3266 attolus,
605 3208 662 3251 non
677 3194 762 3252 niodo
777 3194 813 3252 ob
829 3195 1042 3253 multitudinem
1056 3212 1114 3268 qna
1128 3197 1287 3271 condatur,

232 3291 334 3334 aarum
348 3275 435 3334 otiam
450 3281 565 3350 propter
578 3275 747 3336 nobiliorem
762 3284 878 3352 statum,
892 3285 921 3336 et
935 3280 1028 3352 quoad
1042 3286 1163 3338 naturae
1177 3283 1289 3354 prinei·

231 3361 280 3436 pia
295 3360 386 3433 magis
401 3361 554 3419 assolutum.
572 3361 673 3434 Quare,
685 3377 751 3420 enm
767 3362 909 3421 obiectum
925 3364 1009 3436 longo
1024 3365 1139 3437 dignius
1151 3367 1287 3439 perinte

232 3461 298 3518 gras
314 3445 443 3504 nationes
459 3445 611 3516 elimatur,
628 3445 750 3504 vividior
768 3453 888 3506 naturae
907 3449 1059 3522 propensio
1081 3456 1110 3507 et
1128 3451 1226 3508 maior
1240 3469 1286 3510 or-

234 3529 310 3588 dinis
330 3529 474 3603 exigentia
493 3529 653 3602 explicetur
669 3545 787 3589 neeesse
805 3537 866 3604 est,
888 3547 921 3598 pe
941 3530 1059 3606 proinde
1079 3532 1283 3615 imperiosiore

231 3628 300 3672 anne
317 3613 363 3672 lex
376 3613 494 3673 rationis
509 3613 568 3672 suis
583 3615 830 3688 praeceptionibus
845 3616 940 3684 instat,

228 3860 230 3864 ι
275 3795 286 3840 l
307 3799 337 3844 Le
352 3799 416 3845 droit
430 3799 469 3846 dea
484 3813 547 3857 pean,
564 3803 580 3844 t.
595 3800 604 3844 l
611 3834 617 3864 ,
630 3797 667 3848 liv.
686 3799 716 3862 lt,
729 3799 755 3845 alr
777 3801 799 3846 l.
