2767 4492
231 402 269 473 tt
578 428 581 434 ·
682 413 809 469 meruere

231 500 366 583 figendae
373 497 565 568 conditionem
572 497 667 580 habet,
676 507 710 564 ut
722 502 783 580 ipee
791 503 896 564 latetu
903 499 1092 565 advenerim.
1103 502 1138 564 lt
1145 502 1265 579 prmum

231 591 435 667 intelligentiae
448 597 550 652 nanno
557 591 728 667 persisteret,
743 590 890 665 eieenrper
902 589 1089 665 deciperetur,
1103 590 1266 664 quodcerte
1343 631 1347 635 -

231 676 315 751 peine
332 681 375 736 eet
388 691 474 752 quiem
489 676 514 736 ei
527 675 600 736 nillil
613 689 741 752 noueram
762 672 947 750 intelligeret?
968 673 1011 735 llx
1025 689 1059 734 eo
1073 673 1174 749 igitur,
1190 675 1266 750 quod

229 759 312 822 linito
324 775 407 821 mena
420 761 470 836 eit,
481 775 541 820 non
554 760 680 835 munitur
689 773 754 819 eam
767 773 881 834 eemper
889 773 984 819 errare
997 773 1094 834 pouee;
1109 758 1160 818 eod
1173 759 1266 833 eeqrri-

166 849 170 862 '
232 851 280 906 tur
298 850 408 906 unum
425 860 490 906 eam
506 860 565 906 non
584 845 620 904 ed
638 845 735 906 omnia
752 860 783 905 oe
795 844 962 920 protendere
979 859 1013 904 ac
1026 843 1186 918 deceptioni
1201 858 1264 904 eece

232 929 387 991 obnoxiam
404 930 435 990 in
451 929 570 990 obiectis
588 945 645 990 uon
663 929 844 989 immediatae
861 930 912 989 eod
930 929 1070 988 mediatae
1091 927 1262 999 evidendee,

232 1015 450 1090 qrratenueipeie
460 1015 629 1074 essentiatur
638 1013 842 1090 quinlegitima
850 1011 1063 1072 ratiocinatione
1072 1013 1265 1072 demonstren-

233 1105 289 1159 tur.
305 1099 396 1167 Quare
410 1097 570 1158 edversario
589 1099 630 1158 sic
649 1097 813 1158 dialecticae
826 1096 1027 1172 respondebis:
1049 1097 1126 1157 liene
1139 1097 1266 1158 humana

228 1185 359 1246 lallihilie
368 1192 420 1261 eet,
432 1183 566 1258 mecedo·
579 1199 646 1258 ergo
659 1183 690 1242 in
699 1182 830 1243 omnihus
838 1182 951 1242 iudiciis
964 1182 1057 1258 decipi
1066 1187 1170 1258 potest,
1181 1199 1263 1259 nepo.

231 1269 266 1330 llt
278 1285 357 1345 nego·
370 1270 456 1329 etiarn
476 1269 552 1344 quod
565 1268 596 1328 in
610 1267 731 1342 cingulis
743 1266 857 1327 munere
869 1267 1011 1342 poreimue
1026 1267 1156 1326 dubimre
1168 1273 1266 1327 utrum

229 1357 297 1414 tunc
314 1354 441 1429 praecise
459 1367 540 1412 meus
556 1351 677 1412 lallotur.
692 1352 763 1412 Nem
777 1351 822 1410 vel
843 1351 937 1424 egilon
954 1350 990 1410 de
1003 1350 1104 1425 primis
1116 1350 1265 1426 principiis

230 1440 360 1514 rollonis,
377 1445 406 1499 et
419 1438 451 1499 in
464 1438 509 1498 hie
522 1437 701 1512 proterendis
709 1450 805 1496 errare
819 1435 979 1495 intellectus
992 1436 1104 1510 nequit;
1112 1436 1160 1495 vel
1173 1441 1266 1510 mium

231 1522 466 1596 deilletionibue,
481 1525 511 1581 et
528 1535 652 1580 errorem
666 1535 748 1579 mene
767 1533 868 1579 cavere
883 1523 975 1592 puteat
987 1517 1153 1579 resolvendo
1165 1519 1265 1582 illatio

230 1621 282 1670 nee
296 1608 327 1668 in
340 1606 491 1683 principio,
504 1610 537 1664 ut
550 1604 659 1663 dicetur
672 1603 793 1662 iuremus
807 1604 819 1651 l
833 1647 841 1662 .

274 1859 287 1906 l
309 1879 318 1902 ι
337 1860 367 1906 Le
382 1858 428 1906 aola
443 1857 532 1920 repone
547 1855 621 1905 dirim
637 1857 650 1903 d
665 1855 832 1904 micturiente
847 1856 972 1921 ioiallibile,
989 1857 1068 1921 perclad
1080 1873 1130 1905 eaaa
1146 1858 1191 1906 acle
1206 1862 1219 1905 e
1234 1857 1268 1906 ia·

232 1954 242 1977 ι
260 1934 331 1997 inita,
347 1933 525 1998 aernplieiaaima‚
541 1947 626 1996 aenrpre
641 1933 665 1980 in
681 1939 734 1980 atto.
752 1933 929 1980 identificandoai
944 1949 985 1980 oon
1001 1935 1022 1980 la
1038 1934 1158 1982 intnirione
1173 1935 1196 1981 di
1211 1939 1268 1982 tatto

232 2031 242 2054 ι
260 2010 277 2057 il
291 2027 351 2074 vero,
366 2025 414 2058 eaea
429 2024 473 2057 nun
489 2011 534 2074 pud
549 2024 588 2072 per
603 2024 750 2070 coueepueuxa
765 2009 875 2073 declamo,
887 2025 951 2057 aeona
966 2010 1053 2057 deviare
1068 2010 1126 2058 dalla
1141 2026 1181 2057 aua
1195 2011 1268 2059 mede·

232 2107 241 2130 ι
260 2087 315 2134 aima
329 2102 424 2134 maenaa.
442 2087 499 2148 Opni
514 2085 569 2133 altra
584 2086 672 2148 capione
687 2091 758 2132 creata
773 2088 786 2132 d
800 2086 977 2134 maeonialmeute
992 2086 1093 2150 iaffibile,
1108 2088 1156 2134 aiod
1171 2087 1215 2134 tale
1229 2087 1268 2135 cire

231 2182 241 2206 a
259 2162 424 2210 uaolutamente
440 2160 545 2224 perlando
560 2163 603 2224 pud
619 2161 719 2207 moetorai
736 2160 772 2207 dal
786 2176 846 2217 vero,
858 2161 880 2208 la
895 2161 931 2209 cai
947 2162 1066 2210 intuirione
1082 2178 1127 2210 non
1143 2165 1269 2212 cortiluiaoe

233 2257 243 2282 a
260 2237 335 2284 laeam
350 2243 435 2284 natura·
452 2237 490 2282 (lid
505 2235 533 2284 ia
548 2236 612 2298 luopo
628 2251 672 2283 non
688 2237 807 2283 solamente
821 2253 861 2300 per
875 2236 897 2284 la
912 2238 1001 2298 rapione
1016 2238 1161 2304 individuale,
1177 2256 1213 2287 ma
1227 2255 1267 2287 an·

232 2333 243 2358 a
261 2328 311 2360 cora
326 2329 365 2376 per
381 2313 402 2359 la
416 2313 491 2374 region
508 2312 615 2376 penereh,
632 2327 645 2359 e
660 2312 842 2360 univeeaaimente
857 2328 897 2376 per
912 2314 963 2374 ogni
979 2313 1117 2376 intelligente
1130 2322 1210 2380 muta,
1221 2318 1268 2363 ciod

233 2409 244 2433 ι
260 2390 351 2436 diatinta
366 2387 424 2436 dalla
440 2387 522 2436 divina.
539 2388 575 2434 lla
589 2387 611 2434 la
626 2387 737 2436 lallihilitd
752 2389 800 2435 dice
815 2394 915 2453 potenza,
926 2404 970 2436 non
987 2395 1039 2436 atto.
1052 2389 1152 2438 Falliieile
1167 2391 1268 2454 adunque

231 2485 241 2508 ι
259 2469 272 2513 d
287 2465 358 2528 quella
373 2464 462 2525 ragione
482 2463 522 2510 elle
540 2467 584 2527 pud
603 2463 675 2511 lallire
690 2463 769 2510 alcuna
785 2464 858 2526 volta3
875 2480 911 2510 ma
931 2480 976 2511 non
996 2468 1009 2512 d
1028 2467 1150 2514 neucesarie
1165 2467 1206 2514 cha
1221 2483 1267 2514 eree

232 2561 241 2584 ι
259 2557 344 2605 aempre
359 2556 372 2588 e
387 2539 527 2586 attualmente
542 2539 633 2588 lalliaca.
646 2541 700 2586 Anni
711 2543 786 2602 queata
796 2539 914 2587 medoaima
923 2540 1045 2603 poaaibilitd
1060 2541 1083 2588 di
1099 2543 1177 2590 cedere
1190 2545 1215 2589 in
1231 2559 1267 2591 er·

231 2635 242 2662 e
260 2633 309 2665 rore
323 2619 367 2679 pud
383 2616 500 2664 benmainro
515 2616 612 2664 oimeaei
628 2615 664 2663 dal
679 2617 754 2664 venire
769 2613 851 2663 all’atto
865 2633 905 2680 por
918 2618 1013 2679 gratuito
1028 2617 1134 2665 beneficio
1149 2633 1268 2682 aopranna·

231 2711 242 2734 ι
261 2691 339 2755 lar-ale,
355 2708 417 2738 come
432 2691 468 2738 nei
484 2691 560 2754 beati;
576 2705 589 2738 o
604 2706 643 2754 per
659 2691 776 2738 malaterrae
790 2691 899 2754 peculiare
915 2692 939 2740 di
954 2693 1004 2756 llio,
1021 2709 1082 2740 conae
1097 2694 1156 2740 nella
1167 2693 1242 2741 siricae
1255 2710 1268 2741 a

233 2787 243 2810 ι
261 2768 351 2830 riepetlo
371 2767 406 2814 dei
425 2767 506 2814 dommi
522 2782 534 2812 e
550 2766 606 2814 della
622 2767 712 2814 morale.
729 2767 755 2814 In
771 2767 876 2814 ambedae
891 2769 962 2831 pucati
977 2768 1021 2816 oaei
1036 2768 1058 2815 la
1073 2768 1208 2817 infallibilitl
1223 2785 1268 2816 non

232 2863 241 2886 ι
260 2843 327 2890 diceri
342 2843 460 2906 oripinaria
475 2859 487 2890 e
502 2842 605 2908 maulam,
622 2859 657 2890 ma
673 2845 805 2907 partecipata
821 2861 833 2891 e
848 2844 946 2892 relative.

278 2939 287 2962 e
306 2921 333 2966 Se
348 2919 368 2968 la
384 2921 472 2982 capione
488 2919 631 2982 individuale,
648 2919 783 2966 considerata
799 2921 835 2967 nei
850 2921 900 2984 puri
916 2921 1004 2968 memini
1021 2921 1078 2968 della
1093 2926 1184 2987 natura,
1194 2938 1267 2970 erraa-

232 3015 241 3039 ι
259 3011 283 3042 ae
298 3011 383 3058 eernpre
397 3011 410 3042 e
425 2997 449 3042 in
465 3000 530 3060 tulto,
547 3011 591 3042 non
608 2995 699 3043 aarebbe
713 2996 752 3058 piri
768 2995 826 3042 dono
841 2995 864 3041 di
880 2997 934 3059 Dio,
951 3000 980 3043 od
995 2997 1113 3058 immapine
1128 2997 1185 3045 della
1200 2999 1268 3046 veriti

231 3091 240 3116 e
259 3072 368 3134 increata3
387 3085 430 3117 non
451 3071 543 3118 mendo
562 3071 668 3118 benedicio
688 3071 723 3117 cid
743 3071 783 3118 cire
802 3087 888 3134 eempre
908 3072 928 3118 ei
948 3072 1085 3135 maneggio,
1102 3076 1131 3120 nd
1150 3075 1268 3136 inimagine

230 3166 240 3189 ι
259 3146 330 3209 quella
345 3145 386 3194 cire
401 3162 445 3194 non
461 3147 480 3194 ai
496 3147 619 3209 aaaomipiia
639 3149 702 3211 mai,
720 3162 817 3210 neppaee
835 3149 860 3194 in
880 3153 957 3210 parte,
974 3146 996 3195 al
1015 3149 1132 3211 prototipo.
1150 3149 1194 3196 Che
1207 3147 1267 3212 pini

231 3241 241 3265 a
258 3223 387 3271 &melle
402 3224 426 3270 in
442 3223 471 3271 lei
487 3223 571 3286 perfluo
586 3222 652 3270 l’idea
667 3223 690 3270 di
706 3225 810 3287 regione,
826 3239 872 3270 non
888 3224 1003 3286 poteudoei
1018 3225 1053 3272 dir
1067 3226 1157 3287 ragione
1171 3241 1216 3272 nna
1230 3227 1266 3273 ia·

229 3317 241 3342 e
259 3298 315 3346 uoltu
330 3299 369 3346 eloe
385 3299 445 3348 nulla
460 3300 504 3346 mai
519 3299 650 3362 pereepieco²
666 3315 678 3346 e
694 3315 739 3346 non
753 3299 889 3363 pereepeudo
902 3303 946 3347 mai
962 3300 1022 3347 nulla
1038 3301 1110 3364 quella
1125 3302 1165 3349 cire
1180 3316 1224 3348 non
1238 3300 1267 3347 lla

231 3393 241 3418 a
259 3375 302 3421 mai
318 3377 438 3438 porcarioni
454 3374 559 3422 cuniornri
575 3375 612 3421 ell’
623 3374 727 3422 obhietto.
745 3377 763 3421 E
778 3392 842 3422 mora
857 3377 904 3439 oid,
921 3375 961 3423 che
976 3393 1026 3425 ooaa
1041 3382 1054 3424 d
1069 3378 1194 3426 finalmente
1209 3377 1268 3424 l’ee-

231 3469 240 3492 ι
260 3449 324 3498 rure?
339 3451 386 3496 Una
400 3450 524 3498 deviatione
538 3449 635 3498 dall’atto
650 3450 756 3496 naturale.
769 3451 817 3496 Non
832 3454 876 3514 pud
892 3449 981 3514 dunque
995 3454 1149 3502 attribuiraene
1162 3455 1185 3502 la
1199 3455 1269 3518 poeai-
1376 3490 1377 3503 l

231 3545 240 3568 ι
259 3525 321 3573 lilio
336 3541 349 3573 a
364 3539 409 3572 una
423 3527 481 3572 virid
497 3526 643 3589 conoaoitiva,
660 3541 683 3572 ee
700 3542 744 3572 non
760 3528 942 3590 preauppouendo
957 3528 997 3576 che
1013 3530 1030 3576 il
1045 3533 1172 3596 contrario,
1190 3533 1236 3578 ciod
1251 3531 1268 3578 il

231 3619 241 3642 ι
258 3616 317 3663 vero,
334 3600 363 3646 ad
378 3615 425 3648 aeae
441 3601 600 3648 nalumlmente
615 3607 721 3664 compete.
734 3603 827 3664 Dunquo
841 3604 863 3649 lo
873 3610 941 3650 ateaoo
956 3611 1054 3654 coneelto
1070 3607 1093 3654 di
1108 3608 1218 3655 lallihilitl
1233 3608 1268 3654 in·

231 3695 241 3719 a
259 3676 320 3738 volpe
335 3677 376 3723 cire
391 3677 407 3723 il
422 3692 473 3724 vero
489 3678 521 3724 aia
536 3676 597 3724 l’atlo
612 3679 701 3740 proprio
717 3693 729 3724 e
745 3679 843 3726 naturale
858 3679 914 3726 della
930 3682 1019 3741 rapioue
1034 3682 1073 3730 cire
1089 3685 1108 3732 ei
1124 3683 1172 3732 dice
1187 3682 1268 3731 felliti-

231 3770 240 3793 ι
257 3746 295 3815 ie,
313 3753 341 3798 nd
355 3767 418 3798 aenae
433 3769 465 3799 au
481 3753 510 3800 tal
526 3755 676 3816 preanppoaiu,
688 3754 710 3800 la
725 3754 846 3816 poeaibilill
862 3761 928 3804 eteeaa
944 3757 1068 3806 ded'errore
1083 3761 1209 3808 troverebbe
1220 3759 1267 3806 luo·

230 3845 240 3870 a
258 3841 293 3888 po.
311 3827 339 3873 ni
354 3827 395 3875 cite
409 3843 482 3891 aeguo,
499 3844 570 3875 eaaere
579 3828 601 3876 al
610 3833 666 3875 tutto
681 3830 815 3892 impoaeiiile
830 3831 870 3879 eleo
879 3832 902 3878 la
911 3835 1000 3894 ragione
1014 3835 1149 3883 individuale
1158 3851 1204 3883 non
1213 3851 1268 3900 poa-

230 3923 239 3946 ι
258 3917 321 3964 aeppa
336 3903 380 3950 mai
395 3903 413 3950 il
429 3919 479 3951 vero
491 3920 498 3967 3
514 3904 605 3951 eaeeudo
621 3905 800 3953 coutnddittorio
813 3907 853 3955 che
863 3925 908 3956 una
921 3916 1010 3958 aeluro
1020 3912 1108 3959 menelai
1118 3911 1216 3960 dell’altu
1225 3926 1269 3960 aa·

230 3999 240 4024 a
259 3981 346 4044 auco,
362 3995 376 4027 o
391 3979 431 4030 che
447 3980 479 4028 eia
495 3986 539 4028 atto
553 3983 663 4031 aemule
676 3982 749 4047 quello
764 3983 804 4031 clia
819 4000 864 4032 non
879 4001 947 4035 aoaoe
962 3987 1074 4048 piammai.
