2767 4492
508 279 587 326 rums
604 279 746 330 uacuum
1095 262 1144 330 141

107 368 131 428 ri
144 367 270 428 bonitate
291 351 407 440 donari,
430 355 506 428 alind
526 379 593 426 vero
608 364 718 426 nullam
738 366 883 428 continere
901 369 951 429 ant
970 366 1057 429 etiam
1076 369 1146 426 nota

107 453 287 530 turpitudinis
306 453 392 512 inuri.

124 531 186 600 'ol
201 540 314 612 Verum,
337 541 368 596 ut
385 538 467 612 dixi,
484 538 508 596 si
528 537 683 596 liantianae
701 536 828 612 opinioni
850 539 1035 599 lucusomnis
1053 540 1146 598 detra·

106 627 207 699 batur,
225 625 337 685 abiecta
354 623 447 698 potius
465 628 493 683 et
513 624 576 683 vilis
595 623 753 697 apparebit.
770 625 841 682 llam
860 640 878 682 a
894 626 994 685 Kantio
1013 625 1145 686 rolurrlas

106 719 277 784 autolicum,
296 727 347 770 sen
369 709 563 784 suimetipsius
579 708 745 783 legislalrix,
758 709 900 769 statuitur.
917 710 995 770 Unde
1011 711 1036 769 is
1054 711 1146 784 legem

107 799 151 860 vel
170 813 237 856 cum
256 797 318 872 ipsa
336 794 480 853 uoluntate
499 792 646 866 liberant
664 809 749 868 saepe
762 793 871 867 repetit,
895 794 985 852 velad
1000 809 1146 855 summum

105 901 172 948 cum
199 883 308 942 ratione
328 879 452 945 bominis
471 879 555 954 plane
580 878 738 938 ‹tonlundit
763 879 854 948 Quare
872 893 910 937 ex
927 876 989 938 eius
1006 880 1146 939 sententia

105 970 232 1045 sequitur
252 975 284 1025 ut
303 964 473 1039 obsequium
499 963 592 1022 ollicio
614 969 642 1022 et
667 963 724 1038 legi
744 964 912 1038 praestitum
932 963 1009 1022 aliud
1032 978 1089 1023 non
1109 965 1146 1024 sit

105 1055 271 1130 quidquam,
291 1049 347 1108 nisi
362 1047 530 1122 obsequium
550 1047 681 1122 propriae
702 1047 825 1108 libertati
845 1055 895 1107 aut
912 1048 1015 1108 radoni
1034 1047 1145 1107 exhibi-

107 1146 174 1199 tum.
198 1137 241 1196 Sic
263 1134 443 1208 turpissimus
457 1132 602 1192 inducitur
623 1133 779 1207 epotemus,
799 1134 892 1192 sium
911 1132 1032 1205 sensilis,
1044 1132 1146 1192 salum

103 1221 323 1286 rationalisticus
338 1225 366 1277 et
385 1218 472 1277 ueluti
492 1218 623 1279 idolatria
642 1219 782 1292 quaedam
797 1218 1001 1291 suimetipsius.
1013 1219 1101 1292 lique
1115 1218 1145 1278 id

104 1313 328 1369 consentaneum
345 1304 429 1378 plano
447 1308 508 1362 erat
529 1303 674 1361 doctrinae
688 1303 793 1376 llantii,
813 1309 846 1362 ut
863 1302 1145 1378 quemadmodumiu

104 1390 267 1454 theoreticis
282 1389 410 1448 animum
422 1403 493 1463 pene
512 1388 613 1446 mundi
624 1389 799 1447 conditerem
813 1389 955 1461 eliecerat,
966 1387 1008 1446 sio
1021 1386 1145 1446 eundem

103 1479 134 1537 in
155 1471 311 1536 moralibus
327 1474 516 1548 legislatorem
536 1482 564 1532 et
578 1473 665 1532 linem
685 1473 832 1532 actionum
843 1488 961 1532 suarum
974 1472 1141 1546 constituat3

104 1569 188 1636 atque
207 1561 246 1619 ita
262 1575 319 1619 non
331 1559 414 1618 modo
427 1558 610 1634 pltiluutiom
625 1574 682 1616 non
698 1559 777 1631 vitat,
794 1557 969 1631 sedinsuper
984 1572 1081 1616 ueram
1092 1574 1144 1616 ou·

103 1641 1140 1718 toiolriominducit.QuodquidemeuidentiuspatetindoctrinaFicbtii,

102 1732 151 1806 qui
165 1729 391 1789 rationalismum
412 1729 506 1787 llantii
523 1729 673 1802 perlieiens
693 1729 821 1802 regulam
836 1727 966 1787 omnium
984 1726 1142 1787 officiorum

101 1817 137 1876 ad
156 1815 209 1874 boc
230 1815 349 1882 reducit,
371 1813 446 1887 quod
463 1813 546 1872 bomo
567 1818 700 1888 operetur
717 1829 753 1870 ex
774 1827 814 1885 se,
826 1828 878 1871 seu
897 1813 978 1872 iuxta
997 1811 1142 1886 propriam

101 1901 317 1966 convictionem,
334 1907 363 1956 et
373 1890 428 1956 sibi
441 1903 548 1956 tantum
559 1896 682 1957 obediat.
696 1897 741 1956 Sic
752 1897 828 1956 enim
839 1897 981 1971 operando
1000 1896 1036 1954 ad
1050 1896 1140 1956 omni·

102 1985 216 2044 modam
234 1983 484 2058 independeutiam
504 1983 644 2055 deveniet,
659 1982 691 2042 iu
711 1997 768 2058 qua
782 1981 848 2041 linis
867 1982 929 2041 eius
949 1981 1067 2040 ultimus
1087 1981 1142 2040 col-

101 2071 218 2150 locatur.
235 2071 306 2130 Hinc
321 2069 370 2128 liei
382 2068 525 2128 notionem
536 2067 571 2126 ab
586 2067 680 2128 etbica
693 2073 829 2140 removet,
842 2083 909 2126 cum
921 2067 957 2125 ad
973 2067 1013 2126 sic
1025 2082 1141 2141 operan-

101 2157 169 2216 dum
184 2162 213 2214 et
224 2157 259 2214 ad
270 2156 357 2213 bnem
375 2153 452 2212 bunc
467 2153 699 2227 consequendum
709 2151 793 2213 bomo
803 2167 860 2212 non
876 2152 1002 2227 indigeat
1011 2152 1066 2213 uisi
1079 2169 1140 2229 pro·

100 2242 162 2316 pria
176 2240 318 2298 activitate
334 2241 359 2296 t,

135 2327 193 2386 b'on
211 2341 259 2386 me
282 2324 355 2396 sugit
370 2323 440 2384 alios
458 2325 659 2398 rationalium,
680 2327 848 2399 praesertim
868 2325 1027 2398 Sebelling,
1043 2331 1076 2385 ut
1092 2327 1140 2385 ab·

100 2411 218 2469 surdum
233 2411 285 2468 boc
302 2409 490 2481 declinarent,
507 2411 646 2470 rationem
668 2427 726 2470 non
740 2417 824 2487 prout
839 2411 1034 2469 individualis
1048 2417 1076 2470 et
1090 2429 1139 2470 su·

100 2496 219 2554 biectiuo
238 2505 289 2563 est,
310 2496 359 2555 scd
373 2495 530 2572 ontolopice
544 2503 699 2572 sumptam
712 2504 741 2556 et
759 2495 892 2556 obiectiuo
912 2511 964 2554 seu
985 2501 1067 2568 prout
1081 2496 1138 2553 iaa-

97 2580 257 2657 personolie
273 2589 321 2649 est,
337 2581 494 2640 induxisse.
511 2582 615 2644 lerum
625 2580 836 2656 biCbarpbdim
847 2579 935 2639 vilaro
950 2578 1138 2652 cupientesin

99 2665 219 2740 Scyllam
232 2667 403 2726 inciderunt.
417 2666 529 2726 Praeter·
549 2666 626 2726 enim
643 2682 731 2740 qnam
752 2665 827 2739 quod
837 2664 910 2723 ratio
923 2663 1135 2738 impersonalis,

96 2765 170 2824 quae
191 2751 226 2809 ab
248 2751 403 2810 individuis
419 2751 460 2810 sic
481 2751 679 2825 distinguatur,
697 2757 729 2808 ut
747 2748 882 2808 tamenin
902 2749 972 2822 ipsis
991 2754 1133 2822 appareat,

96 2835 212 2893 omnino
229 2841 368 2908 repugnat
381 2839 409 2891 et
424 2835 551 2893 inerrate
569 2850 692 2894 errorem
714 2835 749 2890 de
768 2832 911 2894 intellectu
927 2833 1081 2891 uniuersali
1095 2850 1137 2891 rc-

97 2923 220 2991 staurat;
242 2925 317 2976 certe
337 2919 505 2990 figmentum
525 2919 579 2978 linc
600 2919 707 2976 cultum
726 2917 806 2976 iubet
825 2934 876 2992 pro
897 2918 950 2978 ileo
974 2919 1071 2992 ipnoto
1093 2919 1136 2978 vel

97 3003 197 3062 saltem
216 3018 273 3060 nun
294 3002 370 3060 reoli
393 3003 443 3060 scd
461 3003 559 3076 lopieo.
580 3000 753 3076 Obsequium
774 3003 852 3062 enim
871 3003 1038 3078 praescribit
1057 3020 1136 3078 prae·

97 3087 228 3146 standum
245 3085 361 3144 llotioni
376 3101 459 3160 quae,
481 3101 546 3146 cnm
563 3102 616 3146 nec
629 3087 756 3146 bumana
774 3089 811 3148 sit
829 3104 882 3147 nec
903 3089 1010 3160 divina,
1027 3097 1076 3148 aut
1095 3091 1136 3149 ni-

96 3171 136 3231 bil
152 3171 241 3244 plano
252 3177 302 3229 aut
321 3170 472 3230 abstractio
490 3173 639 3232 dumtaxat
660 3173 826 3232 montisesl.
839 3173 927 3268 ilique
948 3173 1006 3232 buc
1019 3173 1136 3234 tandem

97 3255 400 3331 reciditecoqqerotur
414 3257 594 3336 stoicismus,
613 3258 642 3318 in
658 3271 743 3334 quem
754 3257 960 3368 epicureisrnus
970 3257 1059 3334 elapsi
1074 3274 1134 3322 sae·

96 3342 154 3406 culi
172 3341 319 3404 tlreoretice
336 3354 489 3406 conversus
506 3349 557 3407 est.

142 3603 152 3652 i
171 3608 274 3665 systema
291 3606 385 3654 Etlticue
402 3606 469 3653 iuxta
483 3605 605 3668 principio
621 3607 723 3656 liceuriae
737 3608 852 3656 scientiae.
