2767 4492
209 284 262 352 tlt
647 293 808 345 -nnenanna

204 389 344 465 optimum
358 386 389 449 in
403 382 489 447 rebus
503 389 546 446 est
563 388 592 445 et
604 386 859 461 perfectissimum,
874 380 987 445 tandem
1000 377 1248 461 aliquandoreler·

205 481 259 535 tur.
277 474 344 534 Cum
360 474 446 548 igitur
462 485 596 547 expresse
607 478 727 546 propter
738 471 812 531 banc
823 471 1031 531 nobilissimam
1042 487 1160 532 causam
1179 489 1248 546 ope-

203 577 310 631 ramur,
331 561 511 635 divinamque
530 559 659 634 gloriam,
673 559 768 634 quoad
783 574 834 634 per
853 575 905 618 nos
920 559 983 619 iteri
1001 561 1115 635 poterit,
1131 561 1247 634 amplis·

205 649 307 707 simam
328 647 438 706 actibus
458 647 563 705 nostris
583 660 737 720 procurare
765 645 935 718 adnitimur3
959 650 1026 703 tunc
1042 645 1249 720 perfectissimo

205 735 309 792 motiro
321 745 464 806 urgemur,
477 747 532 805 quo
544 727 744 805 praestabilius
753 730 866 788 nullum
880 729 1096 804 excogitabitur.
1108 731 1161 789 Sed
1172 731 1248 789 eius-

123 887 126 893 ,
205 819 281 878 modi
296 816 479 892 praescriptio
493 831 549 875 non
569 814 775 874 aratioualista
792 813 899 872 ilentio
914 815 963 873 sed
978 830 995 872 a
1009 813 1104 873 Paulo
1118 815 1248 889 llpostolo

206 907 330 979 prolecta
344 910 396 976 est,
417 903 465 978 qni
481 901 560 962 iubet
579 907 611 961 ut
629 901 736 976 omnia,
748 917 821 976 quae
838 917 999 976 operamur,
1011 902 1045 960 in
1056 900 1248 986 liciatorium

205 990 384 1064 dtrtparaau.

240 1074 344 1134 Deinde
361 1075 533 1150 quicumque
553 1071 739 1133 excellentiae
753 1073 858 1148 gradus
875 1072 980 1134 motivo
997 1072 1039 1133 illi
1054 1071 1193 1133 liuntiano
1204 1079 1246 1132 at·

205 1159 290 1220 tribui
302 1161 377 1232 uelit,
390 1174 447 1219 nun
466 1160 572 1221 idcirco
587 1158 722 1218 interiora
733 1157 919 1217 incitamenta
935 1165 1080 1234 tamquam
1091 1164 1187 1218 actum
1197 1159 1247 1216 de-

206 1244 348 1319 turpantia
362 1244 461 1303 baberi
476 1244 593 1318 debent,
606 1244 689 1303 modo
701 1245 758 1302 siut
768 1243 932 1303 huiusmodi
947 1251 977 1303 ut
989 1245 1116 1303 ordinem
1128 1243 1248 1303 rationis

203 1345 261 1390 non
281 1331 432 1389 invertant.
452 1330 496 1388 Sic
517 1346 581 1404 spes
599 1331 713 1389 iuturae
732 1329 974 1388 remunerationis
994 1336 1043 1388 aut
1066 1335 1248 1388 aeternarum

203 1431 359 1490 poenamm
378 1421 472 1474 metus
490 1415 595 1490 optime
611 1412 740 1473 animum
758 1413 907 1490 impellere
927 1419 1068 1488 poterunt,
1089 1420 1121 1473 ut
1138 1412 1250 1473 bonum

203 1513 417 1574 prosequamur,
437 1507 517 1574 turpe
536 1505 630 1558 autem
648 1499 834 1559 declinemus.
856 1500 926 1559 Nam
938 1500 962 1558 si
979 1499 1064 1558 bomo
1078 1499 1114 1557 ad
1129 1497 1249 1558 felicita·

205 1589 261 1644 tem
281 1586 394 1644 tandem
411 1584 562 1660 aliquando
582 1585 785 1658 capessendam
805 1583 938 1643 conditus
960 1589 1020 1656 est,
1040 1599 1130 1658 eaque
1151 1599 1182 1642 se
1208 1581 1250 1641 di·

203 1681 293 1744 gnnm
315 1671 425 1730 actibus
443 1669 503 1730 suis
521 1669 635 1729 eldoeru
657 1669 758 1742 debet3
779 1669 905 1743 proiecto
923 1673 1002 1728 actus
1022 1667 1186 1728 huiusmodi
1205 1683 1249 1727 re·

203 1760 302 1828 spectu
322 1755 464 1818 felicitatis
485 1762 630 1829 tamquam
648 1753 745 1812 media
763 1755 800 1812 ad
817 1753 904 1814 ilnem
923 1753 1096 1813 considerari
1118 1759 1247 1829 possunt.

202 1839 236 1897 ttt
249 1855 315 1898 vero
331 1841 462 1914 quianon
483 1839 565 1899 ridet
584 1838 658 1897 nibil
677 1838 872 1897 inordinatum
892 1845 941 1897 aut
956 1845 1170 1914 praeposterum
1183 1854 1248 1898 esse

202 1921 232 1981 in
249 1923 310 1996 lroc,
330 1925 405 1997 qnod
420 1923 515 1983 media
537 1929 655 1998 propter
673 1925 762 1982 tinem
777 1924 984 1984 adhibeantur?
999 1924 1121 1983 ltaxime
1140 1923 1248 1983 veroid

203 2008 296 2067 locum
313 2007 408 2082 lrabet,
429 2008 453 2068 si
474 2009 579 2068 exinde
604 2008 795 2083 praestantior
808 2009 884 2083 bnis,
896 2024 934 2068 ne
943 2009 1120 2083 praecisione
1130 2008 1248 2083 quidem

204 2093 316 2167 mentis,
329 2094 510 2168 excludatur3
522 2093 571 2154 sed
583 2093 631 2152 illo
649 2109 717 2168 prae
727 2093 816 2153 oculis
830 2098 949 2168 retento,
962 2095 1065 2154 ceteris
1075 2093 1244 2153 inritamen·

204 2178 242 2237 tis
259 2185 362 2238 natura
379 2179 502 2240 iuvetur.
702 2199 706 2205 ·

239 2265 352 2324 accedit
368 2265 424 2325 buc
439 2266 514 2341 quod
532 2264 700 2326 tric'modus
718 2264 855 2341 operandi
874 2264 1025 2326 intentioni
1043 2265 1158 2326 manae
1177 2278 1244 2325 cou-

204 2349 321 2424 sentiat3
343 2351 389 2410 cui
407 2351 431 2410 si
448 2352 520 2411 actio
541 2353 753 2424 conformatur,
770 2351 921 2410 inhonesta
941 2351 997 2411 dici
1015 2351 1077 2410 sine
1098 2351 1245 2426 impietate

202 2451 259 2495 non
276 2443 374 2511 potest.
388 2437 421 2496 Et
431 2453 499 2498 sane
515 2439 630 2513 sapiens
648 2439 793 2512 legislator
807 2436 914 2497 idcirco
923 2436 1053 2512 praemia
1061 2437 1202 2515 proponit,
1214 2442 1248 2495 ut

203 2521 348 2581 subditum
367 2523 403 2581 ad
421 2523 754 2597 legi-obtemperandum
773 2521 890 2582 alliciat.
911 2524 949 2582 lis
966 2523 1053 2598 igitur
1073 2522 1182 2582 moseri
1196 2521 1247 2580 ali-

204 2608 316 2682 quando
327 2608 362 2666 ad
379 2607 472 2682 legem
485 2609 664 2680 servandam,
677 2609 768 2683 ipsius
786 2607 956 2682 legislatoris
969 2608 1119 2668 intentioni
1129 2623 1247 2681 respon-

203 2693 259 2752 det.
277 2693 348 2767 Ergo
367 2694 468 2752 modus
486 2694 532 2752 bic
554 2693 657 2767 agend
682 2693 869 2753 inordinatus
890 2693 947 2752 dici
967 2709 1024 2752 non
1046 2699 1152 2768 potest,
1171 2692 1246 2765 quin

204 2777 266 2852 ipse
285 2778 428 2851 legislator
441 2779 660 2838 inordinationis
681 2779 812 2838 accusari
828 2779 906 2837 velit.
918 2779 996 2837 idem
1013 2777 1073 2836 fere
1090 2775 1246 2835 dicendum

203 2870 247 2922 est
265 2864 300 2922 de
319 2871 394 2922 metu
405 2880 569 2939 poenarum.
585 2865 656 2925 llam
669 2865 824 2924 sanctionis
837 2864 963 2940 poenalis
979 2863 1161 2924 comminatio
1177 2862 1247 2921 ideo

203 2947 260 3022 legi
278 2949 468 3022 coniungitur,
489 2955 521 3008 ut
534 2949 564 3023 ii,
578 2949 682 3024 quibus
702 2949 752 3008 lex
773 2951 873 3022 fertur,
887 2966 903 3008 a
919 2949 1142 3022 transgressione
1157 2948 1249 3006 deter-

203 3040 328 3094 reantur.
349 3034 400 3103 Qui
418 3034 505 3108 igitur
522 3050 692 3110 nepoenam
714 3037 854 3109 incurrat,
866 3036 1006 3110 ilagitium
1018 3035 1088 3093 uitat
1102 3034 1138 3093 ab
1156 3049 1247 3108 eoque

205 3119 338 3178 allectum
357 3119 440 3194 plane
460 3119 612 3194 abstrahit3
635 3120 660 3179 is
678 3121 804 3194 proiecto
827 3122 909 3180 iuxta
928 3127 1054 3179 mentem
1077 3117 1246 3192 legislatoris

139 3225 142 3234 ¹
205 3217 345 3284 operatur.
368 3209 470 3284 Nequit
488 3225 554 3284 ergo
573 3210 794 3270 inordinationis
820 3211 916 3284 argui,
936 3211 1007 3285 quin
1026 3210 1087 3284 ipse
1106 3208 1252 3284 legislator

204 3293 331 3355 eiusdem
347 3295 566 3355 'inordinationis
585 3303 730 3370 arguatur.
749 3296 871 3355 llideant
893 3295 999 3370 itaque,
1019 3296 1068 3369 qui
1086 3309 1167 3353 secus
1186 3292 1247 3368 opi-

204 3387 318 3455 nantur,
333 3381 364 3441 in
386 3396 456 3456 quas
471 3380 616 3455 angustias
634 3381 832 3440 rabucinando
852 3381 1012 3455 adigantur.

239 3467 390 3540 Postremo,
401 3482 464 3526 rem
483 3467 607 3524 aversari
626 3473 767 3540 quatenns
779 3466 855 3525 malo
875 3465 1001 3525 inlicitur
1017 3465 1098 3525 iuxta
1115 3465 1247 3525 ordinem

120 3611 121 3616 ,
203 3554 328 3628 proiecto
345 3557 397 3612 est.
409 3551 532 3625 ltquiin
550 3551 689 3624 ilagitioso
711 3566 795 3626 opere
814 3567 914 3626 reapse
933 3551 1007 3610 inest
1016 3551 1145 3610 debitum
1163 3549 1249 3610 sube-

204 3638 297 3697 undae
316 3653 432 3712 poenae,
444 3637 474 3696 in
490 3653 546 3711 qno
566 3636 674 3697 malum
685 3637 786 3712 procul
806 3637 893 3696 dubio
905 3637 1040 3696 comitur.
1056 3637 1127 3710 Ergo
1138 3636 1247 3696 exinde

204 3722 311 3782 moveri
327 3723 362 3781 ad
372 3737 444 3797 opus
458 3722 529 3782 illud
545 3722 609 3782 odio
621 3722 795 3795 babendum,
812 3721 894 3780 iuxta
906 3722 1034 3780 ordinem
1054 3721 1170 3780 rationis
1184 3726 1242 3794 est3

201 3805 268 3865 licet
284 3807 366 3881 longe
384 3808 486 3868 melius
506 3807 575 3867 torte
595 3825 633 3866 ex
650 3807 876 3867 internaobieoit
892 3806 1077 3882 turpitudine,
1089 3808 1135 3865 rel
1155 3806 1247 3864 etiam

204 3889 341 3952 nobiliore
355 3891 460 3953 motivo
475 3891 511 3954 ad
524 3891 617 3953 scelus
635 3893 804 3968 fugiendum
819 3891 938 3967 impelli.
956 3892 990 3951 Αι
999 3890 1078 3954 aliud
1093 3897 1136 3953 est
1149 3890 1245 3953 mino·
