2767 4492
240 295 292 361 lte
679 305 841 357 mansura

237 410 325 456 nemo
337 398 381 457 est
394 394 444 480 qui
458 410 518 463 non
533 393 625 457 uocat
643 394 743 477 quanti
763 388 901 459 momenti
916 386 954 455 sit
970 392 1188 465 ammentum,
1204 385 1283 463 quod

234 480 379 555 praesenti
392 479 739 555 boclibroetposteriors,
751 478 800 553 qui
812 474 1088 553 peruenissetque
1099 474 1283 543 ineundum

236 566 419 625 assumimus.
436 566 467 626 ln
482 566 586 640 quibus
599 570 716 637 umen,
733 569 764 622 ut
778 571 879 621 natura
893 560 951 635 rei,
967 560 1003 620 de
1017 575 1074 635 qua
1087 559 1216 633 agimus,
1232 574 1283 633 po-

236 650 401 724 ululatuum
415 651 492 710 aliud
505 648 750 725 investigabimus,
762 648 818 707 nisi
835 645 977 725 principia
992 644 1041 723 itla
1054 644 1227 703 universalia
1241 648 1283 701 at·

236 748 293 809 que
307 734 505 809 immutabilia,
518 750 591 809 quae
604 733 797 807 operationem
810 731 934 791 bominis
947 731 978 788 in
988 728 1122 797 societate
1136 728 1283 788 constituti

239 826 396 894 temperare
409 821 523 892 debent,
539 834 573 878 ac
587 818 706 895 proinde
721 818 785 876 iura
798 822 827 875 ct
840 815 935 875 cilicia
950 814 1139 889 suppeditant,
1150 830 1222 889 quae
1236 829 1282 872 so

237 903 304 963 ciali
318 904 486 964 adveniente
500 910 575 963 stetu
590 919 628 961 ex
641 902 772 961 eiusdem
788 906 890 959 natura
904 898 1051 959 resultant.

272 988 362 1063 uque
374 995 407 1048 ut
420 990 534 1048 claritas
547 994 576 1048 et
590 988 658 1048 ordo
673 992 849 1062 opportunus
863 985 982 1043 minime
997 983 1181 1057 desideretur,
1194 998 1284 1057 quem

237 1073 433 1147 maximopere
447 1073 606 1133 curandum
621 1088 684 1132 esse
700 1072 892 1143 arbitramur3
912 1068 1006 1143 aliqua
1020 1068 1067 1127 hic
1086 1066 1174 1127 veluti
1188 1068 1220 1127 iu
1237 1083 1284 1127 re-

238 1156 342 1217 subulo
362 1157 508 1218 innuenda
526 1163 612 1231 sunt,
629 1172 705 1233 quae
725 1156 869 1220 uodonem
886 1153 1028 1213 societatis
1047 1155 1204 1227 generatim
1219 1152 1285 1211 atti-
1377 1172 1378 1175 ¹

237 1249 317 1301 neut.
333 1244 390 1317 ugo
403 1244 500 1318 tuque
514 1243 638 1303 nomine·
644 1242 787 1302 societatis
799 1240 956 1316 generatim
966 1240 1108 1317 inspectae
1116 1237 1189 1296 nilril
1204 1236 1285 1295 allud

237 1324 424 1401 intelligitur,
440 1328 497 1387 uisi
511 1326 624 1386 iunctio
634 1326 777 1403 plurium
790 1325 824 1385 iu
843 1340 1027 1384 communem
1048 1323 1179 1398 aliquem
1192 1322 1285 1397 finem

236 1411 300 1469 oreb
310 1412 422 1471 octibm
431 1410 678 1489 suspirantium.
696 1411 766 1473 lliuc
782 1417 899 1485 apparet
912 1423 976 1471 eam
988 1408 1101 1469 nonnisi
1112 1408 1226 1466 entibus
1239 1423 1284 1465 ra·

236 1494 312 1555 tione
327 1497 462 1571 praeditis
477 1504 637 1573 competere
647 1513 739 1571 posse.
754 1496 829 1555 llaec
840 1496 919 1555 euim
929 1495 1078 1553 dumtaxat
1089 1492 1186 1567 linem,
1199 1498 1284 1567 prout
1377 1508 1378 1541 r

233 1581 403 1655 praesertim
418 1582 578 1641 communis
593 1587 658 1659 est,
674 1580 889 1655 apprehendere
904 1584 989 1653 atque
1004 1578 1039 1638 ad
1058 1578 1137 1637 illum
1152 1576 1285 1637 obtinen-

239 1664 309 1721 dum
323 1679 381 1723 rrua
395 1679 460 1723 curn
476 1666 549 1739 eliis,
566 1664 738 1740 quibuscum
754 1664 912 1737 socientur,
929 1663 1054 1723 actiones
1068 1677 1134 1721 suas
1148 1662 1282 1721 collinea-

238 1764 271 1808 re
290 1756 417 1823 possunt.
437 1751 477 1808 td
492 1750 522 1809 id
535 1750 614 1808 enim
633 1754 730 1824 aperte
752 1748 908 1824 requiritur
927 1756 986 1807 tum
1001 1748 1044 1807 ris
1058 1746 1282 1821 intelligentiae,

241 1846 299 1905 qua
312 1833 419 1891 bonum
433 1834 548 1907 aliquod
562 1834 710 1908 generale,
727 1834 802 1909 quod
817 1834 912 1908 plures
928 1834 1063 1908 perficere
1077 1838 1105 1890 et
1118 1846 1222 1905 augere
1237 1848 1285 1891 sa·

238 1914 304 1989 leat,
321 1917 514 1992 concipiatur3
532 1923 592 1977 tum
607 1917 697 1978 libera
711 1918 855 1991 voluntas,
872 1934 944 1992 ques
959 1918 1036 1977 illius
1050 1917 1220 1990 assequendi
1234 1932 1284 1975 cu-

237 2000 356 2075 piditate
371 2010 508 2076 permota,
519 2002 666 2064 facultates
680 2010 789 2082 ceteras
805 2003 967 2062 harmonice
977 2017 1042 2061 cum
1052 2001 1116 2061 aliis
1130 2001 1179 2075 qui
1194 2002 1282 2061 simul

236 2093 442 2158 cooperentur,
458 2086 595 2163 impellat.
621 2088 697 2157 Quae
712 2089 826 2163 quidem
842 2088 873 2149 iu
887 2086 1000 2147 entibus
1015 2086 1124 2147 rabone
1138 2085 1284 2145 destitutis
1377 2098 1378 2105 ³

233 2166 330 2227 locum
350 2170 455 2231 babere
469 2177 622 2246 nequeunt.
643 2172 718 2233 llaec
732 2174 810 2232 euim
824 2172 920 2248 entia,
938 2173 1024 2245 etlam
1043 2186 1109 2231 cum
1129 2171 1216 2230 simul
1232 2186 1284 2229 eu-

233 2260 311 2312 stant
324 2260 410 2329 atque
424 2256 487 2316 ideo
500 2256 647 2320 iunctione
661 2258 757 2333 aliqua
778 2256 919 2319 materiali
939 2257 1009 2317 torte
1029 2256 1213 2329 afficiuntur,
1234 2255 1285 2315 bo

233 2352 305 2397 num
319 2353 490 2415 commune,
507 2342 589 2401 cuius
608 2340 678 2401 socii
699 2342 785 2401 etiam
805 2342 956 2417 participes
981 2341 1161 2415 alliciantur,
1176 2356 1285 2415 nequa·

233 2436 321 2497 quam
337 2425 508 2501 percipiunt.
526 2426 715 2499 Quamobrem
730 2443 760 2487 se
780 2428 816 2487 sd
829 2427 899 2487 illud
914 2426 1099 2489 consensione
1110 2432 1211 2485 mutua
1221 2441 1285 2501 pro·

234 2509 394 2567 curandum
409 2510 571 2571 actionibus
583 2510 644 2571 suis
663 2527 778 2571 morere
793 2528 850 2571 non
868 2518 1005 2587 possunt;
1027 2510 1077 2571 sed
1097 2510 1133 2569 ad
1150 2509 1285 2569 similiter

234 2592 378 2667 agendum
394 2602 444 2653 aut
457 2594 583 2669 impulsu
598 2596 693 2671 aliquo
712 2596 879 2657 mechanico
898 2601 948 2655 aut
962 2593 1060 2655 sensili
1079 2594 1216 2655 instinctu
1233 2594 1284 2653 de·
1376 2632 1377 2671 ,

233 2678 433 2739 terminantur,
453 2680 542 2739 lmmo
557 2680 688 2755 homines
703 2680 808 2753 etiam,
824 2682 878 2741 etsi
892 2678 977 2740 simul
999 2678 1105 2739 alicubi
1126 2686 1240 2739 exstent
1254 2688 1285 2741 et

160 2791 163 2798 ,
230 2760 336 2835 singuli
350 2762 427 2822 idem
441 2763 549 2823 bonum
560 2764 631 2824 lorte
642 2771 803 2837 procurenq
818 2770 913 2824 umen
924 2764 1090 2825 societatem
1098 2779 1284 2839 nequaquam
1376 2778 1377 2808 t

230 2844 396 2921 efformaut,
413 2848 469 2907 ulei
484 2848 592 2909 bonum
606 2850 677 2909 illud
692 2856 832 2924 quatenus
847 2864 998 2911 commuue
1015 2856 1059 2909 est
1070 2846 1237 2921 intendant,
1253 2854 1284 2907 et

231 2929 308 2989 clrca
321 2930 402 3004 illud,
414 2938 498 3005 prout
511 2933 542 2991 in
557 2949 659 2994 omnes
678 2935 838 2995 redundare
853 2934 946 3007 debet,
958 2933 1165 3007 conspiratione
1180 2940 1284 2993 mutua

232 3020 393 3090 operentur.
406 3016 497 3085 Quare
507 3016 570 3093 ipsa
580 3019 732 3079 multitudo
746 3018 856 3078 eutium
867 3019 975 3079 ratione
986 3016 1178 3103 praeditorum
1190 3034 1283 3093 perse

231 3098 345 3159 nonnis
360 3106 471 3175 partem
484 3102 662 3163 materialem
677 3104 820 3163 societatis
831 3103 1001 3179 suppeditat
1017 3102 1068 3163 sed
1078 3118 1142 3177 pars
1153 3102 1284 3163 formalis

230 3196 288 3247 nou
301 3184 417 3245 aliunde
431 3186 562 3260 babetur,
577 3187 633 3248 nisi
647 3205 685 3248 er
700 3188 886 3249 consensione
902 3186 1081 3247 voluntatum
1096 3186 1126 3247 in
1141 3187 1281 3247 eumdem
1375 3236 1376 3239 ,

233 3270 322 3330 linem
336 3270 580 3346 conspirantium,
596 3288 634 3331 ex
649 3289 706 3347 quo
727 3272 876 3335 harmonia
895 3272 1036 3347 quaedem
1055 3272 1214 3333 mediorum
1229 3288 1281 3333 cx·
1375 3276 1376 3315 ³

235 3364 334 3433 surgat
348 3354 372 3427 ⁴,
389 3357 479 3431 utque
491 3355 577 3417 huius
591 3372 746 3419 consensus
765 3364 793 3417 et
814 3356 979 3419 barmoniae
998 3356 1157 3433 procuratio
1171 3372 1281 3417 munus

235 3449 280 3505 est
293 3443 478 3517 securitatis,
494 3457 567 3519 quae
576 3442 695 3519 proinde
711 3460 823 3521 semper
837 3444 868 3507 in
882 3444 1016 3506 societate
1029 3442 1185 3519 requiritur
1199 3448 1229 3503 et
1242 3444 1282 3503 ad

218 3529 420 3607 terrentialem
432 3527 495 3589 eius
509 3534 679 3607 conceptum
692 3529 826 3605 perduct.

276 3720 939 3795 lippon'tsiict'tlliusrsllapobliowtrospopsli5
983 3722 1283 3794 pdmnbmoonenois
1374 3702 1375 3741 ³

236 3808 337 3851 soostus
350 3802 513 3867 multitudinis,
534 3802 574 3853 ssd
589 3809 710 3857 mouetur
723 3804 778 3855 iuris
793 3820 901 3859 musaeu
915 3810 938 3859 st
951 3805 1051 3857 utilite&
1070 3804 1229 3856 munione
1244 3821 1285 3857 r·-

235 3878 592 3976 scaurum-tlt
