2767 4492
364 377 438 426 rans
453 373 945 426 mama-mononuuurunmrs
1121 363 1174 423 ‘tos

136 463 175 525 od
188 479 238 525 uos
254 463 279 524 ⁴.
294 462 403 526 Revera
416 467 441 526 is
455 464 569 542 proprie
584 480 640 525 erro
661 465 719 524 diei
737 471 845 540 potest,
860 465 909 540 uni
924 470 965 524 ert
979 478 999 524 o
1011 479 1059 538 se,·
1078 469 1172 524 cetera
1273 505 1277 520 .

135 555 240 625 autem,
252 565 325 626 quae
338 557 408 612 nunt
422 550 459 612 od
473 549 542 626 olio,
558 565 616 610 non
631 555 689 609 tam
703 559 783 625 eunt,
800 565 888 625 qnam
901 566 958 609 erse
971 549 1151 626 participant.

539 724 708 784 luricunus
722 719 765 782 lll.

531 894 569 954 De
586 893 637 956 Dei
653 894 776 954 unitate.

174 1062 234 1125 152.
247 1065 315 1124 Cum
325 1063 375 1124 Dei
389 1061 582 1125 existentiaet
596 1072 699 1124 natura
713 1062 839 1123 maxime
855 1059 1031 1125 connectitur
1045 1059 1172 1123 eiusdem

137 1152 241 1224 unitas,
257 1151 362 1224 quippe
376 1165 449 1224 quae
463 1149 579 1208 modum
592 1149 686 1224 ipsum
702 1149 828 1222 attingit,
845 1164 900 1224 quo
919 1148 968 1207 illa
981 1148 1012 1208 in
1027 1164 1057 1207 se
1073 1147 1174 1207 consti·

121 1255 122 1260 ¹
139 1236 236 1295 tuitm.
253 1236 311 1294 Hac
326 1240 422 1293 autem
431 1234 461 1293 iu
473 1249 504 1292 re
520 1233 625 1307 duplex
640 1233 833 1308 explodendus
847 1238 891 1312 ept
905 1249 999 1293 error:
1015 1234 1086 1293 alter
1099 1233 1175 1308 poly-

139 1320 314 1392 theistamm,
330 1319 380 1394 qui
393 1317 489 1392 plures
502 1318 573 1376 Deos
587 1317 729 1391 opinionis
743 1333 838 1377 errore
853 1318 1014 1390 linnemnt3
1031 1319 1102 1376 alter
1115 1331 1175 1376 ma·

138 1403 323 1462 nichaeomm
344 1403 395 1477 qui
414 1408 526 1476 praeter
546 1401 722 1477 principium
744 1417 855 1461 summe
878 1403 986 1462 bonnm
1004 1401 1176 1476 principium

139 1487 217 1547 aliud
230 1502 342 1547 summe
362 1486 471 1546 melum
494 1487 530 1556 ad
550 1485 691 1562 originem
715 1487 856 1547 malorum
878 1487 1079 1561 explicandam
1100 1501 1176 1545 com·

139 1572 229 1634 menti
242 1577 317 1632 aunt.

375 1745 382 1764 .
459 1697 654 1772 Polpttrcistoe
673 1698 858 1772 refutantur.

176 1821 237 1882 153.
252 1821 371 1883 Unicum
385 1836 447 1882 esse
461 1823 550 1882 Deum
565 1823 716 1898 multiplici
736 1822 847 1884 ratione
865 1820 1051 1883 convincitur.
1068 1821 1122 1882 Nos
1137 1827 1176 1884 ta-

138 1919 205 1968 men
225 1907 404 1982 pollssimum
427 1907 456 1966 id
471 1923 604 1968 eruemus
619 1923 654 1967 ex
671 1913 793 1983 quatuor
814 1907 969 1981 capitibus3
987 1924 1024 1966 er
1039 1913 1177 1983 conceptu

140 1993 275 2052 nimirum
288 1993 362 2052 entis
375 1993 591 2068 perfectissimi,
608 1993 681 2052 entis
700 1993 871 2061 necessarii,
888 1992 961 2052 entis
975 1991 1114 2068 absoluti,
1132 2009 1177 2052 su·

139 2077 231 2152 premi
245 2093 342 2136 rerum
356 2078 485 2137 omnium
498 2078 663 2138 Conditoris.

177 2161 316 2234 Principio
330 2162 446 2236 qrridem
459 2178 534 2221 unus
551 2167 594 2222 est
608 2163 701 2235 lleus,
717 2163 786 2237 quia
799 2169 842 2221 est
856 2179 907 2222 ens
925 2164 1174 2238 patientissimum.

141 2246 211 2307 llam
226 2247 250 2304 si
264 2247 356 2319 Deus,
372 2251 405 2305 ut
424 2247 553 2321 proxime
571 2247 714 2321 diximus,
731 2253 774 2307 est
792 2248 937 2322 infinitus,
954 2249 1176 2324 perfectissimus

142 2345 254 2405 quoque
269 2339 312 2390 est
321 2335 350 2389 et
359 2346 498 2404 summue,
515 2337 600 2406 atque
615 2331 678 2391 ideo
694 2331 768 2405 talis,
777 2339 809 2391 ut
819 2332 891 2392 nihil
900 2333 926 2392 ei
937 2333 1053 2408 adiungi
1068 2339 1117 2394 aut
1130 2335 1178 2393 de-

142 2415 217 2474 trahi
232 2415 337 2490 possit,
353 2417 403 2475 sed
421 2417 517 2477 omnia
534 2417 644 2477 ratione
663 2417 786 2491 quadam
805 2417 942 2477 altissima
964 2418 1176 2491 complectatur.

142 2501 176 2560 lt
189 2516 255 2560 vero
271 2501 295 2561 si
309 2501 404 2575 plures
418 2507 512 2561 essent
526 2503 578 2577 Dii,
595 2502 626 2560 hi
641 2502 765 2561 invicem
779 2507 855 2560 certe
869 2501 1031 2574 dillerront3
1048 2517 1105 2561 non
1116 2516 1188 2575 pos:

143 2591 206 2644 sent
219 2593 313 2646 nutem
329 2586 442 2646 dillerre
456 2587 590 2662 invicem,
601 2587 657 2662 nisi
667 2587 763 2661 aliqua
777 2586 912 2660 perfectio
926 2585 1031 2644 inesset
1045 2584 1106 2657 uni,
1123 2600 1179 2657 qua

143 2671 215 2730 allus
229 2670 396 2746 privaretur.
411 2673 441 2731 ln
452 2671 508 2732 Deo
524 2674 601 2732 enim
616 2672 730 2732 nonnisi
745 2671 880 2745 perfectio
894 2669 1018 2728 inveniri
1032 2673 1136 2742 potest,
1150 2669 1179 2726 id

143 2763 238 2815 autem
253 2773 308 2831 quo
322 2757 403 2831 plura
422 2758 576 2832 dilleruut,
595 2759 619 2817 si
633 2759 716 2816 limes
731 2763 780 2813 aut
794 2753 920 2813 carentia
940 2752 1036 2826 aliqua
1050 2769 1107 2811 non
1122 2752 1177 2818 sit,

141 2839 256 2896 renlitas
270 2840 409 2912 quaedam
424 2855 485 2898 esse
501 2841 592 2898 debet.
610 2841 637 2896 Sl
653 2839 739 2911 igitur
753 2837 849 2910 plures
864 2840 959 2894 essent
973 2836 1025 2909 llil,
1037 2836 1068 2893 in
1083 2835 1179 2908 singu·

143 2921 179 2980 lis
194 2937 291 2978 eorum
306 2922 401 2994 aliqua
414 2923 549 2994 perlectio
564 2923 679 2979 omnino
696 2919 819 2992 simplex
833 2918 1017 2993 inveniretur,
1029 2933 1080 2993 per
1093 2935 1180 2994 quam

145 3004 290 3063 differrent
304 3003 377 3062 inter
391 3021 431 3064 se.
448 3005 480 3061 lt
494 3005 519 3062 si
533 3005 586 3062 lroc
602 3003 790 3075 contingeret,
806 3002 901 3061 nullus
916 3018 1015 3062 eorum
1029 3009 1103 3063 esset
1116 3019 1179 3078 per·

144 3087 316 3147 lectissimus
330 3095 358 3146 et
372 3088 515 3161 inlinitum
532 3087 652 3162 quisque
667 3087 745 3145 enim
759 3086 882 3160 simplici
896 3086 992 3161 aliqua
1007 3089 1180 3161 perfectione
1194 3099 1197 3102 ’

146 3177 271 3244 careret,
288 3188 360 3246 quae
375 3171 529 3230 divinitatis
543 3171 657 3246 propria
671 3175 722 3229 est.
738 3170 810 3244 Ergo
825 3171 849 3229 si
863 3171 937 3231 Deus
959 3173 1181 3247 perfectissimus

146 3263 211 3332 eat,
228 3257 340 3316 nonnisi
359 3273 434 3316 unus
449 3273 511 3316 esse
525 3263 625 3332 potest.
643 3256 683 3315 ld
696 3270 757 3314 rem
773 3256 799 3314 S.
815 3255 951 3317 Thomas:
970 3248 1089 3330 u'lleus,
1107 3271 1181 3315 com·

148 3368 160 3396 e
178 3342 327 3417 prehendit
342 3342 373 3401 in
387 3358 417 3401 se
433 3348 519 3402 totam
532 3342 736 3418 perlectionem
751 3341 874 3400 essendi.
891 3341 920 3401 Sl
934 3358 1000 3416 ergo
1014 3347 1109 3401 essent
1122 3342 1182 3415 plu-

149 3452 161 3480 ι
178 3443 224 3488 res
234 3427 290 3500 uii3
302 3433 441 3501 oporteret
455 3442 503 3488 eos
517 3427 640 3487 differre.
654 3427 765 3500 Aliquid
780 3443 846 3502 ergo
861 3428 1024 3487 conveniret
1033 3427 1093 3501 uni,
1106 3429 1181 3502 quod

150 3537 161 3564 t
178 3529 234 3571 non
250 3513 340 3571 alteri.
357 3512 384 3570 Si
398 3518 494 3571 autem
507 3512 561 3571 lroc
576 3517 667 3586 esset,
685 3512 821 3586 perfectio
836 3511 917 3570 alteri
932 3527 1031 3570 eorum
1053 3512 1178 3582 deesset,

150 3621 161 3649 ι
178 3603 206 3656 et
221 3597 261 3656 sic
275 3595 322 3656 ille
337 3596 368 3658 in
381 3613 437 3670 nuo
451 3603 525 3658 esset
539 3596 672 3672 privatio,
688 3612 746 3656 non
760 3601 834 3656 esset
848 3595 1015 3671 simpliciter
1027 3597 1178 3671 perlectus.

151 3704 162 3733 α
178 3682 352 3756 Impossibile
367 3689 410 3743 est
423 3699 490 3759 ergo
506 3698 567 3743 esse
582 3682 677 3757 plures
694 3682 765 3741 Deos
781 3683 806 3740 2.
825 3703 837 3732 ι

192 3866 203 3913 l
221 3869 299 3916 Exodi
313 3868 354 3932 111,
371 3869 410 3916 lt.

192 3942 319 3994 ²Sttmmu
337 3947 411 3993 nent.
431 3946 441 3991 l
462 3961 495 4008 p.,
512 3961 535 4008 q.
552 3944 592 4008 ll,
610 3952 651 3992 ari.
669 3943 692 3992 8.
