2767 4492
223 288 277 353 tii
665 300 827 348 snsusum

187 458 192 468 x
222 391 329 449 civium
345 390 376 450 iu
392 389 437 450 ria
450 386 607 449 honestatis
617 391 645 447 et
658 388 771 447 virtutis
785 384 961 460 praepedire.
973 381 1014 443 liu
1023 384 1119 459 itaque
1133 382 1266 456 pulcher-

222 476 314 534 rimus
328 481 482 535 concentus
496 474 605 534 ordinis
619 472 751 545 socialis,
767 470 1009 529 rationalistarnm
1024 468 1164 543 sapientia
1182 468 1269 543 plane
1371 490 1372 503 2

224 560 342 633 diguus!
369 559 412 618 Ex
425 574 485 618 una
502 564 584 633 parto
607 556 787 617 subditorum
809 555 981 629 multitudo,
999 568 1072 629 quac
1095 553 1196 613 morali
1217 568 1271 627 pro

221 644 367 717 grossu'ad
377 644 572 703 anctoritatem
585 642 809 717 gubernantium
824 640 1020 715 perimendam
1034 638 1148 711 nititur;
1166 654 1202 698 ex
1213 638 1272 697 alia
1371 638 1372 711 3

222 729 443 800 gubernantium
458 728 620 801 auctoritas,
637 744 720 802 quae,
737 742 773 787 us
788 731 909 785 mortem
924 726 1061 799 incurrat,
1078 725 1115 784 ad
1130 722 1269 785 moralem
1371 764 1372 803 ἒ

216 814 404 894 ⁴subditorum
414 828 595 889 progressum
609 812 714 887 iugiter
729 810 936 871 debilitandum
951 810 1106 873 conmudit.
1371 822 1372 845 l

636 982 815 1043 Psorosrrro
834 981 866 1043 ll.

261 1155 369 1233 Scopam
381 1154 518 1232 politicus
533 1160 573 1213 est
586 1154 658 1213 ordo
678 1152 820 1228 exterior,
834 1166 890 1229 pro
905 1151 1026 1212 romoni
1041 1150 1234 1229 prosperitate

339 1241 495 1315 sociorum,
511 1240 628 1302 interno
642 1238 824 1299 reconciliatis
841 1237 945 1298 ordiar
958 1238 1152 1313 informatus.

266 1412 327 1472 153.
346 1410 433 1471 Prota.
449 1410 553 1487 primo
563 1426 643 1486 pora.
658 1409 764 1485 Scopas
774 1408 905 1485 politicus
917 1424 954 1469 ex
973 1412 1121 1484 ausperto
1136 1406 1278 1482 positivus

229 1513 291 1556 esse
301 1497 398 1568 debot3
410 1495 551 1571 siqnidem
560 1495 697 1569 quidquid
710 1500 840 1555 enatura
848 1494 985 1569 procedit,
997 1494 1032 1552 ad
1043 1492 1196 1567 positivum
1215 1507 1276 1551 sco

229 1597 300 1656 pum
318 1581 482 1641 ordinatur:
498 1596 535 1639 ex
550 1581 607 1639 alia
624 1580 763 1639 excedere
777 1580 878 1654 nequit
892 1579 967 1638 vires
982 1576 1127 1637 naturales
1142 1574 1274 1647 subiecti,

229 1666 277 1724 eui
291 1666 472 1740 proponitur3
490 1665 632 1740 siquidem
646 1670 751 1724 natura
767 1679 886 1739 scopum
900 1677 958 1723 non
972 1662 1143 1739 praestituit,
1160 1660 1214 1719 nisi
1234 1659 1278 1717 ri-

229 1766 277 1809 res
291 1750 466 1809 necessarias
481 1750 517 1808 ad
538 1749 616 1808 illius
634 1749 818 1823 adeptionem
833 1748 1022 1823 impartiatur.
1039 1746 1123 1821 dtqul
1137 1744 1165 1804 id
1180 1743 1277 1817 appri·

229 1849 277 1891 me
292 1850 390 1892 rerum
406 1834 493 1893 ostde
508 1834 607 1893 ordine
622 1842 751 1909 externo,
768 1834 818 1908 qni
833 1848 871 1892 ex
885 1832 1044 1893 prediorum
1059 1834 1194 1905 apparatu
1204 1842 1276 1887 cou-
1371 1832 1372 1897 1

232 1917 324 1991 surgit
345 1918 527 1991 prosperitati
541 1918 684 1977 sociornm
700 1924 867 1992 opportuno.
883 1919 954 1977 llam
968 1918 1037 1977 ordo
1050 1916 1112 1988 hic,
1130 1918 1273 1989 ospitat,

231 2018 289 2061 nou
304 2002 365 2061 sola
378 2001 540 2074 negatione,
557 2002 709 2061 sarlatium
724 2002 862 2077 positione
878 2007 1005 2076 coustat3
1016 2006 1045 2060 et
1059 1998 1222 2061 efficacitati
1231 2014 1280 2058 so-

233 2086 299 2147 ciali
313 2101 347 2145 ac
361 2085 492 2160 publicae
509 2087 615 2161 optime
631 2086 801 2158 subiicitur,
817 2088 922 2163 puppe
936 2088 985 2161 qui
1000 2085 1120 2147 risibilis
1130 2088 1173 2144 est
1187 2088 1217 2141 et
1227 2098 1280 2143 ex·

235 2178 318 2231 terna
330 2171 494 2245 operatione
507 2178 687 2245 procuratur.

267 2255 354 2315 Proi.
369 2255 497 2317 scacario
510 2274 596 2332 porr.
620 2260 728 2333 scopus
744 2259 887 2319 societatis
909 2258 1082 2335 respondere
1096 2256 1181 2317 debet
1194 2260 1282 2315 natu·

233 2356 283 2401 rae
307 2340 469 2415 sociorum,
486 2350 515 2402 ct
528 2343 671 2417 principio
696 2360 732 2403 ex
748 2360 804 2419 qno
819 2345 940 2403 societas
964 2344 1027 2417 ipsa
1042 2343 1181 2402 dimanat.
1197 2338 1282 2414 ilioni

232 2433 336 2486 natura
349 2427 492 2485 sociorum
507 2428 665 2501 personalis
679 2434 731 2501 est,
749 2445 783 2489 ac
797 2430 917 2503 proinde
934 2433 1103 2502 conceptum
1118 2428 1185 2486 linis
1199 2426 1284 2485 offert

233 2513 265 2571 in
279 2512 412 2586 singulis3
430 2512 605 2585 principium
628 2513 796 2573 socialitatis
811 2514 844 2573 iu
858 2519 959 2573 mutua
978 2512 1178 2573 benevolentia
1197 2509 1284 2585 potis·
1371 2524 1372 2527 ¹

233 2596 340 2657 simum
355 2596 490 2657 cemitnr.
516 2596 587 2669 Ergo
608 2597 734 2670 bonum,
752 2598 828 2673 quod
850 2614 901 2673 per
924 2598 1089 2657 societatem
1107 2595 1282 2667 intenditur,
1371 2606 1372 2655 i

211 2693 216 2703 ’
231 2696 383 2742 commune
397 2681 436 2741 sit
449 2696 565 2741 necesso
579 2687 631 2754 est,
644 2696 697 2741 seu
714 2682 768 2741 tale
784 2688 817 2741 ut
831 2683 862 2741 in
878 2698 978 2743 omnes
995 2683 1072 2742 cires
1086 2681 1184 2756 aliqua
1196 2678 1284 2739 ratio·
1371 2722 1372 2759 p

234 2766 562 2912 nellffllgggteiusmodi
575 2852 685 2912 bonnm
701 2852 890 2914 determinata
904 2856 1031 2929 quadam
1041 2853 1171 2915 utilitatis
1186 2851 1285 2926 specie

235 2938 409 3010 continetur3
427 2940 477 2997 scd
491 2954 591 2997 omnes
601 2940 754 2999 relationes
767 2947 885 3015 spectat,
902 2958 975 3016 qnae
987 2958 1024 3001 ex
1041 2941 1151 3015 priuato
1161 2938 1285 2998 familia·
1371 2978 1372 2981 κ

234 3039 301 3083 rum
316 3022 422 3084 circulo
437 3022 468 3081 in
493 3023 621 3096 amplum
635 3025 744 3085 ordinis
761 3025 870 3100 publici
892 3027 1033 3086 ambitum
1052 3042 1082 3085 se
1097 3024 1283 3101 protendunt.

236 3110 306 3168 (inm
319 3107 397 3167 enim
412 3108 533 3167 societas
547 3107 592 3167 'ad
608 3110 814 3182 perlectionem
830 3110 1044 3171 individuorum
1058 3116 1163 3169 natura
1173 3123 1226 3168 sua
1240 3122 1286 3167 or·

236 3194 363 3266 dinetur3
379 3192 513 3253 omuibus
527 3194 697 3254 eorumdem
711 3196 949 3269 propensioribus
967 3195 1021 3255 rite
1037 3194 1187 3271 explendis
1200 3196 1229 3253 et
1243 3192 1287 3252 ri·

234 3278 316 3338 ribus
330 3276 468 3351 augendis
481 3292 599 3352 operam
614 3278 716 3339 datura
729 3286 772 3339 est
791 3279 891 3339 ordine
906 3280 955 3339 illo
970 3286 1098 3355 externo,
1116 3295 1202 3354 quem
1218 3292 1286 3352 pm-

237 3370 335 3435 curat,·
350 3362 416 3421 licet
430 3362 526 3437 aliana
543 3370 690 3437 praestare
705 3369 837 3424 teneatur
850 3366 944 3439 rigore
958 3365 1099 3439 institiae,
1116 3365 1172 3423 alia
1187 3368 1287 3422 antem

238 3448 334 3508 oiiicio
348 3446 724 3507 dumtaxatbeuellceutiae.
744 3449 807 3522 Sed,
824 3448 885 3509 sire
900 3464 991 3508 uuum
1005 3449 1065 3509 sire
1076 3446 1153 3507 alind
1164 3447 1241 3519 iacit,
1253 3447 1285 3505 iu
1371 3504 1372 3511 ,

237 3539 339 3594 neutro
351 3532 446 3593 officio
459 3532 605 3606 implendo
620 3537 703 3591 extre
718 3548 836 3607 scopum
851 3534 998 3607 proprium
1014 3539 1159 3607 erugatur.
1176 3531 1287 3591 Idcirco
1371 3518 1372 3587 ἶ

237 3618 379 3678 eirrsmodi
397 3618 506 3678 bouum
523 3617 652 3691 generati
666 3617 804 3677 vocabulo
818 3618 1013 3693 prosperitatis
1027 3618 1266 3693 significavimus.
1371 3650 1372 3653 =

272 3707 358 3766 Prot.
375 3708 553 3782 tortiopors.
570 3705 693 3766 Societas
708 3712 841 3781 respectu
848 3706 1064 3767 individuorum
1078 3722 1136 3767 nou
1151 3706 1284 3779 tinisest,

239 3791 289 3849 sed
298 3792 434 3851 medium.
445 3793 515 3852 llam
525 3792 645 3852 societas
654 3792 783 3866 personis
793 3797 918 3867 comtat3
931 3808 1070 3867 personae
1080 3798 1175 3851 antem
1188 3792 1219 3849 in
1228 3790 1288 3851 boc

238 3874 450 3948 distinguuntur
459 3892 478 3937 a
487 3877 582 3952 robus,
595 3878 671 3952 quod
681 3878 747 3939 linis
757 3879 898 3941 rationem
908 3880 1039 3943 amittere
1048 3892 1206 3955 numquam
1220 3892 1289 3952 pos·
