2767 4492
112 207 122 222 ⁸
196 201 253 277 234
524 210 753 284 erenum
766 212 914 293 eamme
979 225 988 234 ·

202 324 214 354 a
232 313 291 360 uon
306 298 469 386 significatu
484 297 534 358 sed
549 304 666 380 aspectu
681 297 846 380 didiceram.
862 286 1062 384 ltaquemegiq
1072 293 1188 386 signum
1197 343 1204 373 ,
1214 312 1248 363 re

203 380 366 458 «cognita3
388 397 475 456 quam
491 383 570 456 signo
585 383 663 456 dato,
681 381 745 456 ipsa
757 376 804 442 re's
813 378 932 442 discitur
947 383 973 441 l.
992 403 1004 437 ι
1027 398 1033 409 ’
1120 371 1135 387 ’“
1169 376 1173 386 “
1199 371 1225 402 ”

235 469 330 557 Βίοεεἲ
346 466 377 525 id
391 465 466 525 salet
474 480 525 540 pro
534 465 621 548 rebus
631 466 843 545 materialibus,
860 483 933 546 quae
944 469 1062 543 aspectu
1072 466 1245 547 conduntur,

200 547 251 612 sed
264 543 322 611 non
337 566 389 634 pro
407 545 479 609 ideis
500 549 649 632 abstractis
670 541 699 608 et
717 550 885 610 moralibus,
902 549 1068 635 Respondeo
1083 550 1178 633 valere
1197 566 1248 633 pro

199 629 348 707 omnibus3
364 629 433 692 nam
443 633 584 708 genefflis
594 637 637 693 est
650 633 737 708 ratio,
753 634 826 708 quae
837 651 887 712 pro
896 641 1016 715 utroque
1031 633 1129 712 ordine
1138 635 1247 708 pariter

200 711 323 779 militat'
334 713 451 800 Signum
467 722 571 776 natura
591 734 644 804 sua
661 713 725 800 rem
739 718 957 802 significandam
971 717 1114 803 subaudit.
1136 717 1207 798 Ergo
1222 721 1247 779 si

199 805 288 864 verba
300 803 386 862 etiam
399 801 492 876 quoad
501 802 580 861 ideas
595 802 753 862 abstractas
767 808 796 861 et
805 804 1004 862 moralcs'sunt
1013 803 1108 876 signa3
1118 818 1166 861 eas
1181 803 1249 862 sula=

201 890 319 948 audiant
331 903 449 948 necesse
463 892 515 947 est.
532 888 775 969 Traditionalistae
788 889 932 962 mitiores,
951 888 1001 962 qui
1015 886 1191 946 contrarium
1205 888 1248 946 ai·

198 975 327 1047 firmant,
342 986 447 1047 parum
466 971 521 1031 sibi
536 971 736 1046 consentiunt,
757 977 786 1032 et
803 973 834 1031 in
851 989 882 1032 re
896 971 1092 1047 philosophica
1105 987 1164 1031 non
1178 972 1248 1032 satis

198 1058 332 1116 videntur
347 1071 410 1116 esse
423 1056 538 1115 versati.
556 1057 626 1116 Nam
640 1056 722 1138 ideae
737 1057 924 1130 universales,
941 1071 1012 1139 quas
1027 1071 1045 1122 a
1058 1055 1146 1139 rebps
1156 1056 1248 1115 sensi·

199 1141 321 1215 bdibus,
339 1137 400 1200 siire
410 1139 563 1199 verborum
573 1133 756 1216 adminiculo,
772 1140 899 1222 abstrahi
914 1143 997 1215 posse
1009 1140 1178 1213 concedunt,
1190 1155 1249 1200 non

199 1227 285 1286 modo
293 1225 433 1286 mundum
442 1239 618 1299 corporeum,
632 1225 681 1284 sed
692 1223 869 1299 spiritualem
877 1225 965 1284 etiam
975 1241 1026 1302 per
1035 1240 1066 1284 se
1075 1224 1245 1305 respiciunt.

197 1311 277 1371 Idem
288 1299 399 1384 dicatur
412 1309 447 1368 de
464 1308 578 1368 iudiciis
592 1309 775 1383 immediatis,
792 1324 866 1384 quae
879 1325 917 1368 ex
930 1301 1003 1390 ideis
1015 1308 1073 1368 illis
1087 1308 1246 1393 emergunt.

200 1395 245 1454 Sic
259 1411 306 1454 ex.
319 1410 361 1468 gr.
376 1393 562 1478 principium:
574 1391 639 1453 Noa
650 1391 744 1452 datur
757 1391 942 1468 affectuositate
956 1409 1057 1474 causa,
1074 1391 1193 1452 cuilibet
1202 1408 1247 1452 re-

201 1494 268 1539 rum
281 1475 525 1562 ordiui'applicari
532 1481 633 1550 potest,
645 1482 673 1536 et
686 1483 765 1537 recta
774 1477 853 1536 ducit
863 1477 899 1536 ad
907 1477 1033 1551 primam
1043 1477 1170 1554 aliquam
1180 1492 1248 1536 cau-

205 1560 281 1650 sam,
298 1559 372 1655 quas
386 1561 503 1652 effectus
516 1559 596 1646 nullo
611 1555 696 1644 modo
712 1558 763 1649 sit,
780 1555 995 1646 admittendam.

709 1729 744 1814 ¹¹2·

370 1897 473 1984 dicatis
489 1897 612 1960 evolutio
627 1911 689 1960 ooo
699 1905 893 1975 apotactitae
902 1896 1076 1976 magisterio

619 1991 654 2044 ut
671 1981 836 2045 iacinctum

241 2154 302 2214 139.
320 2152 349 2236 Si
359 2165 440 2213 mens
450 2153 486 2211 ad
495 2151 671 2212 inchoandas
681 2167 748 2210 suas
759 2151 933 2229 cognitiones
948 2157 1044 2228 egeret
1058 2157 1175 2216 externo
1186 2167 1249 2212 ma·

204 2236 337 2314 gislerio,
352 2253 500 2311 nunquam
516 2252 582 2296 suas
596 2236 772 2312 cognitiones
790 2236 951 2315 inclroaret3
967 2242 1000 2313 pt
1014 2237 1091 2312 enim
1104 2237 1178 2310 scite
1188 2235 1248 2297 dri-

202 2323 324 2398 stoteles,
340 2323 433 2380 omnis
450 2317 603 2396 'disciplina
617 2320 962 2396 expraeviacognilione
983 2321 1024 2379 tlt.
1044 2321 1078 2380 ltt
1092 2337 1160 2380 sane
1176 2318 1248 2401 quid

200 2411 325 2482 praestat
338 2405 474 2480 magister
492 2409 541 2463 aut
557 2404 731 2483 quicumque
747 2404 785 2462 sit
800 2404 849 2482 qui
864 2405 953 2464 alium
967 2405 1077 2469 eruditi
1091 2400 1143 2466 Per
1157 2404 1248 2464 re'rba

198 2491 258 2551 iam
272 2487 398 2568 audienti
407 2489 529 2563 cognita,
546 2491 596 2546 aut
610 2488 711 2547 saltem
721 2503 773 2571 per
782 2493 877 2564 gestus
891 2494 920 2549 et
935 2483 991 2548 alia
1001 2489 1083 2572 signa
1096 2491 1247 2565 matruelis,

201 2576 263 2635 eius
278 2575 462 2636 attentionem
477 2573 514 2632 ad
525 2571 619 2631 ideam
629 2569 756 2645 aliquam
771 2579 901 2647 revocat,
918 2589 1023 2652 exque
1037 2589 1088 2651 per
1104 2575 1248 2654 analysim'

202 2661 231 2718 et
246 2657 404 2734 epithasim
418 2657 521 2716 mentis
538 2671 625 2714 novas
640 2655 720 2713 ideas
738 2654 794 2714 sibi
809 2657 954 2729 procudat.
966 2657 1020 2716 dut
1032 2655 1120 2719 etiam
1130 2659 1249 2717 modum

205 2743 260 2818 ipsi
270 2742 410 2818 proponit,
423 2757 479 2816 quo
490 2740 596 2799 iudicia
606 2741 662 2799 iam
675 2740 788 2814 cognita
798 2735 943 2816 comparet
951 2743 1026 2800 inter
1035 2758 1065 2801 se
1080 2748 1108 2800 et
1118 2734 1251 2801 determiss

144 2865 148 2872 -
200 2832 284 2886 natm
294 2827 430 2907 materiae
448 2823 569 2900 applicet
580 2823 615 2906 ad
626 2815 782 2892 illationem
793 2823 918 2909 aliquam
930 2818 1107 2885 eliciendam.
1120 2817 1192 2905 Ergo
1206 2817 1248 2884 diss

205 2910 347 2983 scipulum
362 2909 541 2968 extrinsecus
554 2909 646 2983 iuvat3
659 2909 711 2968 sed
727 2909 870 2987 incudem
886 2909 1092 2992 sribaudittum
1103 2906 1250 2968 ideasiam

206 2993 349 3068 evolutas,
368 2997 428 3052 tum
442 2994 502 3052 mm
516 2990 636 3053 eruendi
649 3009 686 3053 eri
700 2993 771 3070 ipsis
786 3009 875 3054 novos
886 2999 1038 3068 conceptus
1054 2999 1082 3051 et
1096 2991 1203 3073 iudicia
1221 2989 1252 3052 et

206 3077 406 3152 deductiones,
427 3077 511 3137 modo
525 3077 613 3152 ideis,
630 3087 701 3152 quas
715 3079 853 3154 possidet,
870 3077 1056 3137 attentionem
1070 3077 1177 3154 affigat.
1197 3072 1250 3136 ltass

203 3175 258 3236 que
276 3175 314 3240 ex
332 3153 386 3304 ῑέειο
408 3166 487 3234 parte
506 3153 628 3248 evolutio
650 3162 764 3224 interna
786 3164 891 3225 mentis
910 3160 946 3223 ab
970 3163 1062 3241 alieno
1085 3153 1250 3240 magisterio

205 3261 264 3308 non
280 3261 342 3332 pen
357 3247 426 3324 feti.¹
1054 3244 1059 3262 ³
1243 3245 1248 3260 '

248 3391 263 3438 l
280 3393 315 3440 lle
328 3393 443 3454 lioptalro
458 3390 516 3439 all.

247 3467 263 3516 2
278 3469 392 3530 Sapienter
407 3469 430 3518 S.
446 3466 554 3517 Thomu:
574 3483 583 3510 ι
600 3465 866 3535 mimitemelae:
880 3470 964 3533 menda
981 3471 1045 3522 noli·
1059 3473 1093 3522 est
1106 3470 1255 3534 quodamno-

206 3560 215 3583 ι
234 3540 262 3588 do
276 3544 346 3598 omnis
361 3543 453 3592 soant·
467 3542 602 3604 originaliter
616 3542 703 3607 indita,
717 3544 864 3603 mediatim
878 3547 1038 3606 amimalibm
1056 3547 1254 3611 conceptionibus,

206 3635 215 3658 ·
234 3631 289 3682 uua
303 3621 376 3667 mim
390 3620 475 3684 lmine
489 3620 612 3684 uelocia
627 3621 712 3685 mutis
726 3629 894 3689 cummim
905 3640 945 3690 ru
958 3641 1021 3691 aas,
1036 3626 1095 3690 ruat
1109 3639 1148 3691 pr
1162 3624 1255 3689 aria«-

206 3711 216 3734 ι
234 3690 288 3759 salia
303 3694 420 3763 priucipia,
435 3695 557 3761 iudicamus
572 3696 599 3744 de
613 3696 671 3762 aliis,
686 3703 709 3746 cl
722 3714 748 3748 ea
762 3701 964 3773 praecognoscimua
981 3703 1006 3753 in
1020 3702 1082 3772 ipsis.
1098 3721 1107 3743 ι
1127 3703 1254 3768 Quaestio-

204 3781 234 3817 aa
249 3769 278 3818 de
290 3769 367 3820 urae
380 3773 422 3846 orl.
434 3773 449 3846 ti
463 3773 488 3824 in
501 3789 561 3849 corp.
573 3773 602 3826 Et
611 3771 664 3834 aiibi
677 3776 720 3826 ait:
736 3796 745 3826 ι
759 3767 864 3842 similer
878 3779 944 3830 etiam
957 3769 1076 3857 diccpduin
1089 3782 1124 3856 aqi
1137 3778 1164 3830 de
1178 3776 1254 3854 ”iili
