2767 4492
262 309 315 375 ild
562 327 567 336 ’
707 323 893 368 anennual·

259 421 356 475 tomen
371 408 474 485 oppido
498 405 615 468 dedocet
635 407 844 482 providentiam
869 407 962 467 civilis
976 406 1172 481 auctoritatis,
1188 408 1315 482 quaein

258 499 313 556 hac
328 497 385 554 uita
396 497 546 554 ‹turnmxat
561 495 618 553 vim
633 509 715 552 strom
730 499 854 565 exercet,
866 493 999 552 etordini
1014 493 1150 552 socialiet
1165 499 1314 567 tempora·

255 584 298 642 rio
313 598 364 655 per
380 597 410 639 se
426 587 454 637 et
468 581 574 638 directe
589 578 720 637 consulit.
740 579 771 636 ut
787 579 875 650 igitur
888 580 952 637 eius
967 578 1090 651 portium
1105 585 1148 636 cst
1161 579 1306 649 actiones,

259 683 333 742 quae
349 666 432 724 civile
447 664 555 723 honum
570 670 684 736 origeni,
703 663 838 736 praetiriis
853 652 1048 736 remunerari3
1066 665 1108 722 sic
1123 664 1159 720 ad
1174 664 1313 721 eamdem

260 756 369 826 spectat
384 750 568 821 nocentibus,
585 748 634 822 qui
650 748 734 806 civile
749 747 857 806 bonum
875 748 1053 806 imminuunt
1067 754 1117 806 aut
1136 747 1309 818 destruunt,

257 851 363 912 poenas
378 835 516 904 indigere.
535 834 638 892 Curare
652 833 730 891 onim
741 831 957 891 omnino‘debet
971 841 1003 892 ut
1013 833 1041 892 in
1057 833 1166 905 ordine,
1184 834 1236 906 qui
1252 833 1310 907 ipsi

260 928 405 992 curooest,
420 920 558 993 flagitium
571 933 628 976 non
643 917 805 992 sospitctur,
818 918 868 976 aed
884 918 978 990 potius
993 918 1029 975 ad
1042 916 1161 976 rationis
1173 933 1311 976 normam

261 1004 462 1064 imminutione
477 1004 599 1077 qirodom
617 1002 684 1060 honi
701 1008 729 1059 et
744 1001 862 1060 miseria
876 1003 1029 1060 alliciatur.
1049 1002 1077 1059 ld
1092 1009 1188 1060 autem
1203 1017 1264 1061 non
1281 1019 1311 1062 a·

258 1089 318 1148 liud
333 1095 423 1161 sonat,
441 1089 496 1146 nisi
513 1089 557 1146 ius
572 1087 677 1145 habero
691 1087 824 1144 sumendi
840 1102 961 1160 poenam
971 1088 1007 1144 de
1017 1086 1201 1159 nocentibus,
1217 1087 1311 1161 siqui·

258 1176 324 1233 dem
335 1175 403 1233 boni
415 1173 586 1244 imminutio,
598 1188 672 1246 quan
683 1172 813 1230 dolorem
828 1171 911 1228 affort
922 1177 954 1236 ,et
969 1177 1081 1245 propter
1096 1177 1210 1243 turpem
1220 1173 1309 1231 actio-

162 1287 167 1297 ·
257 1276 325 1318 nom
338 1260 486 1330 infligitur,
504 1273 611 1331 poenae
627 1257 744 1316 nomine
757 1256 931 1328 designatur.
945 1257 1024 1314 Notio
1039 1255 1126 1329 igitur
1138 1256 1310 1314 iustitiaeet

257 1345 365 1404 ordinis
381 1345 455 1403 civili
467 1341 625 1402 auctoritati
635 1341 781 1401 evidenter
796 1341 941 1399 adiudicat
949 1338 995 1399 ius
1004 1340 1135 1400 sumendi
1151 1355 1263 1412 poenas
1273 1342 1309 1400 de

258 1430 437 1489 nocentibus.

294 1517 342 1574 Cui
357 1519 524 1588 argumento
539 1513 648 1573 accedit
662 1527 819 1587 poenarum
833 1511 1019 1571 inflictionem
1033 1512 1145 1587 requiri
1166 1512 1258 1570 etiam
1274 1516 1307 1570 ut

257 1601 388 1670 exempto
404 1606 431 1658 et
447 1599 541 1658 timori
553 1599 589 1657 sit
603 1599 715 1657 ceteris.
728 1597 804 1656 llultl
820 1590 898 1655 enim
914 1603 989 1669 sunt,
1007 1598 1103 1672 quiad
1117 1596 1251 1656 ordinem
1263 1614 1308 1656 so·

258 1686 360 1744 oialem
375 1685 548 1744 serrandum
564 1698 660 1742 amore
675 1682 788 1742 honesti
802 1697 859 1741 non
875 1682 1066 1741 adducuntur.
1083 1684 1140 1741 llos
1154 1699 1222 1754 ergo
1238 1699 1308 1756 poe·

257 1787 361 1829 narum
377 1775 454 1828 metu
470 1775 600 1828 coercere
616 1773 738 1841 oportet;
760 1773 791 1826 ut
805 1767 905 1825 saltem
921 1782 959 1824 ex
974 1767 1042 1839 luga
1054 1767 1123 1825 mali
1141 1766 1271 1838 sensilis,
1289 1783 1309 1824 a

257 1869 314 1928 quo
329 1854 493 1925 abhorrent,
511 1853 547 1910 ad
561 1853 687 1924 crimen,
704 1866 756 1925 per
770 1852 845 1925 quod
859 1851 969 1910 malum
983 1851 1055 1910 illud
1068 1851 1236 1925 incurritur,
1255 1851 1311 1910 de-

258 1938 424 1996 clinandum
438 1936 632 2011 impellantur.

293 2023 419 2095 Denique
450 2027 564 2096 proptor
587 2021 677 2094 ipsius
700 2023 828 2082 nocentis
846 2023 997 2082 utilitatem
1025 2039 1117 2099 poena
1135 2023 1309 2097 requiritur.

255 2109 326 2168 Nam
347 2121 400 2179 ope
425 2105 501 2163 illius
516 2119 622 2164 uocaus
637 2107 712 2165 laeto
734 2107 854 2166 addiscit
867 2114 896 2167 et
915 2107 1060 2182 experitur
1081 2108 1192 2166 crimen
1214 2109 1311 2166 leliei-

256 2192 307 2251 tati
322 2196 351 2249 et
365 2195 483 2250 naturae
498 2191 641 2251 hnmanae
654 2192 802 2265 augendae
816 2193 857 2250 nil
872 2193 1000 2252 conferre
1014 2193 1066 2252 sed
1079 2193 1172 2266 potius
1188 2192 1308 2266 obesse,

256 2283 342 2350 atque
357 2275 396 2334 ita
411 2276 446 2334 ad
462 2277 573 2337 lucilius
588 2277 812 2351 resipiscendum
827 2277 964 2338 invitatur
980 2281 1004 2336 t,
1021 2279 1113 2346 Quare
1133 2277 1258 2336 allectus
1278 2287 1311 2337 et
1369 2324 1370 2331 ,

258 2377 361 2434 scopus
375 2376 482 2435 poenae
498 2361 602 2436 triplex
616 2367 674 2420 est:
692 2368 723 2420 ut
736 2362 848 2422 laesum
867 2363 997 2422 ordinem
1017 2367 1172 2434 restauret,
1197 2368 1231 2420 ut
1257 2379 1312 2423 no

255 2447 331 2506 conti
349 2447 514 2521 medeatur,
531 2453 563 2504 ut
583 2447 749 2522 exemplum
764 2447 811 2506 det
831 2447 942 2506 ceteris.
963 2445 1082 2507 Proinde
1103 2462 1196 2520 poena
1214 2448 1313 2506 simol

255 2539 298 2592 ost
312 2533 506 2607 medicinalis,
523 2534 710 2606 reparante,
724 2534 920 2608 ·esemploris,·
935 2551 1008 2609 quae
1028 2535 1082 2593 tria
1092 2534 1122 2592 in
1136 2533 1314 2595 saneiendis

254 2620 354 2694 poenis
369 2635 483 2694 semper
500 2635 567 2692 prae
581 2619 671 2678 oculis
687 2620 820 2678 habenda
833 2626 913 2694 sunt,
931 2635 1175 2695 quamquamnoa
1190 2636 1315 2697 semper

256 2707 357 2765 eodem
371 2707 455 2766 modo
469 2711 497 2765 et
512 2705 623 2779 aequali
638 2720 774 2764 mensura
787 2707 934 2780 procurari
949 2707 1068 2781 possint.
1365 2758 1366 2793 ,

292 2782 353 2850 185.
370 2792 488 2862 Poenae,
505 2791 598 2863 quoad
613 2791 675 2849 lieri
689 2796 790 2865 potest,
804 2792 887 2850 mites
902 2792 968 2850 sint.
985 2793 1069 2852 Recto
1083 2792 1160 2850 enirn
1175 2793 1316 2852 animad-
1364 2858 1365 2867 ,

252 2877 338 2937 vertit
352 2875 546 2949 Montesquiou
562 2877 576 2923 2
592 2891 691 2936 aarum
706 2875 907 2935 ellicacitatem
921 2891 1094 2950 magnopere
1104 2876 1141 2934 ab
1156 2876 1316 2937 existima·
1364 2878 1365 2905 ¹

257 2960 333 3020 tione
347 2961 484 3035 pendere,
499 2966 527 3018 ot
542 2960 709 3035 plerumque
723 2961 832 3020 malum
846 2960 929 3035 longo
942 2961 1043 3035 levius,
1060 2960 1143 3020 modo
1157 2967 1193 3020 ut
1206 2965 1315 3036 poena
1363 2960 1365 3019 l

1362 3048 1364 3131 l

297 3147 308 3191 i
327 3145 360 3192 ld
378 3161 424 3191 rom
437 3143 582 3207 'sapiri-ellim.
599 3145 668 3190 ‹Cosi
680 3146 766 3208 eourpio
782 3145 897 3208 (nimirum
913 3145 1040 3209 auotoritas)
1058 3146 1074 3192 il
1088 3146 1158 3208 primo
1173 3145 1263 3193 darete
1279 3165 1319 3194 so·

253 3244 262 3265 a
282 3221 337 3269 ciale
351 3224 370 3266 si
381 3237 443 3268 uerso
454 3221 470 3266 il
490 3220 639 3282 delinquente,
661 3223 680 3268 si
696 3222 923 3282 remunerandi,
945 3225 964 3268 ri
981 3237 1043 3270 uerso
1054 3222 1070 3268 tl
1080 3223 1190 3268 cruore.
1207 3223 1285 3270 Verso
1302 3224 1319 3268 il

253 3319 262 3341 ι
282 3297 431 3360 delinquente,
449 3297 527 3360 perolio
538 3297 593 3343 eollo
608 3297 713 3344 aceruorlo
724 3299 748 3344 ti
762 3297 814 3344 beni
827 3299 935 3345 materiali
946 3297 976 3358 gtt
987 3298 1099 3360 proereeie
1109 3302 1193 3359 qanto
1210 3300 1225 3344 ir
1242 3299 1273 3346 da
1288 3300 1318 3346 lei
1360 3308 1361 3357 l

259 3394 268 3416 ι
288 3389 318 3419 nn
330 3373 471 3419 incitamento
482 3371 502 3418 al
519 3372 573 3418 beno
590 3380 675 3436 onesta,
688 3390 738 3421 rero
754 3374 811 3420 lieno
824 3374 877 3420 ‹tett’
885 3391 949 3422 nomo
960 3375 997 3437 qni
1009 3375 1033 3421 iu
1045 3381 1114 3436 terra3
1127 3389 1191 3420 verso
1207 3373 1242 3434 gli
1254 3391 1320 3422 ωο-
1359 3384 1360 3469 l

252 3469 261 3492 ι
280 3449 331 3496 cinti
347 3449 425 3512 perche
441 3465 541 3510 corrippo
557 3448 613 3495 uella
628 3449 661 3495 lor
672 3454 745 3496 menie
756 3449 772 3495 il
789 3449 901 3496 disordino
912 3451 934 3496 di
951 3449 1045 3510 piuilizio
1056 3449 1172 3498 formatori
1183 3448 1223 3496 dit
1235 3450 1317 3496 delitto
1358 3490 1359 3501 ,

252 3545 261 3568 ι
280 3525 354 3588 lelire3
371 3541 432 3572 verso
450 3525 466 3572 il
483 3527 582 3571 Crantore
600 3525 735 3572 eorrlinutor
749 3542 851 3589 suprmuo
866 3525 1029 3572 dell'unirrrsnl
1041 3526 1131 3580 socii-d,
1144 3524 1228 3588 perrlre
1240 3529 1322 3574 »estie-
1358 3520 1359 3583 l

251 3621 261 3644 ι
281 3619 308 3648 ne
324 3601 506 3664 imprcscritlibili
527 3601 547 3647 le
559 3601 644 3646 notioni
656 3601 678 3648 di
695 3602 780 3647 natural
792 3603 899 3665 piuslizia,
913 3601 968 3648 salle
983 3601 1042 3664 quali
1058 3602 1079 3648 le
1089 3601 1171 3648 sortiti
1186 3601 1323 3650 universate
1356 3592 1358 3695 A

255 3695 264 3718 ι
283 3677 307 3722 lu
322 3679 450 3740 appogpirta
463 3677 489 3723 da
508 3677 539 3722 lui
557 3677 592 3724 nel
608 3677 699 3724 ererrla.
715 3679 764 3724 Cosi
779 3678 829 3724 rien
845 3678 940 3741 riparrto
953 3677 988 3724 nel
1003 3677 1089 3741 triplice
1104 3693 1143 3723 rao
1154 3684 1248 3740 ospello
1265 3681 1323 3728 l'or'·

256 3771 265 3790 ι
284 3753 335 3798 dine
357 3753 436 3799 violato
451 3753 486 3798 dal
498 3752 647 3816 delinquente,
670 3754 685 3799 l'
691 3753 834 3818 individuale,
848 3755 863 3800 il
874 3754 962 3816 sor-iaie,
978 3754 994 3799 l'
1006 3753 1137 3802 unirersele.
1157 3773 1167 3796 ι
1186 3757 1284 3818 Soppso
1298 3761 1326 3806 di

254 3827 339 3892 dirttto
355 3831 466 3878 mturolo
480 3845 516 3875 ero
538 3829 624 3876 dissert.
642 3831 665 3892 5,
682 3847 702 3876 e,
716 3833 739 3876 o.
850 3875 854 3884 ,

305 3901 320 3952 2
337 3905 436 3963 L'trprr't
453 3907 492 3953 der
508 3907 553 3954 loir
570 3909 585 3952 l.
602 3907 623 3968 l,
635 3905 651 3952 l.
666 3909 689 3972 ὃ,
702 3907 737 3956 eli.
751 3909 788 3956 t2.
