2767 4492
517 372 753 421 maismacense
1103 354 1154 419 951

115 458 258 523 clinatione
272 460 300 518 et
314 458 457 517 structura
471 457 568 517 sociali
582 442 893 530 possibilitatem'ittam
910 452 1045 514 imminui
1062 466 1156 527 posse,

116 554 142 609 et
154 546 336 607 remotiorem
351 545 387 603 ab
403 549 468 603 actu
483 542 555 601 iteri.
567 544 600 600 llt
615 540 651 600 ad
664 542 718 600 boc
733 542 965 615 consequendum
974 540 1157 599 accomodata

115 632 192 692 nullo
208 631 292 690 modo
306 635 350 689 est
364 630 456 688 torma
472 626 725 702 repraesentativa
742 640 815 700 quae
837 630 980 701 tantopere
1000 625 1121 686 lactatur
1143 640 1160 682 a

116 716 275 777 mitioribus
289 712 440 774 libertinis

149 804 285 871 Quartum
293 796 663 859 mendaciumestmedium
667 796 936 873 wquodsupocditat
947 795 1026 871 llam,
1035 796 1159 856 utomit-

117 892 280 947 tumueram
295 885 465 944 divisionem
480 888 509 942 et
522 888 652 941 mutuam
667 882 868 943 limitationem
882 844 1063 957 potestatum,
1076 886 1161 954 prout

116 974 262 1046 fingitura
281 970 482 1044 llontesquieu‚
499 974 618 1027 naturae
633 974 661 1027 et
676 973 794 1043 concept
796 969 824 1027 ui
836 968 1013 1027 auctoritatis
1022 982 1163 1039 repugna-

116 1074 146 1116 rc
162 1060 191 1130 ις
209 1061 285 1115 certe
299 1054 364 1113 talis
377 1069 430 1129 per
443 1069 475 1112 se
489 1058 541 1126 est,
558 1058 589 1111 ut
602 1069 660 1111 non
675 1053 759 1112 modo
775 1052 939 1112 coercendis
955 1048 1091 1110 abusibus
1102 1052 1162 1108 ino-

116 1147 164 1215 pta
178 1141 224 1213 sit,
236 1154 337 1199 uerum
348 1140 434 1198 etiam
443 1138 479 1196 iis
490 1138 619 1196 latiorem
628 1143 656 1197 et
665 1138 865 1212 ignobiliorem
875 1137 953 1196 viam
964 1137 1082 1211 aperiat.
1092 1137 1163 1195 Nam

117 1226 147 1283 iu
169 1225 270 1299 ommis
291 1238 375 1282 omne
397 1223 545 1282 vinculum
566 1222 674 1281 morale
696 1222 772 1281 inter
792 1222 929 1297 populum
953 1226 981 1281 et
1002 1220 1164 1295 principem

117 1309 268 1383 abrumpit,
285 1315 314 1366 et
329 1312 415 1366 totam
430 1322 511 1381 spem
527 1307 627 1365 salutis
640 1306 773 1381 publicae
787 1307 935 1381 iustaeque
946 1304 1166 1366 administratio-

116 1395 161 1453 nis
175 1394 206 1452 in
218 1408 297 1452 mero
311 1392 507 1451 mechanismo
523 1392 648 1451 collocat.
666 1392 700 1449 bt
719 1396 826 1463 contra,
848 1391 906 1449 vita
928 1391 1039 1449 socialis
1059 1408 1117 1453 non
1140 1394 1168 1452 ‘a

117 1477 258 1537 materiati
273 1480 415 1535 structura
430 1476 480 1534 sed
495 1492 512 1534 a
525 1476 674 1550 principio
689 1476 814 1549 quodam
829 1476 963 1548 organico
978 1478 1101 1549 petendu
1120 1484 1164 1536 cst

118 1567 145 1621 et
158 1576 243 1620 verae
257 1560 404 1619 cautiones
418 1573 470 1633 pro
485 1559 616 1618 libertate
631 1563 659 1617 et
674 1559 762 1617 tutela
772 1559 881 1618 lorium
895 1560 925 1619 in
940 1560 1163 1633 gubernantium

117 1646 276 1706 moralitate
289 1646 457 1704 consistunt.
474 1639 590 1718 Deinde,¹
603 1658 741 1717 compago
757 1644 805 1703 illa
819 1644 876 1703 buc
888 1644 985 1718 tendit,
1002 1650 1033 1702 ut
1047 1644 1165 1718 plurali-

118 1736 161 1789 tas
174 1731 205 1789 in
220 1730 353 1788 societate
375 1729 476 1787 evadat
494 1728 668 1803 principium
688 1743 856 1802 supremum
876 1728 993 1787 ordinis.
1015 1728 1086 1802 Ergo
1107 1730 1164 1788 buc

117 1816 215 1886 tendit,
232 1820 266 1873 ut
278 1815 322 1873 vis
338 1814 398 1873 loco
414 1814 486 1872 iuris
501 1813 704 1885 substituatur3
722 1812 864 1886 siquidem
877 1812 1033 1886 pluralitas,
1043 1829 1094 1871 seu
1105 1828 1164 1871 ma·

118 1901 162 1958 ior
174 1914 321 1970 numerus,
337 1914 390 1971 per
403 1913 434 1957 se
449 1913 506 1957 non
523 1896 651 1969 exhibet,
667 1896 724 1955 nisi
739 1897 808 1955 vim.
826 1897 915 1955 immo
931 1912 1016 1971 sacpe
1030 1897 1092 1971 lpse
1102 1898 1164 1973 plu·

118 1984 215 2042 ratitos
231 1983 329 2042 fictitia
342 1988 398 2054 θεῖς
415 1987 556 2055 qnatenus
571 1987 677 2040 terrore
692 1980 776 2040 bonis
791 1981 916 2055 incusso,
934 1988 962 2039 et
978 1983 1166 2042 audaciorum

119 2068 307 2143 quorumdam
322 2067 430 2125 adscite
444 2066 570 2139 licentia,
586 2066 703 2139 publica
718 2066 815 2139 opinio
830 2067 982 2125 simulatur
1001 2068 1046 2125 vel
1061 2068 1166 2141 decipi·

121 2159 181 2225 tur3
198 2157 283 2224 atque
296 2151 336 2208 ita
350 2149 434 2223 pauci
450 2153 570 2221 tantum,
587 2148 636 2221 qui
650 2149 848 2209 fraudulenter
857 2156 886 2209 et
897 2150 979 2211 malis
990 2151 1099 2210 artibus
1108 2153 1167 2211 sul-

119 2235 243 2308 lragiom
256 2233 352 2307 populi
367 2232 455 2290 semel
471 2230 666 2299 obtinuerunt,
688 2233 792 2292 durum
816 2235 994 2294 dominatum
1018 2244 1163 2297 exercent.

121 2320 211 2386 Quare
226 2317 416 2410 denuntiemus
427 2315 560 2374 iectionis
569 2316 690 2375 alicuius
702 2318 870 2391 plerumque
881 2320 1020 2378 terminus
1030 2322 1166 2381 estnuius

120 2404 229 2461 lormao
243 2399 391 2473 regiminis
406 2403 432 2457 2.

156 2487 204 2545 Est
217 2500 284 2544 uero
298 2489 435 2559 perpetua
458 2485 651 2545 contradictio
668 2486 739 2545 Nam
758 2484 842 2558 dicit
863 2500 893 2544 se
909 2486 979 2545 velle
995 2452 1165 2549 conservare

121 2572 230 2644 regiam
240 2574 423 2667 potestatem,
439 2572 489 2629 sed
500 2586 564 2629 eam
574 2571 610 2629 ad
625 2570 748 2628 nibilum
763 2570 879 2630 omnino
894 2572 1006 2645 redigit.
1023 2572 1114 2631 torol
1123 2574 1168 2632 ro'

122 2672 191 2730 oreo,
211 2657 290 2714 molo
309 2655 332 2713 il
349 2671 386 2713 ne
400 2671 546 2729 concerno
562 2672 631 2731 pur,
651 2656 732 2713 iuxta
753 2655 905 2714 turmulam
923 2656 1080 2715 Beniamlni
1100 2658 1168 2717 Cou-

123 2748 208 2801 stant.
228 2742 296 2801 Vult
308 2741 456 2800 immobile
479 2747 508 2801 et
522 2742 612 2800 baram
628 2742 799 2801 exercitium
820 2742 985 2823 executione
1007 2741 1166 2819 molestatio,

168 2887 179 2932 l
199 2886 260 2933 lianc
275 2885 424 2948 qaaestionem
438 2886 474 2931 hic
487 2886 639 2951 praeterimus,
651 2889 703 2950 qnia
713 2886 786 2950 aptius
797 2886 915 2948 agitabitur
924 2886 948 2934 in
959 2888 1078 2950 posteriore
1088 2888 1167 2951 cupite,

121 2967 237 3025 postquam
251 2961 350 3022 singulae
364 2961 415 3007 illoc
430 2961 554 3007 functiones
569 2963 682 3025 potestatis
697 2964 815 3025 explicatae
831 2968 903 3011 eruut.

168 3037 183 3081 2
199 3037 241 3082 Nec
257 3035 346 3081 obiicias
361 3035 483 3098 exemplum
498 3037 597 3100 Aeoliae,
615 3038 653 3083 nbi
667 3038 720 3084 hooc
736 3038 802 3101 mala,
814 3054 868 3101 queo
883 3039 907 3085 in
923 3039 973 3086 aliis
984 3040 1083 3103 Europae
1097 3040 1172 3101 regio·

121 3111 187 3160 nibus
201 3112 312 3158 evidenter
326 3118 450 3176 apparent,
477 3112 550 3158 minus
564 3114 645 3173 rigent.
670 3115 725 3159 Nam
740 3114 876 3160 conditiones
892 3114 951 3162 illim
974 3116 1058 3163 insulan
1073 3116 1172 3163 diuersae

122 3194 183 3250 saint,
200 3193 222 3233 ct
235 3188 326 3249 spiritus
346 3187 428 3233 formae
443 3186 556 3247 regiminis
571 3203 614 3233 non
631 3202 709 3251 parurn
724 3184 799 3234 ditiore
813 3189 840 3235 ab
854 3206 888 3253 oo,
907 3206 971 3253 quem
987 3190 1057 3237 bocio
1071 3192 1093 3237 ct
1110 3192 1172 3237 lion·

122 3263 222 3325 trsquicu
232 3263 378 3309 somniarunt.
391 3264 439 3317 Qun
459 3262 483 3308 in
494 3279 518 3308 re
534 3264 618 3323 egregio
634 3263 710 3310 Stahl:
731 3283 739 3305 n
763 3266 792 3309 La
808 3265 874 3311 teoria
889 3265 946 3325 degli
962 3267 1060 3313 Scrittori
1082 3266 1171 3330 inglesi,

126 3357 136 3381 ι
150 3337 256 3384 anrorchd
270 3338 360 3384 fundata
370 3354 396 3384 su
412 3337 484 3400 quella
495 3338 518 3384 di
528 3339 606 3402 holte,
623 3341 689 3385 dnon
701 3354 765 3385 meno
781 3338 904 3386 mocounica
919 3340 976 3387 detta
991 3342 1058 3387 teor-ia
1073 3342 1095 3386 di
1107 3342 1174 3387 Mon«

126 3435 135 3457 ι
155 3416 261 3477 tcsqniou.
279 3416 314 3460 bia
329 3416 363 3461 cio
378 3415 401 3461 in
418 3415 549 3476 Inghilterrn
564 3418 576 3462 d
590 3417 680 3477 nogione
690 3416 713 3462 di
727 3416 807 3462 minori
823 3417 900 3480 clenni,
922 3418 1000 3479 porchd
1016 3418 1046 3465 iai
1057 3420 1064 3464 i
1074 3419 1174 3483 rnpporti

126 3512 136 3534 ι
153 3490 312 3537 rostitnzionnli
330 3506 384 3537 sono
399 3490 476 3553 dapar
491 3497 548 3538 tutto
558 3497 698 3539 “altomonte
709 3492 847 3539 determinati
862 3508 874 3539 e
890 3494 1018 3541 consolidati
1034 3494 1091 3541 dallo
1106 3494 1175 3543 storia

126 3588 137 3612 a
154 3569 235 3616 adolla
249 3569 415 3631 consuetudine,
432 3583 444 3614 e
460 3569 482 3615 la
494 3569 565 3617 torm«
581 3586 593 3616 e
612 3570 677 3617 modo
687 3570 711 3617 di
725 3571 810 3633 parlaro
821 3569 987 3634 parlamentum,
1004 3571 1046 3618 bon
1060 3571 1122 3633 iungi
1137 3572 1175 3619 dal

128 3664 137 3687 ι
155 3644 320 3707 corrispondcre
330 3661 344 3691 a
354 3649 430 3706 questo
445 3650 543 3691 concetto
562 3645 695 3707 inuocantes,
715 3647 808 3707 aprime
828 3646 933 3708 pinttosto
947 3646 1012 3693 l’ider
1028 3646 1051 3693 dt
1065 3662 1110 3693 ona
1123 3662 1176 3693 mo·

129 3740 138 3763 ι
156 3722 245 3769 norchia
255 3738 307 3769 vern
317 3721 344 3767 ed
355 3722 465 3783 organica,
478 3722 527 3767 anzi
538 3722 561 3767 in
570 3722 636 3783 grado
651 3720 718 3767 molto
732 3721 841 3783 manatura
855 3720 895 3767 obe
908 3737 953 3769 non
969 3722 1033 3769 esisto
1043 3721 1171 3771 reslmonto.

126 3816 135 3838 ι
153 3797 180 3845 dl
194 3798 302 3845 contrario
312 3799 336 3843 in
352 3797 443 3843 Francia
458 3812 470 3842 e
484 3796 509 3841 in
524 3797 648 3861 Germania,
663 3797 718 3846 doro
729 3797 748 3842 si
759 3799 771 3841 d
781 3812 861 3845 ancora
870 3797 905 3843 rnl
915 3802 984 3861 punto
994 3797 1017 3843 di
1029 3798 1174 3847 determinare

129 3888 138 3914 ι
157 3871 163 3916 i
177 3874 275 3935 rapporti
285 3872 444 3919 costitnzionali
455 3887 500 3917 non
511 3871 530 3917 si
543 3871 572 3918 ba
586 3870 688 3936 riquardo
704 3871 743 3919 cbo
754 3870 796 3919 alta
806 3888 861 3939 pura
875 3871 979 3923 dotrina.
1000 3892 1008 3919 ι
1021 3876 1102 3925 stoma
1112 3875 1176 3933 detta

126 3948 175 3999 Fit.
188 3948 226 3997 oet
239 3948 324 3999 detto
337 3964 382 3998 eoo.
398 3948 414 3997 l.
431 3949 455 4017 l,
472 3962 514 3996 sec.
530 3948 554 3997 2.
