2767 4492
220 395 253 443 vr
658 389 825 438 pataream

223 487 325 568 mapis
336 485 473 565 interest,
487 503 521 549 eo
534 483 707 551 maioribus
717 481 946 566 difficultatibus
959 481 1102 563 afficitur.
1114 467 1258 546 Nomin-

222 587 365 654 credibile
379 595 422 653 ert
435 593 625 671 quantopere
638 589 744 651 omnia
755 584 978 667 propemodum
989 600 1131 647 errorum
1146 599 1260 664 acuero
1368 578 1382 640 ·'

224 681 712 757 baucnobilissimamscientiam
726 689 973 772 appredianturr
990 689 1074 768 eique
1083 705 1147 751 nou
1159 685 1260 750 solum

219 795 253 860 ai
268 803 296 860 et
310 803 419 878 aperta
433 796 676 878 oppupnatione,
694 794 746 858 sed
761 794 855 857 etiam
869 792 984 874 [raude
1002 800 1031 856 et
1050 791 1161 872 fucata
1178 791 1259 854 ami·
1381 820 1382 849 ;

221 898 312 964 ciliae
326 900 425 980 specie
448 900 608 963 interitum
622 905 746 979 parent.
768 895 841 961 Vere
864 897 925 961 dici
936 905 1037 978 potest
1057 895 1180 960 nullum
1199 912 1260 958 esse

222 1001 367 1066 delirium
382 1011 438 1081 aut
452 1002 549 1066 scelus
565 1051 573 1080 ‚
591 1009 702 1066 nostro
714 1000 896 1082 praesertim
911 1007 1012 1065 aetate
1030 999 1113 1081 quod
1127 998 1262 1079 pbiloso·
1342 1042 1346 1051 .

218 1105 313 1186 pbioe
328 1106 451 1169 nomine
462 1121 526 1169 nou
541 1105 704 1184 abutatur,
718 1103 859 1186 quodque
875 1103 1006 1168 iusidias
1018 1120 1083 1167 nou
1096 1102 1262 1166 meditetur

223 1206 371 1271 moereas
387 1207 537 1290 quidqud
550 1224 658 1272 oerum
672 1214 716 1270 est
734 1215 763 1271 et
777 1214 935 1270 sanctum.
953 1205 993 1269 In
1008 1222 1077 1269 eam
1090 1222 1166 1270 sone
1181 1197 1266 1266 inci-'

225 1308 325 1374 dimus
341 1318 513 1392 temporum
529 1310 750 1386 calamitatem,
766 1315 803 1372 ut
817 1326 907 1371 nemo
920 1308 986 1388 fere
1004 1315 1068 1372 tam
1083 1307 1207 1388 lynceus
1222 1307 1262 1369 sit
1371 1385 1373 1388 .

185 1477 188 1484 ,
224 1419 253 1475 et
266 1411 411 1492 prudens,
429 1414 484 1493 qui
496 1412 578 1477 nibil
593 1413 627 1476 in
643 1414 702 1476 bac
714 1409 873 1475 salebrosa
886 1411 939 1476 oia
955 1409 1102 1495 alludat,
1119 1417 1175 1474 aut
1186 1427 1261 1472 nus-

224 1531 320 1595 quam
331 1517 483 1579 incurrat.
498 1513 627 1578 Videant
640 1514 750 1593 ipitur,
761 1513 816 1595 qui
831 1530 931 1577 cereos
943 1512 1182 1577 adolescmtium
1191 1512 1262 1574 arti-

226 1633 293 1680 mos
305 1618 363 1680 bac
373 1617 795 1697 praestantissimascientia,
806 1616 859 1680 sed
871 1614 964 1679 simul
974 1615 1184 1694 periculorum
1193 1615 1263 1695 ple-

226 1733 287 1790 na,
305 1717 484 1781 imbuendos
498 1717 670 1799 suscipiunt
686 1737 697 1789 ‚·
716 1718 863 1795 rideant,
887 1718 1037 1799 inquam,
1055 1725 1189 1798 quantus
1205 1717 1263 1780 do-

228 1819 347 1882 ctrinae
363 1819 493 1884 delectus
510 1819 667 1885 babendus
682 1821 732 1895 sit,
746 1839 784 1886 ne
797 1839 856 1903 pro
869 1821 1006 1886 salutari
1018 1818 1135 1902 pabulo
1146 1838 1263 1886 veneria

227 1923 448 2002 propinentur,
462 1924 572 2004 auibus
592 1925 730 2007 deinceps
746 1923 930 2006 repellendis
945 1925 1045 1988 natio
1061 1941 1104 1988 an
1118 1923 1187 1988 ulla
1201 1942 1264 1989 me-

230 2023 390 2089 dicamina
405 2034 577 2108 suppetent.

278 2127 364 2194 Illud
377 2131 573 2211 potissimum
586 2133 761 2198 curandum
775 2139 830 2210 at,
841 2141 877 2197 ut
891 2134 972 2197 iuter
983 2129 1121 2213 Scyllam
1135 2140 1164 2196 et
1180 2130 1264 2196 cba-

231 2231 355 2314 rpbdim
373 2235 508 2298 medium
525 2243 663 2300 teneatur
680 2238 750 2313 iter,
767 2237 919 2300 nimirum
932 2245 969 2300 ut
980 2237 1042 2301 duo
1057 2237 1114 2300 illa
1125 2245 1265 2301 extrema

230 2329 449 2399 Rationalismi
465 2345 493 2400 et
512 2335 798 2415 Traditionalismi‚
819 2357 914 2420 aeque
934 2339 1048 2419 infesta
1070 2339 1189 2415 menti,
1208 2356 1263 2400 co-

228 2445 361 2503 mantur
369 2460 381 2514 ,·
399 2457 533 2522 quorum
553 2441 632 2507 alter
651 2443 784 2506 rationis
806 2442 910 2506 lumen
924 2459 979 2523 per
992 2459 1025 2506 se
1040 2445 1147 2506 omnia
1160 2459 1262 2521 posse,

231 2538 310 2604 alter
328 2541 407 2606 nibil
428 2561 516 2624 posse
535 2543 830 2609 deuteteronomio
849 2546 923 2608 baec
939 2545 1078 2608 absurda
1100 2544 1264 2624 capitalem

232 2641 332 2706 labem
346 2645 464 2710 rationi
479 2646 627 2731 effuant,
650 2657 677 2712 et
694 2648 847 2712 iniuriam
864 2648 992 2729 benefico
1004 2663 1110 2710 rerum
1124 2649 1266 2711 omniam-

199 2815 202 2822 ι
227 2740 355 2810 ductori
369 2748 524 2830 irrepant.
539 2751 667 2815 Primus
684 2753 766 2814 enim
782 2750 914 2814 bominis
929 2751 1007 2812 oires
1020 2757 1203 2830 raappmat,
1215 2767 1264 2813 se-

230 2848 348 2914 cundus
363 2849 399 2914 de
413 2853 517 2933 produ
532 2853 643 2918 delicit.
662 2854 720 2919 ille
734 2853 847 2932 Deum,
863 2848 1068 2916 scientiarum
1083 2847 1261 2925 dominum,

228 2960 362 3017 amente
380 2962 535 3027 remeatis
553 2957 601 3020 bia
617 2954 716 3020 Deum
728 2956 776 3020 ita
790 2955 920 3028 reducit,
939 2963 974 3018 ut
992 2962 1123 3016 mentem
1140 2954 1263 3034 ipram,

232 3058 415 3137 quoeillum
430 3067 612 3141 susceptura
626 3070 687 3137 est,
704 3061 880 3124 subtrabat.
904 3059 1033 3140 Uterque
1046 3066 1195 3123 naturam
1209 3077 1266 3125 ra-

233 3159 325 3224 tionis
339 3163 528 3244 pessumdat,
547 3181 674 3244 tamque
690 3171 746 3226 aut
763 3165 903 3228 diuinam
918 3169 974 3226 aut
989 3162 1111 3226 nullam
1125 3164 1224 3244 efficit.

275 3259 349 3326 Sine
358 3263 435 3338 Deo,
448 3266 502 3346 qui
518 3264 736 3345 intellipeutt'ae
750 3266 797 3328 sol
809 3274 865 3344 est,
877 3265 1097 3344 iuteltipentiae
1110 3268 1176 3329 cita
1191 3281 1265 3346 ope·

234 3365 377 3447 ratioque
396 3365 483 3432 nullo
503 3368 594 3432 modo
613 3375 670 3431 aut
688 3384 852 3447 perperam
870 3366 1068 3447 eecplioaturs
1086 3376 1120 3432 at
1135 3369 1200 3431 siue
1214 3368 1265 3432 lu-

230 3468 314 3531 mine
332 3468 367 3531 iu
385 3469 456 3549 ipsa
478 3471 697 3551 iutellipentiae
710 3478 828 3533 natura
842 3469 956 3550 insito,
978 3487 1016 3533 ue
1036 3469 1121 3534 Deus
1142 3471 1267 3552 quidem

232 3569 353 3636 anobis
369 3569 509 3654 dionosti
519 3581 632 3655 posset.
653 3573 799 3653 Turpiter
808 3573 907 3654 ipitur
917 3572 976 3636 sibi
989 3573 1143 3647 illuderet,
1158 3574 1213 3655 qui
1224 3572 1268 3636 ad

229 3691 329 3738 unum
346 3674 563 3742 declinandum
578 3681 725 3748 errorem,
743 3676 777 3739 in
792 3676 926 3740 alterum
940 3675 1039 3740 abiret
1049 3692 1211 3757 praeceps.
1230 3672 1269 3738 Si
1377 3663 1381 3670 ’

228 3775 340 3842 stultus
355 3785 400 3842 est
411 3781 465 3861 qui
477 3779 593 3844 donum
605 3779 648 3843 od
657 3779 824 3844 donantem
842 3796 907 3843 nou
918 3778 1032 3860 resert5
1048 3779 1171 3860 sapiens
1182 3792 1264 3858 pro-

189 3909 192 3916 ,
229 3877 308 3964 fecto
325 3879 385 3946 dici
398 3883 525 3968 nequit,
543 3883 598 3968 qui
607 3929 617 3960 ,
634 3889 670 3949 ut
686 3882 855 3950 donantem
870 3881 1014 3965 extollat,
1029 3881 1149 3948 donum
1162 3880 1267 3965 ipsum

229 3983 359 4096 rapuit.
