2767 4492
228 301 292 395 ‘ato
437 312 439 318 ¹
677 345 840 393 mmmm

240 431 392 491 dicendum
407 435 459 490 eat.
476 429 627 490 Vinculum
641 430 735 503 onim,
757 445 814 504 quo
828 431 882 488 bae
897 429 1045 501 uniuntur,
1062 429 1164 487 nunus
1178 431 1226 487 est
1240 443 1288 486 ar·

240 518 331 585 ctum;
352 515 418 572 tinia
431 529 514 586 vero,
535 527 627 586 aquo
647 527 749 571 norma
768 513 917 585 regiminis
937 511 1113 582 desumitur,
1135 511 1288 569 internam

239 597 376 670 cuiusque
392 597 563 671 reipublicae
572 595 845 655 administrationem
859 595 979 654 minime
992 595 1151 674 ingreditus
1165 594 1219 652 aed
1233 608 1288 651 cx·

240 680 356 739 teriorer
376 681 524 740 dumtaxat
538 684 683 754 respectus
697 679 872 750 moderatur,
886 679 996 752 quibus
1009 678 1142 737 nationes
1155 677 1286 735 inuicem

240 762 412 824 reicmntur.
437 763 577 822 Iudicium
598 767 693 822 autem
712 765 822 821 certum
836 766 865 820 et
882 761 1029 820 criterium
1043 758 1288 834 independentiac

240 846 343 906 exinde
361 848 495 919 babetur,
508 847 582 920 cuod
600 861 670 918 gens
689 845 786 918 aliqua
808 845 930 918 propriis
948 843 1059 916 iegibus
1078 859 1110 901 ae
1123 842 1287 916 gubernet,

238 945 292 988 noc
306 930 368 990 cius
381 935 485 990 statuta
499 930 594 990 civilia
611 945 629 988 a
643 927 789 1003 superiore
803 928 899 1002 euque
915 927 1031 1002 politica
1051 927 1227 985 autmutate
1239 939 1287 983 re·

240 1013 333 1072 scindi
345 1013 463 1087 possint.
480 1013 509 1072 td
523 1017 619 1072 autem
634 1028 685 1087 pro
699 1027 814 1086 quiaque
827 1016 911 1085 gente
920 1017 1030 1070 sartum
1044 1016 1211 1084 tectumque
1224 1023 1287 1066 ma·

239 1097 327 1156 netin
343 1097 551 1156 consociatione
563 1095 791 1168 intemationali,
807 1111 881 1168 quae
898 1095 1017 1168 proinde
1035 1094 1219 1167 singtdarum
1234 1107 1287 1151 na-

238 1180 348 1240 tionum
361 1179 596 1253 independentiae
610 1178 683 1238 nibil
697 1179 847 1238 detrahere
861 1177 981 1236 dicenda
995 1181 1048 1236 est.

275 1263 363 1322 immo
373 1264 460 1322 etiam
474 1262 614 1322 eiusmodi
624 1260 1002 1337 independentiaroboratur
1016 1260 1111 1333 potius
1124 1263 1156 1318 et
1166 1259 1288 1319 validis-
1375 1276 1377 1279 ·

240 1346 313 1405 sima
323 1349 445 1420 quadam
460 1346 547 1404 tutela
558 1347 693 1406 sancitur.
707 1346 778 1405 Nam
792 1359 859 1403 cum
873 1344 982 1403 fructura
996 1343 1219 1402 consociationis
1226 1358 1288 1402 non

239 1430 356 1488 ultimus
375 1431 412 1489 sit
430 1430 523 1488 cautio
538 1430 718 1503 propriorum
738 1428 846 1487 iurium
859 1428 954 1501 quoad
975 1426 1158 1486 existentiam
1171 1427 1288 1500 potiam-

240 1525 321 1570 mum
336 1518 364 1572 et
378 1511 588 1586 proprietatem,
606 1511 760 1571 existentia
774 1508 870 1570 antem
891 1515 921 1569 et
934 1510 992 1568 vita
1005 1509 1290 1583 rerumpublicarum

239 1597 270 1654 in
285 1595 505 1669 independeutiu
514 1595 680 1669 collocatum
695 1595 854 1654 incidenter
868 1597 985 1667 apparet
994 1593 1031 1651 ad
1040 1594 1130 1651 fluam
1140 1593 1289 1651 societatis

239 1679 467 1738 internetionalia
478 1679 604 1739 maxime
614 1676 1027 1753 pertinereutiudependentia
1037 1677 1179 1748 omnaque
1188 1677 1291 1751 genus

240 1767 269 1822 ct
283 1777 353 1821 usus
367 1763 483 1836 iurium,
500 1778 572 1835 quae
587 1762 656 1822 inde
670 1762 827 1833 dimanant,
843 1759 996 1819 incolumis
1005 1765 1190 1818 conservetur
1206 1762 1233 1818 ⁴.

276 1845 339 1904 236.
358 1846 513 1918 Quoniam,
532 1851 562 1903 ut
576 1845 653 1916 dixi,
667 1843 876 1903 consociatione
891 1843 945 1901 trac
958 1843 1088 1915 gentium
1100 1844 1223 1916 propria
1236 1857 1287 1902 na

242 1928 341 1989 tionun
361 1927 579 2001 independentia
599 1942 656 1985 nou
678 1927 821 2000 demitur;
839 1927 963 2000 proiecto
981 1925 1103 1984 notescit
1119 1940 1160 1984 ex
1177 1941 1217 1985 ea
1229 1941 1287 1985 non

242 2014 350 2072 Statum
361 2013 512 2086 quemdam
523 2010 673 2084 politicum
684 2011 838 2085 efformari,
847 2011 898 2089 sed
907 2012 1001 2085 potius
1009 2010 1289 2070 confoederationem
1363 2056 1377 2072 .

241 2096 366 2168 aliquam
386 2096 512 2152 statuum
523 2093 712 2162 diversorum,
728 2110 785 2154 uon
795 2110 875 2154 mera
885 2098 1056 2153 tractatuum
1069 2094 1127 2152 tide
1141 2093 1290 2152 sedrerae

240 2178 389 2235 cuiusdam
404 2177 579 2240 auctoritatis
594 2179 734 2251 regimine
749 2178 943 2237 nitentemiit
956 2191 1035 2250 sanc,
1046 2177 1123 2250 quod
1133 2177 1290 2236 auctomtas

154 2287 161 2302 ·
240 2259 380 2333 quaradam
402 2261 563 2320 necessaria
582 2261 638 2334 sit,
655 2261 770 2320 nemini
789 2261 910 2320 dubium
930 2276 993 2320 esse
1015 2264 1119 2333 potest,
1144 2261 1288 2333 siquidem

241 2340 380 2402 stabilitas
394 2343 503 2402 ordinis
517 2347 546 2404 ct
555 2343 725 2404 harmonica
738 2344 863 2417 partium
876 2344 1048 2416 conspiratio
1060 2341 1163 2401 haberi
1175 2343 1288 2417 nequit,

242 2424 303 2486 siue
318 2427 428 2485 unitate
446 2427 542 2502 aliqua
563 2433 591 2486 et
606 2428 748 2502 principio
767 2427 884 2499 ordinis,
904 2427 981 2500 quod
1000 2426 1166 2485 cantarem
1182 2426 1290 2485 baben

241 2509 451 2568 determinandi
464 2511 560 2571 media
573 2526 648 2586 quae
664 2511 702 2570 ad
716 2511 806 2570 tinem
817 2510 1024 2570 conducautet
1037 2509 1175 2570 socialem
1189 2525 1289 2585 opera·

242 2593 348 2652 tionem
362 2595 585 2667 praescribendi.

278 2679 330 2748 nt,
345 2681 464 2749 quaeret
482 2677 603 2750 abonis,
621 2679 652 2737 in
673 2693 729 2752 quo
743 2679 871 2738 subiecto
886 2680 959 2738 hacc
976 2682 1103 2753 potestas
1117 2679 1295 2739 naturaiiter

241 2759 393 2818 residebit.t
408 2761 530 2834 sepono,
546 2761 577 2819 id
585 2761 711 2834 pendere
726 2777 895 2821 aconsensu
911 2763 1063 2821 nationum
1077 2777 1153 2836 quae
1163 2763 1292 2823 invicem

242 2843 393 2901 motantur.
411 2843 479 2901 Cum
493 2843 571 2902 euim
591 2845 717 2917 perfecta
731 2844 888 2918 moralitas
905 2846 942 2904 sit
956 2846 1031 2905 inter
1048 2845 1125 2917 illas;
1144 2847 1293 2905 nonmma

241 2925 331 2984 libera
344 2926 510 2984 carumdem
524 2927 668 2986 volontate
684 2929 837 3002 procedere
851 2932 943 3000 potest
957 2934 1057 2986 utuna
1071 2927 1234 3001 autpiurcs
1246 2943 1293 2988 oc

242 3008 309 3068 teris
323 3009 524 3081 praeficiantur
536 3015 622 3083 atque
637 3011 673 3068 ad
691 3011 834 3083 regendas
848 3010 921 3084 alias
929 3011 1118 3083 destinentur,
1134 3017 1294 3085 acutaeque

242 3105 340 3150 omnes
354 3091 480 3150 eiusdem
494 3093 670 3152 auctoritatis
683 3093 742 3152 sint
762 3093 920 3166 participes
931 3093 962 3151 in
978 3092 1101 3152 comitiis
1115 3094 1295 3166 quibusdam

241 3173 433 3246 generalibus.
449 3173 630 3250 Quapropter,
642 3181 726 3249 prout
739 3176 902 3235 nationibus
914 3177 1066 3250 placuerit,
1076 3176 1233 3250 regiminis
1248 3181 1292 3236 in·

243 3255 541 3316 ternatioualisiorma
550 3258 725 3332 essepoterit
736 3258 920 3318 monarchica
936 3259 1084 3318 autetiam
1095 3259 1293 3333 polyarchiee.

286 3410 298 3454 t
315 3409 418 3472 Apposita
433 3411 580 3473 Tapareiliua:
601 3432 609 3454 ι
628 3413 647 3459 ii
664 3413 739 3459 diritto
753 3413 829 3460 civico
845 3428 858 3460 e
873 3413 890 3459 ii
904 3413 973 3462 cirico
988 3429 1077 3477 operare
1095 3413 1199 3460 debbono
1214 3416 1296 3462 mirare

243 3506 251 3524 ι
271 3486 293 3530 in
304 3485 374 3546 primo
388 3485 453 3547 luogo
466 3486 494 3535 ad
510 3487 631 3534 maicuraro
649 3502 663 3534 a
678 3487 766 3533 ciascun
787 3487 892 3534 amooiato
907 3488 928 3533 ia
943 3503 984 3536 aua
1007 3489 1126 3536 crismon:
1145 3489 1177 3549 pti
1190 3490 1297 3535 mcthti

245 3581 252 3598 ι
271 3559 327 3604 «tatia
341 3559 451 3605 etnarcbia
465 3559 555 3606 essendo
571 3561 666 3624 nationi,
681 3561 703 3607 la
717 3561 786 3608 civica
799 3561 928 3624 opmamonc
950 3562 975 3607 di
986 3562 1015 3608 lei
1030 3561 1096 3608 doni
1112 3562 1205 3624 danque
1215 3564 1297 3609 mirare

245 3653 252 3672 ι
269 3648 281 3678 a
296 3633 378 3678 salvare
393 3649 405 3679 r
421 3635 523 3683 ciascuna
544 3635 634 3682 nacione
655 3636 678 3682 la
692 3650 732 3681 aaa
747 3635 860 3683 asistebat.
883 3638 914 3682 Or
942 3635 964 3683 t·
983 3637 1090 3683 asistere
1105 3636 1129 3682 dt
1144 3642 1190 3684 un'a
1205 3639 1299 3684 namus

244 3713 256 3745 ι’
271 3706 326 3751 nitro
337 3721 380 3752 non
395 3707 486 3754 mendo
496 3707 535 3754 che
549 3708 668 3754 l’attnaliti
683 3709 718 3756 det
729 3724 768 3755 suo
778 3724 858 3772 aare,
873 3710 908 3772 pei
920 3711 992 3772 quate
1003 3711 1045 3757 ella
1061 3712 1170 3757 esociatd
1187 3711 1297 3775 indipen—

246 3797 254 3814 ι
271 3779 343 3839 ‹iente,
361 3780 382 3824 to
396 3795 461 3840 scopo
475 3780 526 3826 dett’
533 3796 623 3842 operare
638 3783 762 3829 etnarcbico
778 3785 827 3829 sari
843 3784 866 3829 di
879 3799 1008 3831 contenere
1024 3785 1151 3830 aciamuua
1162 3783 1223 3830 datie
1236 3787 1298 3846 perti

142 3881 146 3888 .
248 3865 257 3886 ι
275 3851 377 3895 associate
390 3852 411 3896 ta
426 3867 464 3897 sna
478 3853 540 3898 uniti
556 3856 642 3902 interna
658 3857 701 3903 eia
716 3872 755 3903 sna
769 3863 858 3904 nunna
872 3858 1041 3919 indipendanza.
1058 3878 1067 3900 ι
1084 3859 1171 3916 Saepto
1185 3861 1298 3907 teoracia

245 3931 288 3960 occ.
303 3921 395 3965 bissem.
408 3923 446 3983 v1,
463 3940 482 3969 c.
499 3926 523 3986 5,
535 3933 576 3974 art.
585 3929 608 3972 i.
