2767 4492
530 229 609 280 rums
627 214 783 282 nuruum
998 209 1001 217 ’
1120 219 1172 284 aut

156 315 220 383 209.
238 315 272 382 Ut
285 321 382 396 itaque
397 317 501 380 dehac
516 336 547 380 rc
566 319 674 394 aliquid
688 320 860 395 delibemus,
878 311 910 380 i'n
923 320 1026 397 primis
1039 335 1094 380 ceu
1108 321 1171 380 fun·

116 409 288 467 dementum
307 405 510 466 stabiliendum
530 409 592 479 est,
610 409 717 464 sartam
738 409 898 480 tectamque
917 406 1026 467 serrari
1039 411 1170 481 oportere
1229 416 1232 422 ’

115 497 252 552 mutuum
266 491 408 552 Ecclesiae
433 496 461 550 et
477 491 571 550 Status
594 489 703 564 politici
726 490 977 565 independentiam
1001 491 1171 566 inproprie

116 577 271 651 utriusque
285 577 394 636 ordine.
411 576 547 650 Utrinque
563 575 641 635 enirn
659 575 779 634 societas
800 575 966 635 efformatus
987 591 1053 635 cum
1069 575 1170 636 distin-

118 668 167 721 cto
184 663 251 736 dne,
268 663 404 722 distincta
417 663 546 736 origine,
565 662 700 721 distincta
712 665 874 735 potestate,
891 661 1032 720 distinctis
1046 662 1166 722 iuribus.

119 748 218 806 Status
233 749 312 808 enim
325 747 458 822 politicus
473 763 490 806 a
506 747 562 808 ileo
577 746 705 822 procedit
718 746 748 806 ri
761 752 901 819 naturae,
920 744 975 804 sub
990 745 1082 804 forma
1096 762 1170 820 quse

118 833 157 891 ab
174 833 339 892 hominibus
354 833 570 907 determinatum
588 832 729 908 praesidia
742 831 860 906 respicit
873 829 1048 904 materialia,
1064 830 1169 903 pullum

118 932 238 991 egemus
253 933 304 992 pro
320 919 374 977 lroc
389 919 464 991 rite3
482 919 627 978 actionum
642 922 830 977 externarum
844 914 980 976 cancellis
995 914 1166 990 continetur,

118 1003 287 1062 facultatem
301 1003 389 1062 habet
403 1003 548 1063 efficiendi
571 1003 710 1078 quidquid
725 1003 761 1061 ad
786 1008 931 1062 terrenam
946 1000 1109 1060 felicitatem
1124 1015 1169 1059 so·

118 1087 232 1146 ciorum
247 1089 365 1147 confert.
383 1089 425 1147 Ex
437 1090 565 1163 opposito
580 1089 707 1148 Ecclesia
721 1089 805 1148 allec
820 1088 947 1147 dimanat
961 1087 991 1146 in
1006 1085 1106 1145 ordine
1121 1101 1168 1144 su·

117 1171 305 1244 pernatumli,
322 1172 375 1230 sub
390 1173 481 1232 forma
496 1174 532 1231 ab
548 1173 609 1247 ipso
625 1173 735 1232 Christo
750 1173 953 1245 determinata3
971 1171 1169 1231 immediatae

117 1255 176 1334 Deo
199 1257 301 1330 repetit
316 1262 500 1330 potestatem,
516 1273 590 1332 quse
614 1258 695 1316 Petro
717 1263 827 1316 tantum
846 1262 875 1316 et
898 1256 1036 1331 Apostolis
1056 1269 1167 1315 eorum·

117 1355 176 1409 nne
191 1342 404 1402 successoribus
419 1342 520 1402 collatu
535 1347 587 1416 est;
606 1359 657 1417 pro
673 1344 731 1401 fine
745 1342 833 1402 habet
846 1341 896 1400 Dei
910 1341 1031 1415 gloriam
1050 1345 1078 1398 et
1092 1340 1167 1398 selu·

121 1430 178 1481 tem
194 1424 374 1500 animarum3
393 1428 430 1485 ad
444 1428 569 1487 actiones
583 1443 641 1487 uon
660 1428 747 1486 modo
761 1433 894 1486 externas
909 1427 960 1486 sed
978 1426 1065 1484 etiam
1079 1424 1167 1483 inter·

118 1523 173 1586 nps
189 1510 294 1569 directe
309 1527 340 1570 se
354 1513 481 1587 porrigit,
495 1529 528 1572 ac
543 1513 708 1572 facultatem
722 1512 809 1571 hehet
823 1511 966 1571 efficiendi
976 1509 1115 1585 quidquid
1130 1508 1167 1568 ad

119 1594 229 1652 cultum
245 1595 295 1656 Dei
313 1601 342 1656 et
360 1599 613 1658 sanctificationem
627 1598 777 1658 hominum
792 1597 986 1657 necessarium
1008 1601 1060 1655 aut
1079 1595 1167 1654 etiam

119 1685 309 1752 opportunum
324 1681 370 1740 sit.
388 1683 479 1751 Quare
489 1683 622 1755 Ecclesia,
635 1683 859 1758 independenter
873 1683 980 1741 aStatu
994 1681 1117 1756 politico,
1131 1682 1163 1740 iu

120 1777 172 1822 suc
187 1765 285 1823 ordine
300 1766 453 1840 imperium
468 1769 617 1826 constituit
631 1783 681 1842 per
700 1785 731 1827 se
745 1768 913 1842 subsistens,
929 1767 1002 1826 nulli
1017 1765 1099 1825 alteri
1116 1780 1165 1838 po·

120 1847 213 1907 testati
228 1849 397 1925 subiectum,
414 1851 503 1912 immo
522 1852 623 1913 ceteris
639 1851 773 1912 omnibus
786 1853 935 1912 nobilitate
949 1855 1114 1926 praecisum
1129 1850 1167 1909 si-

119 1933 236 2005 quidem
250 1935 321 1994 nilril
336 1936 413 1994 aliud
428 1953 528 1996 revera
543 1944 594 2010 est,
610 1938 667 1997 nisi
678 1939 777 2013 ipsum
789 1939 836 1998 liei
850 1953 971 2013 regnum
982 1938 1014 1996 in
1029 1936 1112 1996 terris
1126 1935 1165 1995 ri-

118 2017 210 2091 sibile,
227 2035 348 2093 regnum
363 2022 508 2080 caelorum
522 2023 596 2081 inter
613 2023 745 2083 homines
759 2025 956 2084 constitutum.

154 2102 242 2172 Hinc,
259 2109 291 2161 ut
310 2105 403 2162 Status
417 2105 549 2177 politicus
567 2105 599 2164 in
617 2108 749 2180 propriae
763 2110 933 2168 efficientiae
952 2123 1022 2183 gyro
1038 2105 1163 2168 liberum

119 2187 288 2244 exercitium
303 2203 372 2246 suae
386 2189 551 2261 potestatis,
567 2205 641 2262 quae
657 2193 816 2263 praepediri
831 2209 890 2251 non
904 2193 1015 2264 debeat,
1032 2194 1094 2252 iure
1108 2192 1164 2252 sibi

120 2269 261 2343 adsciscit,
279 2270 320 2328 sic
334 2272 419 2330 edam
430 2272 554 2332 Ecclesia
568 2273 631 2331 iure
644 2273 700 2332 sibi
714 2274 843 2333 vindicat
852 2276 975 2335 similem
985 2277 1161 2348 facultatem,

120 2368 192 2426 qrrae
206 2353 237 2412 iu
251 2353 357 2415 circulo
371 2357 502 2431 propriae
517 2357 668 2416 activitatis
683 2373 715 2416 se
729 2357 819 2416 libere
839 2358 964 2431 explicet
979 2364 1008 2417 et
1019 2365 1163 2432 operetur,

119 2438 150 2497 ln
165 2439 218 2498 lroc
237 2441 339 2500 ambae
360 2443 507 2503 societates
527 2444 660 2518 aequales
681 2442 800 2503 omnino
820 2450 887 2502 sunt
904 2444 979 2501 inter
992 2459 1043 2516 ee,
1065 2446 1163 2503 necin

120 2523 253 2584 exercitio
269 2528 447 2602 propriorum
462 2528 569 2588 furium
578 2545 637 2588 una
652 2530 688 2588 ab
700 2529 756 2588 alia
770 2528 896 2603 pendere
905 2527 963 2586 dici
978 2534 1078 2601 potest,
1091 2526 1163 2598 puin

120 2609 251 2684 continuo
269 2613 417 2686 utriusque
435 2615 578 2675 distinctio
599 2615 713 2674 tollatur
733 2619 762 2673 et
781 2613 870 2672 altera
889 2629 944 2672 ceu
962 2627 1029 2687 pars
1044 2611 1162 2670 alterius

27 2743 28 2778 3
120 2695 321 2763 consideretuu
338 2701 412 2773 quod
429 2717 515 2773 qnam
529 2700 634 2760 fulsum
649 2701 695 2772 sit,
708 2700 778 2759 satie
792 2699 968 2760 ostendimus
978 2711 1031 2756 nec
1042 2696 1161 2756 ulterius

27 2837 28 2844 ,
120 2784 182 2852 eget
195 2781 354 2842 collustrari
369 2786 393 2835 t.
411 2784 545 2845 Homines
559 2801 626 2846 reno
647 2785 754 2859 singuli
773 2786 886 2845 diuerso
904 2790 1035 2859 respectu
1048 2782 1161 2856 utrique

127 3037 131 3044 Ι
162 2975 173 3024 i
192 2975 224 3027 ll
239 2977 295 3028 hanc
308 2977 416 3031 Ecclesiae
425 2981 619 3048 ¹iulioponrienfirrn
633 2983 746 3033 futsndsm
765 2989 787 3033 et
800 2981 887 3050 publice
909 2979 1066 3032 ostendendam
1080 2980 1162 3045 optime

27 3097 28 3102 ,
119 3057 207 3122 confert,
225 3059 291 3106 immo
309 3061 374 3107 etium
389 3063 536 3109 necessarium
553 3069 593 3127 cst,
615 3069 640 3110 ut
655 3079 770 3126 supremos
791 3063 839 3110 mus
853 3063 967 3125 Princeps,
984 3077 1055 3123 aquo
1072 3059 1161 3106 undem

27 3199 28 3204 1
117 3135 215 3181 universo
229 3135 312 3198 regitur
327 3137 431 3201 Ecclesia,
447 3137 521 3185 sedem
531 3138 562 3184 tlt
580 3139 666 3203 hsbmt,
684 3139 722 3186 ubi
743 3139 804 3186 nulia
821 3139 865 3186 aiis
874 3137 1000 3200 temporalis
1009 3141 1105 3198 potatu
1121 3149 1162 3182 Μ

119 3209 201 3258 interna
216 3227 257 3258 nec
268 3217 354 3260 externa
369 3213 501 3262 dominetur.
518 3215 589 3281 Queri,
602 3221 626 3262 ut
640 3223 719 3280 palens
733 3231 772 3280 per
782 3233 806 3264 se
816 3221 857 3280 est,
876 3231 922 3262 non
936 3215 999 3260 aliter
1009 3213 1103 3260 obtineri
1117 3229 1161 3275 pe·

119 3289 165 3349 fest,
179 3287 221 3332 nisi
236 3293 343 3350 quatenus
353 3291 461 3356 Pontifex,
479 3292 517 3355 qui
533 3308 618 3340 summe
629 3293 723 3356 imperio
739 3293 851 3356 spirituali
865 3292 956 3355 potitur,
979 3290 1101 3338 dominium
1115 3287 1159 3336 aii·

119 3363 172 3425 quod
189 3365 307 3426 temporale
328 3366 371 3442 aiiii
386 3368 504 3434 adiunget,
522 3385 566 3416 non
582 3369 670 3433 quidem
686 3370 742 3417 adeo
757 3376 842 3418 vastum
858 3374 884 3416 ut
898 3368 945 3415 eins
969 3367 1066 3429 potentis
1082 3364 1160 3412 ceteris

119 3439 210 3486 Statilius
224 3441 319 3503 politicis
333 3445 480 3507 suspicionem
495 3450 517 3494 et
527 3448 626 3494 timorem
637 3449 731 3511 inperat,
744 3463 784 3494 nee
799 3447 864 3494 etiarn
875 3445 929 3492 adeo
939 3459 1029 3508 parrum
1044 3446 1070 3488 ut
1079 3446 1159 3506 poten·

118 3517 144 3562 tis
158 3515 267 3564 cuiusrienr
278 3518 346 3566 ricini
360 3520 453 3567 inflorui
469 3521 498 3568 sit
507 3522 633 3570 obnoxium.
646 3524 737 3570 Eisone
752 3522 774 3569 id
786 3522 861 3570 divina
873 3519 1010 3585 providentis
1020 3516 1158 3582 sapientissi-

119 3607 151 3639 rne
161 3591 261 3640 ellectum
272 3610 318 3641 csse
329 3595 484 3662 conspicimus,
497 3597 532 3646 rin
544 3599 616 3646 unita
631 3600 715 3646 romani
731 3597 818 3662 imperii
833 3599 856 3645 in
872 3598 935 3661 plura
946 3594 1042 3642 dominic
1053 3591 1159 3656 indepen·
1243 3647 1248 3652 ¹

120 3667 189 3715 lenm
200 3668 293 3718 cliricum
300 3675 340 3718 ost.
354 3671 425 3726 Quare
435 3675 528 3736 pessime
540 3674 567 3720 rie
577 3673 682 3736 rciipionc
692 3682 813 3738 merentur,
825 3673 873 3738 qui,
884 3673 912 3720 ob
923 3670 999 3718 deliris
1009 3661 1083 3718 nescio
1093 3683 1156 3734 quae,

120 3741 166 3790 huie
180 3748 293 3810 temporali
308 3736 415 3796 dominio'
426 3750 522 3812 supremi
542 3751 655 3798 Pontificio
670 3751 831 3815 contradicunt,
847 3766 872 3797 ro
885 3749 921 3798 vei
935 3763 1008 3796 errore
1021 3745 1057 3795 rel
1074 3745 1158 3794 maiitia

120 3817 213 3867 hostibus
228 3823 336 3946 Eeel‘esise
347 3841 371 3878 se
381 3825 512 3893 adiungunt,
529 3827 567 3892 qui
582 3841 630 3880 eam
640 3825 759 3878 dilacerare
772 3830 802 3894 et,
820 3827 840 3877 si
853 3825 902 3877 ieri
912 3829 993 3894 ponet,
1005 3823 1106 3876 unum
1119 3821 1182 3890 δὴ

119 3909 176 3947 tntu
189 3911 289 3964 cupruu,
