2767 4492
463 333 709 384 monuncourt
1062 319 1115 388 las

115 424 151 489 lt.
163 427 201 488 lie
218 428 294 487 bono
311 425 430 500 eiusque
444 423 572 498 opposito
590 424 812 498 explicavimus3
829 420 962 484 nonnihil
978 423 1063 484 modo
1077 425 1115 484 de

26 564 27 567 ,
86 512 406 588 ratimibusquibuadam
415 507 1114 584 bonoratdeaffinibmdelibabimuslttprimum

84 591 178 657 deid'm
188 599 321 673 perfecti.
334 596 415 656 llotio
428 594 547 668 perlecti
561 593 629 653 licet
642 609 726 668 saepe
742 610 809 654 cum
827 595 943 655 notione
960 595 1030 654 boni
1049 610 1119 655 oon-

85 681 151 740 lundi
164 683 266 754 soleat,
282 681 320 740 ab
334 696 369 740 ea
384 686 480 739 lamen
498 677 659 752 separanda
673 678 795 738 ridetur.
808 679 968 738 Perfectum
982 679 1060 738 enim
1075 695 1120 739 re·

84 780 139 824 rua
146 765 218 825 illud
232 766 354 838 dicitur,
370 763 520 838 cuiquoad
529 762 576 822 sui
590 767 725 822 naturam
735 763 983 838 conditionemque
993 763 1120 824 ethnam

82 852 244 924 propositum
256 851 331 910 nihil
345 851 433 909 deest
448 848 494 908 Sic
508 863 555 906 en.
573 863 616 921 gr.
632 846 780 919 navigium
798 849 956 922 perlectum
971 863 1119 922 nuncupa·

82 932 128 1007 bis,
148 936 221 994 siin
239 936 331 1009 ipsius
353 938 497 994 stnrctura
509 937 539 993 et
552 932 683 1006 partibus
697 931 770 990 nihil
785 932 971 1002 desideratur,
990 933 1065 1007 quod
1083 935 1120 994 ad

81 1020 238 1079 utetaotum
250 1020 322 1078 illud
335 1019 478 1093 pertineat
490 1023 520 1076 ct
532 1017 568 1075 ad
581 1016 784 1076 relideaudum
800 1018 971 1090 requiratur.
989 1018 1039 1077 Sin
1053 1033 1119 1077 con·
1169 1040 1170 1050 ¹

24 1172 25 1177 ἵ
79 1106 116 1159 tra
128 1103 262 1164 vitiosum
271 1102 337 1162 erit.

24 1188 25 1203 ¹
108 1187 189 1245 ideae
203 1187 324 1261 perlecti
334 1187 413 1246 notio
427 1185 545 1245 ordinis
559 1184 704 1243 succedat.
721 1183 805 1242 Porro
823 1185 892 1243 ordo
905 1188 1062 1258 generatim
1071 1188 1119 1246 de·

75 1270 170 1330 buitur
184 1271 221 1328 ab
231 1271 403 1344 Augustino:
417 1270 544 1343 parium
561 1267 790 1340 dbpartwnquc
804 1282 861 1326 sua
870 1269 977 1341 cuique
992 1271 1054 1329 ioca
1066 1272 1119 1330 tri-

24 1356 25 1359 ’
75 1355 163 1413 boesas
174 1353 324 1427 dispositio
341 1358 366 1410 ⁴.
379 1352 612 1425 speciatimlvero
622 1349 680 1407 dici
689 1356 797 1423 potest:
808 1351 977 1409 mediorum
989 1355 1023 1411 in
1033 1355 1123 1426 Mons

74 1444 266 1496 consectatae
284 1435 391 1494 ralatio
401 1435 446 1493 ool
456 1434 586 1493 directio.
598 1432 675 1492 Tunc
688 1435 766 1492 enim
778 1434 875 1508 aliqua
888 1434 1017 1494 ordinata
1026 1437 1123 1510 appel·

73 1523 180 1594 tantur,
190 1536 259 1584 cum
272 1521 463 1595 disponuntur
472 1520 519 1579 rel
529 1523 680 1578 morentur
693 1523 777 1593 prout
786 1518 876 1593 exigit
891 1518 958 1577 linis
972 1535 1058 1593 quem
1068 1521 1124 1582 sibi

75 1607 138 1680 quis
153 1607 364 1679 assequendum
378 1605 549 1679 praestituit.
565 1604 709 1678 Exemplis
724 1620 771 1664 res
781 1605 830 1663 liet
839 1604 985 1663 illustrior.
1003 1605 1124 1664 llilitum

24 1734 25 1757 .
77 1691 181 1757 aciem,
202 1704 268 1748 cum
282 1690 469 1764 pugnandum
484 1688 554 1761 erit,
575 1689 674 1748 ordine
694 1690 864 1748 instmctnm
883 1688 1021 1762 dicimus,
1043 1689 1068 1748 si
1082 1690 1123 1748 ita

24 1820 25 1857 ,
77 1775 178 1834 militas
192 1774 403 1834 distribuuntur
411 1779 441 1832 et
449 1773 633 1845 collocantur,
643 1778 676 1831 ut
690 1773 809 1832 victoria
822 1773 858 1832 de
868 1773 950 1832 hoste
960 1774 1044 1832 facile
1054 1774 1123 1834 lerri

24 1882 25 1935 l
78 1861 173 1932 possit.
191 1860 374 1934 Operationea
388 1859 515 1918 bominis
528 1858 673 1918 ordinatas
688 1859 858 1925 asserimus,
874 1874 941 1916 eum
954 1859 996 1918 ita
1009 1875 1040 1918 se
1049 1859 1124 1918 invi-

79 1959 138 2003 cem
147 1944 311 2018 excipiunt,
321 1951 353 2002 ut
367 1944 420 2003 lini
427 1944 582 2003 obtinendo
592 1943 763 2003 conducant.
780 1944 832 2002 Ubi
842 1944 872 2002 id
882 1943 974 2016 deest,
991 1945 1122 2004 conlusio

79 2027 194 2088 habetur
215 2036 244 2087 et
259 2029 444 2102 perturbatio.
459 2029 502 2086 lix
522 2028 627 2101 quibus
641 2028 748 2100 elucet,
765 2028 893 2087 ordinem
908 2029 937 2086 in
954 2029 1007 2088 hoc
1022 2031 1120 2098 cerni,

76 2117 105 2172 ut
119 2114 227 2172 unitate
246 2113 372 2186 quadarn
386 2112 537 2172 multitudo
549 2113 686 2186 donetur;
703 2113 854 2186 ipsumque
873 2113 1024 2172 diiudicari
1039 2129 1122 2188 opor·

77 2200 131 2255 tere
144 2213 181 2257 er
194 2198 254 2256 line
268 2197 429 2270 proposito,
452 2198 500 2255 cui
517 2213 574 2270 quo
587 2197 681 2270 magis
696 2198 846 2270 congruit,
865 2213 899 2257 eo
914 2198 982 2256 ordo
998 2201 1042 2256 est
1055 2213 1121 2272 per·

76 2280 181 2344 lectior.
197 2282 270 2342 dum
284 2287 380 2340 autem
389 2282 456 2340 linis
469 2282 559 2356 possit
573 2298 636 2341 ease
649 2280 695 2340 rel
704 2281 874 2342 universalis
889 2282 935 2341 vel
948 2282 1119 2355 peculiaria,

75 2374 152 2438 prout
173 2369 224 2427 toti
240 2366 406 2440 praeligitur
425 2367 574 2440 autpert13
596 2381 772 2439 consequens
794 2371 836 2424 est
851 2371 883 2423 ut
897 2366 965 2423 ordo
982 2365 1068 2423 etiam
1086 2367 1118 2422 in

77 2451 265 2512 universalem
274 2454 303 2508 et
311 2451 486 2524 peculiarem
499 2449 665 2523 partiendus
679 2451 725 2508 ait.
743 2450 792 2510 lile
806 2456 864 2518 est,
881 2449 929 2522 qui
944 2449 975 2506 in
985 2448 1119 2506 omnibus

77 2535 158 2595 simul
172 2535 305 2611 partibus
321 2540 410 2595 totum
426 2535 538 2608 aliquod
554 2533 794 2608 constituentibus
812 2537 969 2607 spectatur,
991 2531 1039 2590 hic
1052 2547 1119 2592 vero

77 2619 121 2690 tpri
135 2621 165 2679 in
176 2620 300 2694 singulis
315 2635 444 2680 seorsum
458 2620 617 2695 inspicitur.

109 2705 150 2764 18.
166 2705 256 2764 Valde
279 2705 437 2779 longiorem
456 2705 653 2764 tractationem
671 2705 831 2779 requireret
848 2705 927 2763 notio
941 2703 1069 2778 pulchri,
1084 2705 1120 2762 de
1175 2705 1184 2722 '

77 2803 129 2863 qua
147 2797 255 2862 tamen,
275 2805 312 2849 ne
327 2790 475 2849 brevitatis
494 2790 601 2849 limites
617 2791 824 2861 transilientem,
841 2803 934 2862 pauca
956 2789 1119 2844 innuamus.

76 2873 226 2934 Pulchrum
241 2875 346 2948 itaque,
357 2881 391 2932 ut
403 2875 552 2948 paululum
568 2872 726 2931 attendenti
739 2877 826 2944 patet,
844 2885 861 2926 a
876 2869 1061 2941 conceptibus
1075 2885 1121 2926 su-

74 2972 122 3032 pra
139 2959 318 3020 enumeratis
332 2958 435 3029 oppido
451 2957 556 3014 differt.
571 2957 643 3012 Nam
661 2954 767 3025 unitas,
784 2953 898 3026 veritas,
915 2951 1038 3023 bouitas,
1057 2965 1123 3010 con·

74 3051 170 3119 ceptus
184 3046 254 3100 sunt
264 3039 545 3119 ‚transcendentalem
564 3037 615 3108 qui
625 3035 712 3093 rebus
726 3033 860 3094 omnibus
874 3035 905 3094 in
920 3039 1060 3110 quantum
1074 3051 1123 3094 en·

75 3129 111 3187 tia
126 3129 196 3186 sunt
211 3123 401 3194 conveniunt,
422 3120 530 3178 nonita
542 3118 739 3193 pulchritudo,
756 3133 830 3194 quae
840 3125 916 3180 certe
931 3135 989 3180 non
1006 3119 1123 3179 cuilibet

75 3214 115 3272 rei
125 3207 274 3283 competit.
293 3206 366 3266 Ordo
375 3209 471 3265 autem
482 3210 510 3264 et
522 3203 659 3279 perfectio
668 3204 781 3264 licetad
790 3203 1124 3279 pulchrumcoustitucn-

75 3297 140 3355 dum
154 3291 349 3368 reperirentur,
366 3289 554 3350 nibilominus
573 3304 629 3348 non
645 3289 802 3349 ndliciunt.
818 3290 878 3350 Nou
893 3290 971 3349 enim
985 3288 1123 3364 quidquid

75 3384 232 3455 perlectum
251 3385 294 3438 eat
308 3384 357 3439 aut
371 3379 543 3452 ordinatum,
559 3381 694 3438 continuo
708 3378 860 3452 pulchrum
875 3377 997 3437 ducitur.
1014 3377 1047 3436 lit
1060 3377 1122 3452 pul-
1229 3389 1236 3403 ·

78 3468 176 3526 ebrum
195 3465 353 3538 habeatur,
376 3465 406 3524 in
429 3463 531 3539 primis
554 3463 711 3538 requiritur
728 3469 761 3521 nt
779 3463 922 3522 obiectum
940 3461 1126 3522 multitudine*

78 3552 198 3623 quadam
209 3553 324 3621 etcerta
333 3549 511 3624 oppositione
525 3551 745 3622 elementorum,
759 3547 859 3606 saltem
871 3547 1046 3619 virtualiunr,
1055 3561 1122 3605 con-

78 3640 138 3709 stet3
150 3633 263 3709 quaein
273 3635 412 3694 unitatem
422 3635 586 3710 conspirent
596 3634 681 3692 totius
691 3633 839 3692 curiusdam
849 3631 1028 3705 efformandi,
1039 3629 1120 3694 iuxta

78 3721 294 3792 perlectionem,
315 3735 404 3795 quarn
423 3719 500 3780 illius
521 3725 625 3786 nahna
643 3717 700 3782 sibi
713 3717 849 3782 vindicat.
870 3715 947 3780 Unde
966 3723 1120 3782 concentus

121 3905 132 3953 t
151 3875 273 3955 nectar.
292 3906 337 3956 ms
350 3905 366 3953 t.
379 3875 423 3970 ro,
435 3921 454 3952 ο,
468 3904 507 3952 rs.
