2767 4492
522 317 601 374 rtntts
619 315 760 368 binubos

538 495 707 554 burnennas
722 493 743 553 l.

264 667 300 731 Do
314 665 413 748 afficto.
426 663 595 744 perficiendi
608 665 736 743 scipsum
750 667 850 740 quoad
868 665 1014 727 ortionem.

155 839 200 905 88.
213 843 338 904 Nobilior
352 838 475 901 bominis
485 851 551 914 pars
566 839 661 899 animo
677 839 846 912 continetur,
859 836 908 913 qni
917 837 975 897 rita
989 837 1160 912 sempiterna

120 929 257 990 fruiturus
275 929 384 1003 corpori
399 925 504 986 ideirco
519 924 710 999 coniungitur,
728 931 759 983 ut
772 939 806 983 eo
817 931 962 998 umquam
972 922 1159 983 instrumento

118 1021 214 1074 utatur
224 1015 259 1074 ad
273 1027 390 1088 scopum
400 1011 455 1070 sibi
469 1010 500 1069 in
515 1011 570 1069 bac
581 1011 639 1068 vita
653 1009 828 1084 propositum
838 1007 1058 1083 assequendum.
1070 1007 1159 1067 Huius

117 1100 204 1175 igitur
222 1100 356 1175 perfectio
372 1097 550 1171 potissimum
567 1095 677 1154 bornini
693 1095 859 1169 quaerenda
869 1101 924 1166 est,
945 1099 1091 1168 umquam
1109 1091 1158 1152 bo·

118 1199 202 1258 num,
225 1185 298 1258 qnod
321 1183 422 1242 ceteris
447 1181 589 1252 omnibns,
612 1195 685 1254 quac
701 1181 797 1253 ipsum
822 1177 972 1252 attingunt,
997 1177 1155 1236 antecellat.
1246 1223 1250 1234 .

116 1271 172 1343 Age
182 1285 258 1328 nunc
275 1266 410 1342 perfectio
424 1266 513 1325 animi
528 1266 672 1324 intellectu
688 1265 868 1339 potissimum
882 1272 911 1323 et
923 1264 1067 1322 voluntate
1081 1279 1157 1322 com·

117 1351 317 1427 prehenditur3
334 1357 418 1425 prout
432 1352 511 1410 enim
521 1350 670 1410 rationalis
685 1358 737 1423 est,
754 1351 807 1408 bac
817 1349 922 1424 duplici
937 1348 1069 1407 facultate
1084 1348 1158 1408 evol-

7 1471 8 1476 1
116 1439 193 1496 uitur
206 1443 234 1495 et
247 1437 413 1510 explicetur.
431 1436 469 1495 lle
484 1436 518 1495 iis
534 1437 621 1510 igitur
641 1435 794 1509 praecipue
808 1434 905 1508 aliqua
919 1433 1119 1492 delibabimus.

154 1523 242 1596 itque
262 1523 298 1579 ad
316 1521 518 1595 perfectionem
540 1521 702 1579 intellectus
713 1520 788 1593 quod
797 1519 928 1594 pertinet,
948 1525 1060 1578 tenetur
1074 1518 1158 1576 bomo

117 1607 241 1668 debltam
255 1606 314 1666 veri
329 1605 452 1680 bonique
467 1605 658 1679 cognitionem
670 1605 837 1677 consectari,
858 1619 933 1678 quae
945 1604 1062 1663 omnino
1072 1603 1107 1662 ad
1118 1603 1157 1662 ri·

115 1700 173 1752 tam
188 1692 341 1766 regendam
351 1693 500 1765 moresque
513 1691 708 1771 informandos
721 1688 884 1749 necessaria
894 1693 946 1763 est,
959 1694 1022 1747 tum
1037 1688 1073 1748 ad
1084 1703 1157 1748 erro·

115 1793 162 1838 res
176 1777 318 1852 oppositos
338 1775 495 1850 fugiendos.
949 1848 951 1853 Ι

151 1863 210 1931 Qua
224 1863 253 1921 in
272 1878 302 1922 re
317 1861 414 1921 stricto
423 1861 485 1921 iure
499 1861 639 1935 homines,
653 1861 812 1936 generatim
822 1861 938 1937 sumpti,
951 1861 987 1920 ad
1002 1875 1066 1920 eam
1076 1860 1157 1919 dum·

115 1953 194 2008 taxat
209 1947 356 2006 seientiam
372 1945 584 2022 adipiscendam
604 1946 775 2026 obligantur,
793 1959 866 2022 quae
880 1945 990 2019 vulgari
1014 1944 1154 2006 industria

115 2039 143 2092 et
157 2033 233 2092 facili
252 2033 334 2092 modo
349 2032 470 2092 obtineri
494 2038 591 2106 potest,
610 2039 638 2093 et
652 2035 715 2092 siue
736 2049 793 2108 qua
807 2034 892 2093 bomo
911 2048 965 2092 nee
980 2031 1108 2092 debitum
1122 2033 1154 2090 ii-

112 2131 179 2178 nem
190 2125 326 2192 spectare,
338 2131 392 2176 uec
403 2118 528 2177 actiones
538 2133 604 2178 snas
614 2119 650 2176 ad
664 2119 747 2177 illum
756 2119 863 2177 referre
874 2123 976 2193 posset.
989 2117 1077 2177 Altior
1088 2129 1156 2176 vero

5 2185 9 2210 '
112 2203 234 2277 cognitio
248 2209 277 2262 et
290 2202 434 2262 extensior
445 2209 494 2260 ant
508 2202 680 2262 abstrusiore
696 2205 742 2263 tia
752 2205 953 2278 comparanda,
966 2203 1018 2263 etsi
1029 2202 1155 2262 maxima

111 2287 230 2348 honesta
248 2288 325 2346 inse
340 2287 376 2346 sit
389 2293 417 2345 et
435 2287 538 2346 rationi
559 2289 741 2363 conveniens,
758 2290 794 2348 ad
810 2303 940 2363 eamque,
956 2290 981 2349 si
1001 2287 1078 2362 velit,
1098 2288 1154 2348 sibi

110 2373 319 2449 procurandam
337 2371 456 2446 quisque
475 2373 519 2432 ius
541 2374 659 2448 babeat3
680 2391 739 2434 non
760 2381 855 2434 buten
869 2391 970 2435 omnes
982 2374 1153 2448 'singillatim

111 2458 224 2532 obligat,
242 2458 330 2518 sedin
346 2457 499 2517 sufficienti
518 2459 612 2533 aliquo
628 2461 721 2533 gradu
735 2476 784 2521 eos
799 2466 909 2519 tantam
924 2459 1019 2518 officio
1034 2459 1155 2516 adstrin-

110 2543 161 2617 git,
174 2543 223 2618 qui
241 2543 350 2602 ratione
365 2549 465 2618 status,
479 2543 509 2601 in
523 2559 580 2618 qno
594 2544 666 2604 forte
682 2552 840 2617 versentur,
852 2559 971 2602 munere
981 2558 1032 2601 sno
1042 2543 1155 2616 perfun-

111 2628 139 2702 gi
153 2635 297 2703 nequeunt
318 2628 379 2689 sinc
403 2629 510 2690 altioris
529 2631 664 2690 scientiae
690 2632 864 2690 adiumento.
890 2630 958 2687 Crem
971 2644 1038 2687 tero
1052 2627 1155 2686 intelli·

110 2715 205 2786 gentio
215 2715 245 2772 in
262 2716 456 2790 conquirenda
471 2717 590 2776 scicntia
601 2717 665 2776 aliis
682 2718 769 2776 etiarn
780 2713 962 2774 facultatibus
972 2714 1093 2785 iuretur,
1102 2713 1154 2772 bas

110 2798 205 2870 etiam,
223 2807 362 2873 quatenns
376 2795 414 2858 'ad
425 2801 454 2858 id
469 2801 630 2872 conferunt,
647 2801 778 2860 excolere
792 2815 864 2873 opus
879 2809 931 2857 cst.
949 2798 1026 2857 Unde
1040 2813 1154 2871 genera-

111 2882 162 2939 tim
177 2883 232 2940 dici
247 2891 337 2954 potest
349 2883 549 2957 perfectionem
565 2883 736 2957 intellectus,
753 2900 804 2958 pro
816 2883 978 2942 conditione
988 2889 1015 2941 ct
1030 2884 1152 2943 eircum-

110 2965 229 3038 stautiis‚
247 2967 351 3040 quibus
369 2967 453 3026 bomo
469 2969 538 3026 forte
554 2969 704 3040 afficiatur,
719 2985 773 3043 per
787 2985 816 3028 so
832 2976 860 3027 et
874 2969 1002 3028 absoluto
1017 2985 1153 3044 quaereu-

109 3052 176 3109 dam
188 3067 263 3124 esse3
285 3051 487 3126 perfectionem
502 3068 568 3111 vero
583 3046 744 3112 ceterarum
754 3055 931 3129 facultatum,
948 3070 1022 3129 qnae
1035 3055 1072 3113 ad
1089 3069 1153 3114 sen-

111 3135 275 3195 sibilitatem
286 3137 438 3210 pertinent,
446 3137 637 3211 quaerendam
646 3153 719 3212 esse,
727 3139 856 3208 relative,
867 3147 1008 3214 quatenns
1017 3139 1154 3200 nimirum

110 3220 212 3279 rationi
226 3220 389 3280 deserviunt
404 3227 432 3280 et
445 3223 507 3281 eius
521 3221 676 3282 evolutioni
697 3223 880 3297 opitulantur.
893 3225 923 3282 ld
933 3225 1011 3283 enim
1025 3225 1097 3282 ratio
1111 3239 1153 3282 or-

110 3305 184 3364 dinis
199 3306 328 3378 postnlat.
346 3305 522 3367 sensibilitas
537 3308 654 3366 enimin
671 3307 787 3367 bomine
801 3323 858 3368 non
869 3315 913 3366 est
923 3316 1037 3383 propter
1050 3323 1091 3383 se,
1103 3309 1153 3368 sed

51 3455 56 3466 1
110 3395 224 3465 propter
239 3389 421 3465 Intellectum,
443 3394 492 3467 qni
516 3395 580 3454 finis
595 3409 715 3454 munere
729 3396 847 3469 gandet3
864 3394 1068 3454 medicantem
1082 3410 1152 3453 non-

110 3475 166 3535 nisi
180 3483 295 3550 propter
310 3477 396 3536 tinem
411 3485 592 3552 appetuntur.

145 3561 189 3620 89.
213 3561 309 3630 Quoad
332 3563 505 3622 voluntatem
525 3581 590 3625 vero
611 3565 695 3626 debet
713 3567 797 3625 bomo
816 3564 897 3626 iuxta
913 3569 1006 3625 rectae
1031 3565 1149 3626 rationis

110 3647 250 3721 principia
267 3648 373 3708 bonum
391 3650 521 3723 prosequi
542 3652 708 3726 malumque
723 3652 868 3725 aversari3
885 3650 973 3725 utque
987 3651 1017 3708 in
1032 3657 1152 3725 unoque

113 3731 167 3789 boc
177 3733 320 3792 actionum
335 3749 440 3808 genere
451 3734 584 3808 legitimis
600 3736 715 3796 motivis
724 3737 913 3809 impellendus
926 3743 978 3809 est,
991 3748 1064 3809 qnae
1074 3743 1152 3795 recto

111 3814 203 3874 ordini
216 3833 313 3876 rerum
328 3835 398 3894 quas
413 3819 528 3894 respicit
542 3823 742 3896 respondeant.
760 3822 940 3883 Potissimum
957 3821 999 3880 sic
1013 3823 1097 3882 bomo
1108 3823 1150 3882 vi-

111 3905 169 3959 tam
183 3915 264 3960 suam
275 3903 404 3966 instituat
415 3910 538 3980 opertae
555 3907 633 3968 atad
647 3908 829 3983 adeptionem
847 3906 941 3968 ultimi
956 3906 1032 3981 finis,
1048 3907 1079 3968 in
1093 3923 1150 3982 qno
