2767 4492
670 312 833 359 manem

228 306 373 476 {ipanus
391 401 478 475 igitur
497 399 583 459 etism
597 397 696 457 uirtuti
714 399 866 458 coniuncta
885 410 1050 472 supremam
1061 397 1186 458 hominis
1204 399 1278 458 bea·

134 499 140 514 ⁴
228 487 405 545 tifotcmnon
420 484 577 556 constituit;
599 497 632 541 ac
652 481 676 541 si
697 483 743 541 cui
761 489 964 556 proponeretur
980 498 1052 541 num
1065 481 1278 556 velletsapien-

228 572 268 630 tia
287 576 397 629 tantum
413 585 446 628 ac
465 569 567 628 uirtute
586 566 690 640 ornari,
713 582 749 624 an
767 567 823 641 his,
839 568 900 626 sine
921 566 977 626 ullo
1002 567 1168 626 eorumdem
1186 565 1278 626 detri-

227 660 334 726 mento,
356 652 514 723 sanitatem,
534 651 785 724 pulchritudinem,
796 651 920 710 honores
938 657 1023 725 atque
1038 650 1277 710 similiahoneste

228 738 398 811 adiungere3
417 735 494 794 haud
512 735 611 794 diabilo
622 735 692 809 quin
702 734 756 796 hoc
767 736 927 794 secundum
936 741 1056 810 optaret.
1070 734 1149 802 Quod
1165 733 1276 808 siquis

228 819 400 880 contrarium
415 819 508 892 eligit3
527 819 563 878 ad
583 818 658 877 hanc
673 819 841 880 electionem
860 835 917 878 nun
937 825 1077 891 movetur,
1098 816 1156 877 nisi
1172 832 1276 882 amore

227 903 333 970 altioris
346 903 425 978 boni,
443 904 518 976 quod
538 903 676 978 quidquid
694 912 822 966 creatum
836 910 879 964 est
897 903 1020 966 excedit.

628 1071 806 1134 Pnonosmro
820 1073 865 1133 lll.

331 1241 386 1303 Nec
396 1241 560 1317 complosas
578 1239 738 1316 uoluptates
755 1257 825 1300 com
843 1243 954 1302 uirtute
970 1249 997 1301 ct
1012 1239 1159 1315 sapientia

417 1333 509 1402 potest
531 1341 588 1385 esse
607 1340 781 1400 supremum
802 1325 931 1386 dominis
950 1325 1069 1386 donauo.

262 1495 305 1555 13.
321 1493 407 1554 Ptob.
424 1495 593 1568 Complexus
606 1493 759 1568 voluptatis
773 1509 840 1554 eum
864 1494 969 1575 uirtute
987 1498 1017 1554 et
1030 1491 1171 1568 sapientia
1188 1493 1268 1552 idem

224 1587 299 1640 esset
314 1585 398 1653 atque
412 1578 542 1638 omnium
560 1579 702 1638 bonorum
717 1579 865 1639 finitorum
886 1579 1057 1652 coniunctio,
1078 1592 1151 1652 quae
1170 1577 1267 1651 aliquo

222 1664 359 1723 modoad
377 1664 523 1723 frontinem
537 1664 678 1736 pertinere
698 1670 826 1736 possunt.
847 1663 905 1722 Hoc
922 1663 1032 1738 posito,
1053 1661 1217 1736 quaerimus
1234 1660 1266 1719 in

223 1748 325 1822 primis
340 1755 438 1806 utrum
458 1745 597 1806 eiusmodi
618 1747 760 1807 bonorum
779 1746 940 1807 coniunctio
957 1747 989 1805 in
1003 1744 1147 1820 praesenti
1160 1744 1218 1803 rita
1228 1745 1266 1802 sit

223 1829 386 1906 possibilis?
408 1831 440 1889 Ut
456 1831 585 1890 omittam
595 1831 686 1890 multa
700 1848 737 1890 ex
748 1831 828 1890 hisce
846 1830 940 1908 bonis,
952 1831 1049 1904 qualia
1065 1833 1175 1889 suntea
1190 1843 1266 1902 qnae

224 1915 354 1974 fortunae
368 1913 509 1988 dicuntur,
532 1915 564 1974 in
583 1919 720 1989 potestate
740 1915 867 1974 hominis
891 1916 945 1974 sita
965 1930 1024 1974 non
1039 1929 1120 1986 esso,
1140 1913 1203 1986 quis
1221 1917 1266 1971 est

224 1999 274 2071 qui
293 2014 350 2056 non
375 1999 469 2057 uideat
488 1999 563 2058 bona
583 1999 709 2073 corporis
726 2014 793 2058 cum
816 1998 900 2058 bonis
919 1999 1029 2071 aninri,
1045 2003 1074 2057 et
1090 1997 1265 2070 uoluptatem

178 2103 182 2106 ·
223 2097 289 2140 cum
305 2081 408 2140 virtute
427 2081 498 2140 adeo
516 2082 545 2140 in
564 2082 650 2142 huius
668 2083 743 2143 vitae
759 2097 846 2141 cursu
864 2097 1008 2157 pugnare,
1029 2092 1062 2141 ut
1080 2081 1135 2139 alia
1146 2078 1262 2138 nonnisi

222 2165 343 2223 aliorum
353 2165 521 2224 detrimento
537 2172 565 2224 et
578 2181 651 2240 pene
667 2167 792 2224 dixerim
801 2166 918 2225 interitu
927 2166 1106 2225 habeantur?
1122 2163 1263 2224 Luculen-

222 2257 267 2305 ter
284 2249 313 2306 id
331 2248 445 2320 patetin
465 2249 631 2323 uirtutibus,
644 2265 716 2324 quas
734 2250 863 2309 heroicas
882 2250 1039 2324 appellant3
1058 2265 1132 2323 quae
1150 2247 1264 2322 potissi·

222 2347 302 2388 anum
319 2337 498 2401 exercentur,
517 2329 654 2392 maximis
674 2333 767 2406 malis,
783 2346 856 2407 quae
871 2335 1027 2407 perituram
1037 2333 1112 2391 hanc
1126 2333 1214 2391 uitam
1224 2331 1265 2389 af-

222 2415 331 2483 ficiunt,
352 2415 461 2474 fortiter
476 2417 636 2480 tolerandis.
659 2417 731 2491 Ergo
742 2417 800 2476 nisi
812 2417 934 2476 felicitas
947 2417 1023 2476 inter
1042 2417 1201 2476 chimaeras
1218 2430 1263 2474 re-

161 2573 163 2580 .
220 2499 289 2571 poni
308 2498 384 2572 uelit,
402 2499 432 2557 in
449 2501 600 2574 complexu
617 2500 759 2560 bonorum
776 2501 915 2574 omnium,
928 2516 1001 2574 quae
1013 2501 1050 2558 ad
1071 2499 1216 2559 hominem
1232 2499 1264 2556 in

221 2581 275 2641 hac
295 2583 351 2642 vita
374 2585 544 2656 referuntur,
563 2592 620 2642 non
636 2585 774 2643 consistit.

256 2667 373 2740 lnsnper
390 2666 531 2725 obiectum
551 2667 693 2725 beatitatis
712 2667 856 2726 humanae
871 2669 927 2727 tale
946 2683 1008 2727 esse
1029 2668 1127 2739 debet,
1146 2670 1179 2724 ut
1199 2666 1264 2726 eius

219 2749 331 2823 adeptio
348 2755 453 2809 statum
474 2753 627 2810 constituat
644 2767 800 2824 perennem
810 2758 838 2810 et
847 2753 998 2811 mutationi
1012 2767 1068 2810 non
1089 2749 1260 2824 obnoxium,

220 2847 274 2892 nec
291 2834 451 2895 molestiam
469 2835 615 2893 ullamaut
634 2836 875 2908 perturbationem
893 2837 1030 2908 admittat,
1048 2835 1098 2893 sed
1115 2833 1265 2893 iucundis-

221 2917 324 2974 simam
354 2917 595 2991 tranquillitalem.
623 2920 710 2979 Secus
735 2920 838 2979 afanis
858 2919 952 2978 ultimi
976 2920 1084 2978 radone
1107 2917 1261 2992 deficeret3

219 3000 324 3072 quippe
334 3001 409 3072 qnod
423 3001 596 3060 desiderium
614 3007 642 3062 et
660 3009 770 3062 motum
781 3001 870 3062 animi
884 3004 998 3078 penitus
1013 3019 1072 3063 non
1081 3003 1217 3076 expleret.
1229 3003 1265 3060 lt

218 3097 300 3155 voro,
319 3082 382 3156 ipsa
395 3083 435 3142 sic
455 3085 562 3144 ferente
578 3091 698 3160 natura,
724 3087 760 3146 ab
779 3087 826 3146 his
845 3087 946 3160 honis,
968 3087 1138 3161 quantulam
1154 3101 1263 3151 ¹eorum

134 3207 136 3214 ,
218 3169 329 3240 partem
342 3165 375 3225 in
392 3167 446 3225 hac
464 3169 522 3225 uita
541 3170 739 3244 acquiramus,
762 3171 929 3230 vicissitudo
946 3177 1102 3244 perpetua,
1123 3169 1260 3243 marano,

220 3251 368 3310 amittendi
387 3255 489 3324 metus,
509 3251 671 3312 defectuum
691 3254 839 3328 admixtio,
855 3271 940 3314 curae
959 3255 1116 3326 mordaces,
1132 3253 1222 3325 labor,
1233 3257 1264 3310 et

219 3333 381 3407 innumera,
402 3349 474 3408 quae
489 3351 693 3396 connirmerare
708 3353 767 3396 non
782 3345 874 3412 uacat,
888 3340 1068 3398 incommoda
1081 3339 1132 3397 rix
1146 3337 1263 3411 quidem

219 3417 365 3479 toleranda
378 3419 491 3477 excludi
507 3435 563 3478 non
579 3427 706 3493 possunt.
722 3423 795 3495 Ergo
809 3423 839 3481 in
853 3424 924 3498 ipsis
944 3431 1105 3481 extromum
1119 3423 1262 3481 bonorum

219 3517 253 3560 ao
268 3503 355 3560 linem
368 3502 500 3560 ultimum
516 3504 649 3576 residere,
666 3503 723 3563 nisi
738 3521 837 3565 amens
852 3509 897 3581 sit,
913 3523 999 3566 nemo
1014 3507 1128 3566 dixerit.

254 3585 416 3655 Postremo,
433 3587 593 3660 defungier
611 3588 684 3657 sim,
700 3589 843 3648 obiectum
857 3591 1001 3650 felicitatis
1016 3606 1083 3649 cunr
1100 3589 1264 3649 maximum

219 3669 256 3725 sit
269 3669 378 3732 honum
392 3671 526 3740 hominis,
541 3673 576 3730 ad
587 3673 662 3746 quod
672 3679 767 3732 cetera
780 3677 945 3735 referuntur
959 3677 1043 3750 (quae
1054 3689 1113 3733 non
1122 3675 1205 3733 aliter
1213 3689 1263 3747 ap

221 3753 358 3823 petuntur
368 3753 424 3812 nisi
435 3761 575 3830 quatenus
590 3757 625 3816 ad
636 3755 699 3820 eius
708 3758 886 3832 adeptionem
896 3759 1025 3821 animum
1036 3757 1181 3831 adiuvant)
1191 3756 1265 3816 eius

218 3833 295 3894 niodi
309 3849 372 3895 esse
390 3837 490 3916 debet,
511 3841 543 3900 ut
560 3855 709 3922 nunquam
728 3857 795 3904 cum
818 3838 902 3906 laudo
918 3842 1064 3904 contemni
1081 3841 1187 3917 possit,
1208 3855 1264 3900 nec
