2767 4492
203 273 254 332 tto
535 281 745 330 unnmnssrcn
761 283 928 330 cnunnmrs

236 370 267 430 ld
278 372 376 429 autem
391 383 447 443 quo
460 374 545 444 pacto
566 368 678 443 concipi
692 368 803 441 debeat,
824 368 866 427 sic
881 367 1005 427 dilucide
1023 371 1051 427 et
1065 367 1191 428 breviter
1203 384 1253 430 en-

200 454 369 530 plicandum
383 454 505 516 videtur.
519 453 739 528 snpereminens
750 451 863 511 divinae
873 452 978 512 mentis
992 452 1114 512 intuitus
1128 452 1257 512 divinam

200 545 338 599 naturam
348 540 431 614 plene
438 550 467 598 et
474 539 630 612 adaequate
637 536 994 611 cognoscitllamproinde
1004 541 1131 610 permeet
1139 552 1256 598 necesse

203 629 247 683 est
259 624 355 698 quoad
367 639 467 683 omnes
480 624 579 681 modos
587 637 620 680 ac
629 627 785 695 respectus,
802 637 873 696 quos
887 620 1017 680 includit.
1028 621 1062 680 lit
1076 622 1257 681 vero-divina

202 709 328 768 essentia
341 709 372 768 id
385 709 441 773 sibi
456 708 597 780 adsciscit,
609 711 707 765 utnon
718 706 811 766 solum
822 707 859 765 sit
872 705 991 780 pelagus
1006 705 1252 780 realitatisomnis,

137 824 141 831 ·
203 793 296 852 limite
314 798 343 851 ct
356 793 572 868 imperfectione
586 791 719 864 carentis,
737 805 838 849 vcmm
858 790 945 850 etiam
964 795 997 848 ut
1008 791 1113 850 referri
1133 791 1255 850 multifa-

203 876 279 935 riam
294 877 385 950 possit
398 882 426 935 et
440 876 502 936 sine
515 891 637 935 numero
651 875 827 949 imaginibus
840 875 957 948 propius
978 875 1151 936 remotiusue
1163 881 1256 950 proto

203 966 268 1034 typo
283 961 487 1019 accedentibus
501 959 720 1035 repraesentari.
743 959 815 1032 Ergo
829 958 927 1017 divina
944 973 1027 1017 mens
1046 960 1199 1018 essentiam
1212 959 1254 1019 df-

202 1044 301 1103 rinam
315 1045 451 1118 perspicit
461 1060 519 1103 non
532 1043 617 1104 modo
630 1049 716 1118 prout
725 1043 755 1101 in
772 1057 802 1101 se
812 1041 927 1101 infinita
936 1048 966 1102 et
978 1043 1190 1117 simplicissima
1200 1050 1252 1118 est,

203 1130 254 1189 sed
269 1130 354 1188 etiam
367 1135 451 1204 prout
462 1129 620 1189 forinsecus
634 1127 783 1187 imitabilis
797 1132 841 1186 est
857 1133 885 1187 et
895 1127 1021 1202 aliquam
1035 1129 1081 1188 sui
1096 1129 1255 1188 sinulitudi·

201 1230 270 1272 ncm
285 1214 426 1273 condendi
441 1230 542 1288 capax.
563 1213 634 1274 Hinc
654 1213 820 1271 innumeros
835 1211 966 1271 efformet
978 1219 1138 1288 ‚conceptus
1157 1229 1254 1273 rerum

201 1299 412 1372 distinctarum,
430 1315 503 1372 quae
523 1314 574 1372 pro
594 1313 646 1357 suo
660 1312 791 1371 quaeque
805 1297 921 1356 modulo
940 1297 1052 1358 divinas
1066 1298 1255 1372 perfectiones

201 1389 231 1440 et
244 1389 377 1442 naturam
391 1385 457 1458 plus
471 1383 568 1443 minus
589 1381 766 1442 multimodis
786 1381 893 1440 imitari
912 1388 1036 1456 possent.
1053 1383 1086 1440 Hi
1101 1388 1254 1457 conceptus

203 1467 250 1526 vel
264 1467 346 1526 ideae
360 1484 418 1528 non
433 1468 527 1542 quoad
542 1467 702 1525 realitatem
714 1465 911 1538 subiectiram,
929 1481 1015 1540 quam
1029 1467 1175 1525 habentin
1186 1467 1252 1541 lieo,

203 1550 256 1610 sed
270 1552 364 1625 quoad
378 1553 534 1610 temrinum
543 1551 727 1622 obiectirum,
740 1565 826 1623 quem
837 1550 1012 1624 exprimunt,
1026 1550 1181 1624 inspectae,
1191 1566 1256 1625 pos·

112 1685 115 1689 .
202 1637 295 1695 sibilia
309 1637 486 1695 constituunt
500 1638 534 1694 et-
542 1640 767 1709 repraesentant,
783 1635 819 1692 ad
833 1649 955 1707 quorum
971 1635 1105 1710 deinceps
1119 1636 1253 1694 imitatio·

202 1736 270 1779 nem
296 1725 430 1780 creantur
457 1733 655 1793 quaecumque
675 1724 817 1778 creantur.
844 1719 935 1786 Quare
956 1720 1099 1793 sapienter
1120 1719 1254 1780 Boethius

201 1805 319 1864 cecinit.

296 2011 779 2036 ...........
818 1977 858 2036 fu
873 1983 975 2037 cuncta
989 1993 1122 2053 supemo‘

292 2057 377 2117 Ducis
392 2060 428 2117 ab
443 2059 584 2134 exemplo,
601 2061 755 2135 pulchrum
769 2062 979 2136 pulcherrimus
993 2065 1055 2138 lpse

291 2142 426 2200 llundum
442 2144 663 2219 mente'gerens,
681 2145 824 2220 similique
840 2146 877 2204 ab
886 2147 1011 2222 imagine
1026 2147 1153 2207 formans
1168 2151 1192 2207 t.

203 2349 212 2369 ι
231 2327 346 2391 pinqusm⁴
362 2329 484 2375 intrinseca
497 2330 631 2392 possibilitas
646 2337 679 2377 est
693 2331 791 2394 aptitudo
806 2333 875 2394 ipsius
889 2333 935 2395 rei,
951 2348 989 2379 seu
1004 2349 1048 2380 non
1064 2335 1209 2396 repugnantia
1224 2331 1253 2380 at

203 2424 211 2444 ι
230 2405 378 2450 existendum.
395 2405 477 2451 Eadem
491 2405 535 2451 dici
551 2411 621 2468 potest
635 2407 769 2469 possibilitas
790 2413 887 2471 remota,
904 2409 989 2456 ratione
1009 2409 1068 2456 enim
1088 2409 1153 2456 hunius
1173 2410 1254 2456 dicitnr

203 2498 211 2519 ι
231 2495 266 2524 res
281 2480 392 2540 possibilis
406 2481 473 2526 etiam
487 2481 506 2526 si
522 2497 566 2527 non
581 2482 731 2528 consideretur
744 2482 788 2528 nlla
803 2485 913 2546 potentie,
931 2499 972 2545 que
988 2487 1058 2547 possit
1071 2485 1163 2547 produci
1176 2502 1181 2547 ;
1198 2487 1255 2531 sicut

204 2573 213 2593 ι
232 2554 377 2600 coloratio
392 2571 416 2602 se
429 2556 524 2601 risibilis
540 2557 625 2602 etiamsi
639 2557 714 2603 nulius
732 2559 761 2604 sit
777 2559 854 2621 ιὶιιιι,
872 2559 909 2620 qui
926 2562 995 2622 possit
1013 2560 1076 2606 ilium
1093 2561 1176 2608 videro.
1192 2561 1254 2606 Hono

203 2649 212 2668 ι
231 2629 400 2690 possibilitatem
414 2630 480 2677 irebet
495 2647 530 2678 reo
545 2632 705 2694 quodammodo
719 2649 731 2679 ιι
746 2635 803 2696 Deo,
820 2650 865 2680 non
880 2635 970 2696 quidem
983 2652 1022 2698 per
1037 2637 1144 2683 actionem
1158 2635 1254 2698 aliquam

204 2722 213 2745 ι
232 2703 324 2751 literam
341 2707 376 2751 rel
391 2708 553 2770 neeessariam,
570 2724 613 2769 qna
628 2709 686 2754 Deus
706 2725 751 2756 rom
766 2709 826 2756 iiiom
841 2711 864 2756 in
879 2725 925 2758 etto
941 2713 1050 2770 possibili
1067 2711 1171 2774 producet
1186 2710 1253 2773 (cuo

202 2798 211 2820 ι
230 2781 290 2826 enim
306 2781 425 2845 possibile,
443 2783 560 2846 qustaie,
576 2799 621 2830 non
636 2789 768 2847 potestesse
784 2787 889 2832 terminus
908 2786 1058 2849 productionis
1073 2803 1113 2834 nec
1127 2791 1198 2849 potest
1210 2785 1253 2832 hu-

202 2875 211 2895 ·
229 2855 281 2902 bere
301 2872 388 2903 eausam
402 2857 542 2918 effectivam)
556 2875 562 2921 3
578 2859 616 2905 sed
631 2859 697 2906 habet
711 2876 758 2907 eam
773 2878 786 2908 a
800 2863 844 2907 lieo
858 2869 973 2924 tamqnam
989 2879 1001 2908 ι
1017 2877 1081 2910 cause
1096 2863 1157 2924 quasi
1178 2877 1252 2908 exem-

202 2951 210 2971 ·
230 2931 294 2994 plari.
307 2933 407 2978 Essentin
419 2935 479 2981 enim
490 2935 574 2998 diuina,
587 2941 694 2998 quatenns
709 2943 742 2982 est
758 2937 795 2982 uli
810 2937 875 2984 modo
890 2937 1003 2984 imitabilis
1018 2943 1040 2984 et
1053 2936 1250 3000 communicabilis,

201 3027 209 3048 ι
229 3013 262 3054 est
275 3009 331 3053 ratio
345 3025 384 3071 per
398 3011 487 3056 modum
510 3012 612 3058 radicalis
627 3013 745 3060 ideae‘cnr
760 3013 856 3060 hnrnonn
876 3019 954 3060 notura
969 3015 998 3060 sit
1013 3013 1125 3076 possibilis
1139 3019 1161 3060 et
1174 3013 1253 3060 hubent

201 3100 209 3122 ι
228 3082 272 3128 tais
287 3099 334 3129 esso
348 3085 480 3131 obieetinum
491 3092 513 3132 et
524 3088 650 3148 potentiale.
667 3089 729 3134 Idem
745 3090 878 3136 censendum
894 3090 921 3136 de
936 3090 1025 3152 reliquis
1039 3090 1141 3137 omnibus
1155 3089 1252 3152 possibi-

201 3177 209 3197 ·
227 3157 294 3204 libas.
314 3160 390 3222 ltaque
405 3162 452 3223 ipsc
471 3164 565 3208 essentia
580 3169 613 3210 est
629 3165 701 3226 prima
721 3165 781 3210 radix
800 3167 871 3211 omnis
886 3182 932 3212 osse
948 3166 1049 3212 obiectivi
1063 3171 1085 3213 et
1099 3165 1251 3228 possibilitatis

201 3253 211 3272 ι
230 3233 362 3281 intrinsecae
376 3237 474 3282 omnium
491 3237 630 3298 possibilium
640 3257 646 3301 3
658 3245 681 3285 et
689 3239 772 3300 pendet
785 3240 813 3285 ιιΙι
828 3242 922 3287 essentia
937 3243 1015 3289 Divino
1030 3247 1140 3304 tamquam
1154 3256 1167 3287 tt
1180 3239 1252 3302 prims

201 3329 210 3348 ·
229 3312 252 3355 et
266 3309 368 3370 originali
383 3313 482 3358 omnium
496 3313 544 3359 iden
557 3350 563 3374 ,
578 3314 593 3359 ἰ
607 3328 650 3376 qun
669 3315 756 3375 singula
771 3333 832 3362 susm
847 3317 942 3378 speeiem
956 3323 978 3364 et
991 3318 1097 3364 rationem
1115 3315 1253 3378 conceptibi-

201 3404 209 3424 ·
228 3384 271 3430 iem
287 3385 311 3431 in
325 3403 365 3432 eno
378 3389 447 3447 produ
463 3394 484 3435 et
498 3390 575 3436 ordino
589 3391 648 3436 ruric
666 3391 782 3438 limitatam
797 3393 891 3455 liabent,
907 3395 971 3440 modo
987 3394 1030 3439 inm
1045 3393 1159 3455 explicato.
1176 3393 1252 3454 ltaque

200 3479 209 3498 ·
228 3461 302 3506 omnia
316 3462 429 3522 possibilie
443 3465 584 3510 continentur
600 3467 624 3511 in
643 3467 738 3512 mutin
755 3467 830 3514 divine
847 3473 956 3530 tamquam
973 3470 997 3516 in
1017 3467 1119 3530 oripinnii
1136 3467 1217 3530 indice,
1230 3471 1253 3514 ot

200 3552 209 3574 ι
227 3536 290 3595 quasi
311 3536 335 3581 in
357 3539 474 3600 exemplari
496 3542 599 3587 virtuali
615 3547 637 3587 ct
653 3543 757 3588 radicati
767 3560 776 3600 ;
793 3543 816 3588 in
833 3544 941 3606 snpientia
962 3549 1072 3606 tamquam
1092 3544 1115 3588 in
1133 3542 1251 3608 exemplari

201 3629 210 3650 ι
229 3613 328 3670 [mali
336 3649 343 3667 ‚
359 3615 382 3659 in
397 3631 440 3675 quo
454 3616 521 3662 etium
535 3617 631 3662 existunt
650 3619 759 3664 oetentiae
772 3655 778 3673 ,
794 3619 858 3666 modo
873 3619 1031 3682 perfectissimo
1046 3627 1068 3666 et
1082 3617 1231 3666 illustrissimo
1243 3635 1250 3681 5

201 3704 209 3726 ι
228 3687 298 3748 magis
314 3689 373 3733 enim
390 3689 421 3734 ihi
437 3690 533 3752 fulgent,
552 3707 617 3753 quam
633 3693 657 3738 in
673 3695 720 3739 onis
737 3695 821 3740 naturis
841 3697 933 3758 creutis3
953 3697 975 3741 in
992 3696 1090 3759 polemio
1106 3702 1211 3757 tanquam
1227 3694 1252 3739 in

200 3782 209 3802 .
228 3777 293 3808 cem
309 3762 449 3810 erecte..
469 3769 503 3814 m
514 3771 699 3828 perfectionem
712 3771 967 3830 monoceroton
981 3774 1022 3826 uo.
1042 3773 1064 3818 5.
1081 3787 1101 3819 e.
1120 3771 1143 3818 2·
1159 3769 1186 3834 t·
1200 3770 1239 3817 40-

243 3839 255 3885 i
273 3840 307 3886 Dc
321 3840 483 3890 conwtottooe
496 3845 669 3904 Potueoptttoe.
