2767 4492
213 431 216 438 ¹
428 336 504 418 rani
517 345 872 421 naam-‘ascendam
1120 361 1174 426 239

130 478 198 542 nem
208 431 337 523 iviea'rnm
350 447 628 534 'repraesentantium
642 445 814 532 ouldditates
822 453 920 533 rerum
930 440 1175 541 immaterialium,

132 564 207 633 quae
232 543 362 620 mosibus
382 537 459 601 nullo
479 539 563 630 modo
580 536 768 628 attinguntur.
784 541 856 616 Ergo
878 532 1057 608 insufficiens
1074 552 1118 608 est
1136 548 1186 608 ud

133 624 262 694 bmnium
272 621 401 690 idearum
416 623 557 701 originem
575 622 789 704 explicandam,
829 700 833 712 Ι

166 711 378 792 Respondemus
393 709 523 788 negando
538 702 654 786 prorsus
668 709 850 772 soracum.
931 769 936 780 ,

167 789 334 870 eriddi'tatis
353 797 470 857 nomine
485 793 644 882 generatim
653 789 856 880 sumptaenou
869 785 1036 872 intelligitur
1045 801 1177 876 ,aarum

133 883 309 948 substantiae
320 881 440 942 alicuius
450 877 605 966 inproprie
612 876 706 965 specie
716 872 934 963 determinatae;
951 873 1178 960 sediutelligitur

131 969 199 1048 quid
206 963 336 1046 quaeque
344 981 391 1026 res
401 962 447 1038 sit,
455 981 507 1028 seu
516 955 588 1027 ratio
599 963 772 1046 intrinsecus
780 962 964 1048 consbtutiva
972 966 1127 1048 ouiuslibet
1135 970 1180 1030 rei

133 1049 207 1132 puae
221 1053 252 1114 iu
267 1046 378 1112 obiecto
390 1046 555 1136 percipitur.
567 1044 647 1110 liade
660 1055 688 1109 et
701 1047 877 1132 inqualitate
891 1049 960 1116 etin
974 1052 1134 1126 quantitate
1149 1058 1179 1128 et

130 1131 162 1199 in
185 1139 295 1198 actione
312 1141 340 1195 et
354 1133 384 1194 in
404 1133 477 1211 ipsis
491 1133 698 1209 privationibus
718 1131 894 1194 considerari
914 1131 1058 1210 quidditas
1076 1142 1178 1212 potest,

130 1237 182 1282 seu
196 1222 268 1280 ratio
283 1222 314 1280 in
329 1217 462 1293 quaillae
471 1217 639 1278 consistunt.
656 1217 726 1276 cum
741 1217 828 1292 igitur
842 1217 965 1277 dicimus
978 1210 1105 1280 mentem
1115 1221 1180 1295 ‚vir-

131 1294 190 1364 iu'te
206 1301 257 1364 sua
282 1303 447 1362 abstrahere
463 1301 635 1376 quidditates
650 1317 667 1359 a
682 1301 769 1361 rebus
784 1290 983 1376 sensibilibus,
1003 1319 1062 1364 non
1079 1305 1182 1382 intedi-

131 1387 234 1464 gimua‚
247 1386 324 1462 quod
334 1387 465 1446 efformet
478 1386 572 1445 ideam
582 1401 655 1462 quae
669 1391 864 1461 repraesentet
878 1386 1011 1454 intimam
1025 1389 1181 1448 essentiam

134 1469 310 1532 substantiae
336 1471 486 1545 specificae
510 1469 687 1530 earumdem.
712 1470 801 1529 immo
832 1471 868 1533 ad
889 1471 964 1530 banc
985 1472 1178 1546 cognitionem

130 1542 494 1629 mensnondevenit‚1iisi
512 1555 600 1636 longo,
611 1560 790 1636 processuoet
814 1541 1040 1615 'ratiocinationis
1059 1556 1180 1639 admini-

132 1639 206 1700 culo.
222 1636 366 1700 Essentiae
381 1639 458 1699 enim
474 1639 698 1699 substantiarum
711 1639 794 1698 nubis
807 1639 973 1717 immediate
991 1656 1051 1705 non
1064 1636 1176 1715 patent.-

132 1725 187 1785 Sed
202 1724 388 1798 intelligimus
406 1723 480 1798 quod
501 1723 643 1804 concipiat
656 1723 783 1782 rationes
801 1738 901 1782 corum
920 1739 994 1798 quae
1011 1724 1178 1794 immediate
1286 1737 1290 1746 ·

131 1815 160 1867 et
178 1824 229 1882 per
247 1823 278 1866 se
298 1806 411 1885 percipi
420 1815 539 1882 possunt
555 1805 586 1863 iu
609 1793 729 1863 obiectis
753 1820 840 1863 seusu
852 1809 1082 1883 repraesentatis.
1099 1809 1180 1880 'iales

130 1895 197 1952 sunt
209 1908 256 1951 or.
273 1907 315 1970 gr.
337 1888 410 1950 ratio
425 1889 508 1964 entis,
525 1889 597 1948 ratio
613 1886 772 1964 existentis,
783 1887 856 1950 ratio
872 1889 998 1965 unitatis,
1014 1891 1086 1964 ratip
1107 1891 1175 1960 sub·

129 1975 258 2050 stantiae,
275 1974 489 2048 trucutentus,
506 1973 579 2032 ratio
598 1972 808 2046 caussamque
824 1972 880 2032 alia
894 1972 1045 2034 eiusmodi.
1065 1975 1109 2034 Ex
1129 1975 1177 2048 bie

130 2075 197 2119 vero
212 2057 375 2118 notionibus
390 2057 544 2118 nonnullae
554 2060 620 2118 sunt
632 2056 901 2130 transcendentales,
914 2073 967 2133 seu
980 2057 1131 2135 eiusmodi,
1141 2063 1175 2120 ut

130 2158 189 2201 non
199 2141 235 2200 ad
249 2139 309 2199 sola
323 2141 469 2199 sensibilia
484 2140 535 2200 sed
549 2139 586 2199 ad
599 2139 780 2200 insensibilia
793 2140 880 2199 etiam
893 2141 1177 2221 porrigantumUnde

131 2241 184 2300 per
198 2241 229 2284 se
244 2229 386 2300 spectatae
404 2229 433 2283 et
446 2225 477 2282 in
492 2223 632 2308 obiectiva
642 2215 751 2284 ratione
761 2240 849 2301 quam
858 2222 1018 2300 includunt,
1031 2225 1181 2300 utriusque

130 2305 238 2368 ordinis
253 2313 405 2381 conceptus
420 2305 639 2386 indeterminate
654 2308 844 2384 suppeditant
859 2307 909 2383 qai
924 2309 1058 2386 deinceps
1074 2310 1102 2368 vi
1117 2326 1183 2386 syn·

131 2393 237 2452 thetica
251 2392 357 2452 mentis
370 2397 399 2450 et
409 2407 547 2451 novarum
561 2391 788 2452 differentiarum
801 2407 927 2468 accessu,
943 2393 982 2455 ad
997 2394 1073 2451 bane
1088 2394 1135 2452 vel
1150 2394 1183 2452 it·

130 2476 189 2536 lam
204 2491 266 2536 rem
290 2475 508 2550 exprimendam
531 2475 766 2538 determinantur.
783 2477 829 2537 Sic
842 2475 907 2536 idea
926 2477 1001 2553 eutis
1020 2475 1182 2550 impropria

134 2551 324 2620 abstractione
338 2549 515 2622 considerata
529 2577 621 2638 nequo
637 2578 689 2623 ens
711 2576 878 2638 corporeum
897 2564 948 2618 aut
970 2557 1180 2634 mcorporcum,

132 2643 286 2722 ueqbeens
308 2645 421 2728 linitum
435 2651 484 2707 aut
496 2647 642 2708 inlinitum
656 2663 709 2724 per
721 2645 839 2720 sedicit
856 2644 908 2706 sed
927 2648 1081 2720 utrumque
1102 2641 1182 2703 inde-

135 2729 282 2790 terminate
296 2737 500 2806 repraesentat.
511 2733 551 2792 dd
566 2732 734 2792 alterutrum
753 2736 851 2804 postea
863 2727 1050 2786 indicandum
1064 2727 1181 2811 matrin-

134 2813 220 2894 gitur,
236 2818 320 2893 prout
333 2815 360 2872 ei
370 2815 443 2875 ratio
460 2815 609 2889 compositi
623 2819 673 2872 aut
686 2813 835 2887 simplicis,
850 2808 923 2871 ratio
936 2809 1060 2871 limitum
1074 2813 1123 2869 aut
1136 2826 1182 2870 eo-

132 2896 267 3038 ruffdem
281 2898 423 2965 caremiae
434 2897 607 2974 adiungitur.

190 2975 248 3038 ices
263 2977 294 3038 u.
314 2979 388 3038 llaec
413 2980 456 3038 vis
471 2977 644 3038 abstractiva
662 2977 853 3052 quidditatum
866 2979 994 3041 exerceri
1013 2993 1072 3041 non
1089 2983 1182 3056 potest

133 3063 210 3124 circa
234 3061 384 3142 individua
396 3077 481 3121 sensu
504 3065 646 3136 percepta.
662 3063 733 3124 llam
747 3061 778 3121 in
800 3062 955 3124 individuis
963 3063 1020 3126 illis
1038 3065 1182 3141 quidditas

131 3145 326 3210 identificatur
341 3162 408 3205 cum
422 3143 657 3208 individuatione.
674 3147 735 3206 Nou
745 3147 823 3206 enim
835 3149 867 3207 in
884 3163 962 3223 roso,
981 3149 1107 3224 exempli
1120 3163 1182 3221 gra·

129 3231 180 3314 tia,
193 3228 270 3290 aliud
284 3235 327 3291 est
341 3245 411 3291 roso
424 3233 452 3290 et
462 3229 540 3290 atiud
550 3229 620 3292 boso
629 3247 711 3307 rosta
721 3231 772 3292 sed
781 3237 934 3307 auumque
943 3249 1035 3293 unum
1046 3231 1180 3306 idemque

134 3321 187 3376 esi.
264 3363 268 3375 .

131 3461 136 3468 ,
165 3391 249 3478 ll'esp.
261 3400 336 3480 Nego
348 3389 536 3476 assumptum.
551 3401 592 3462 td
606 3403 717 3478 probat.
734 3404 802 3464 dist.
818 3401 1009 3463 identificatur
1022 3398 1141 3477 physice
1151 3407 1182 3462 et

130 3483 253 3569 oealiter,
270 3499 361 3560 maor
375 3483 533 3546 virtualiter
547 3491 575 3546 et
588 3489 682 3562 quoad
696 3489 841 3565 propriam
855 3487 1005 3561 utriusque
1027 3487 1177 3561 rationem,

131 3574 214 3642 dopo.
232 3569 263 3628 ln
278 3585 309 3632 re
324 3585 375 3629 seu
390 3571 482 3646 quoad
496 3571 644 3646 physicam
659 3574 873 3634 subsistentiam
886 3587 944 3632 uon
959 3571 1055 3632 differt
1065 3571 1177 3646 quiddi·

131 3657 174 3712 tas
189 3651 225 3711 ab
235 3651 467 3728 individuatione3
485 3655 535 3714 sed
544 3657 639 3720 diliert
652 3659 757 3720 virtute
772 3666 800 3718 et
813 3664 954 3733 quatenus
971 3669 1020 3726 tes
1034 3656 1066 3716 ln
1081 3648 1179 3732 singu·

131 3719 174 3796 ias
187 3737 338 3816 resolvitur
351 3739 523 3814 quidditates
538 3757 588 3801 seu
604 3742 729 3804 rationes
744 3759 817 3820 quae
831 3741 921 3802 inille
934 3739 989 3810 sub
1002 3741 1112 3802 lumine
1126 3753 1179 3803 seu

131 3821 320 3881 abstractione
334 3825 437 3883 mentis
447 3824 589 3885 relucent.
605 3827 682 3887 Mens
697 3828 775 3888 euim
789 3827 895 3902 optime
907 3830 1005 3901 ,potest
1021 3825 1179 3902 conceptio-

130 3921 169 3968 ne
183 3920 236 3970 sua
249 3921 476 3984 scammoneae
488 3923 548 3974 non
560 3915 628 3973 sunt
641 3911 776 3976 moneta
787 3911 820 3974 iu
832 3914 953 3988 ,naturas
969 3910 1004 3976 tt
1026 3925 1096 3978 eane
1110 3923 1178 3972 cum
