2767 4492
500 333 580 378 runis
597 334 740 380 urrunse
1095 321 1146 382 tto

99 426 165 482 suut
182 425 206 495 *ς
224 421 310 496 idque
324 419 429 480 exinde
444 423 496 490 est,
509 419 582 493 quod
599 418 761 478 subtectum
777 422 805 478 et
821 423 956 482 terminos
971 435 1030 482 uon
1045 419 1145 480 diebu-

98 516 239 579 puantur,
256 507 306 566 sed
322 522 380 566 une
398 505 555 576 curiernune
571 519 691 576 persone
706 510 845 565 consuat.
866 507 911 566 lus
926 509 1005 567 enim
1024 523 1091 566 cnm
1112 506 1142 566 iu

98 593 230 652 facultate
245 591 398 662 consistat,
416 593 490 664 quac
505 589 541 646 ab
560 587 660 648 onitne
679 583 737 647 euti
757 591 858 650 morati
879 593 1032 659 tribuitur,
1049 592 1143 652 subic-

98 685 175 736 ctum
189 677 315 751 exquirit
328 675 403 750 quod
419 674 562 734 rotuntute
576 673 747 732 instructum
763 675 808 735 eit.
829 675 898 734 Cum
915 693 981 736 vero
995 678 1143 748 obtipatin·

98 777 165 822 uem
185 761 311 821 includat
329 760 470 831 otiorum,
491 759 540 832 qui
559 759 655 832 ipsum
672 760 796 818 reuereri
818 766 969 834 tenentur;
991 769 1145 830 terminum

96 846 230 923 respicit,
247 847 296 920 qni
311 845 455 904 roiarntate
470 843 556 902 etiarn
572 849 699 902 ornetur.
721 845 754 902 Ut
769 845 857 916 igitur
870 845 917 904 ius
932 847 1056 910 bominis
1075 871 1143 930 erga

98 931 224 1006 seipsum
238 935 267 990 et
282 929 367 989 simut
379 929 533 988 iuridicum
545 929 672 986 odicium
688 929 875 1002 concipiatur,
888 933 1091 1005 concipiendae
1106 941 1145 1000 io

96 1023 160 1074 reut
175 1015 249 1074 duae
263 1015 423 1074 noluntates
439 1015 600 1083 bumanac,
617 1028 740 1086 quarum
755 1029 814 1072 uua
829 1015 992 1074 tacuttatem
1008 1023 1144 1084 moralem

96 1102 256 1176 acciperet,
274 1100 330 1160 ntia
345 1098 517 1170 obtigatiouc
532 1097 777 1170 adstringeretur,
794 1115 868 1172 arrae
887 1100 1003 1174 peridem
1018 1107 1143 1166 conside

95 1187 168 1245 ratio
184 1189 314 1259 respectu
329 1184 415 1244 unius
429 1183 613 1256 eiusdemque
628 1183 768 1242 individui
784 1185 908 1243 absurda
922 1193 973 1244 est.

130 1271 159 1330 iri
175 1285 242 1328 vero
257 1285 314 1328 uon
328 1267 478 1339 contingit,
495 1268 520 1325 st
534 1267 662 1326 odicium
684 1281 740 1326 unu
757 1275 788 1326 ut
802 1268 971 1336 iuridicum,
992 1274 1041 1330 sed
1064 1291 1142 1336 mere

96 1361 128 1414 ut
142 1354 276 1424 obtigatio
291 1353 321 1412 in
337 1352 453 1414 bomine
468 1358 598 1425 respectu
613 1351 658 1410 eui
674 1352 848 1411 considerari
864 1354 939 1412 vetit.
953 1355 991 1414 dd
1004 1357 1056 1415 buc
1066 1362 1142 1420 enim

96 1441 180 1514 plane
194 1436 300 1496 suitieit
316 1443 346 1496 ut
361 1438 406 1494 tert
422 1435 598 1508 trabeatione
615 1451 673 1510 qua
687 1436 821 1504 ubtiputio
831 1438 996 1510 imponitur,
1008 1448 1036 1499 et
1050 1447 1143 1504 terrm·

96 1537 151 1582 nus
165 1521 247 1592 arisit,
268 1521 304 1580 ad
319 1521 402 1579 cuius
418 1521 524 1578 bonum
540 1522 667 1592 operatio
683 1521 815 1578 reicrtnr.
832 1522 987 1595 Utrumque
1002 1533 1097 1584 nutem
1113 1529 1144 1587 iu

96 1622 154 1665 uno
170 1605 315 1664 individuo
331 1605 445 1662 trontius
459 1607 564 1676 optime
580 1604 691 1677 concipi
709 1611 808 1678 potest.
826 1607 886 1673 due
900 1607 930 1665 iu
945 1623 977 1666 re
991 1610 1144 1670 abstractio

94 1692 210 1765 quidem
225 1689 384 1762 adhibetur,
402 1703 468 1748 cum
483 1705 521 1748 es
538 1705 594 1748 unu
611 1697 689 1762 parte
708 1690 904 1750 consideretur
918 1690 1056 1768 voluutas,
1070 1713 1143 1770 ntiae

95 1775 266 1844 obtisatione
281 1773 481 1847 adstringitur,
493 1789 529 1832 ex
545 1772 601 1832 aliu
612 1773 736 1846 dignitas
751 1789 889 1848 personae
903 1776 1054 1848 humanae,
1070 1797 1143 1854 quae

94 1867 127 1919 ut
142 1860 207 1920 linis
221 1860 249 1920 iu
266 1861 373 1918 mundo
387 1865 540 1932 spectetur.
558 1861 591 1918 dt
605 1875 639 1916 ca
650 1858 804 1918 abstractio
819 1877 875 1919 uou
890 1871 1043 1936 repuguut3
1056 1867 1142 1938 siout·

94 1945 159 2004 deur
176 1943 305 2004 votrrntas
321 1943 484 2008 arattouatt
498 1944 624 2006 bominis
638 1950 750 2019 uatum,
766 1951 799 2005 ut
812 1945 933 2006 incultus
942 1963 960 2006 s
969 1949 1140 2028 substantia,

94 2029 286 2108 distinguitur.

504 2200 673 2262 dnrrcuuus
689 2201 732 2262 tit.

346 2373 385 2433 Da
398 2372 564 2434 necessitate
578 2372 721 2432 eximente
735 2373 773 2432 cb
786 2375 892 2448 ospicio.

130 2547 173 2604 ii.
193 2545 364 2616 Contingunt
378 2544 549 2618 quandoque
564 2549 700 2616 tempora,
717 2545 749 2601 iu
765 2544 870 2617 qrribns
885 2545 971 2602 bomo
989 2548 1051 2603 siue
1066 2551 1140 2621 peri·

94 2633 158 2690 cuio
173 2630 349 2690 imminentis
364 2631 512 2688 cuiusdam
524 2629 592 2687 mati
602 2629 728 2686 officium
740 2629 858 2701 impiere
868 2645 924 2686 uon
938 2639 1034 2700 potcst.
1049 2633 1141 2690 Stutns

93 2717 139 2774 bic
160 2717 313 2775 necessitas
340 2716 507 2789 appetiutur.
525 2714 593 2772 Guru
616 2729 683 2772 uero
704 2712 758 2769 boc
780 2713 887 2782 incidit,
911 2713 935 2769 si
954 2715 1142 2774 consideratio

91 2801 200 2859 ordinis
216 2801 364 2872 persuadet
378 2799 505 2858 odicium
519 2815 554 2856 eo
571 2805 698 2870 tempore
712 2811 768 2854 uon
784 2796 919 2867 obligare,
935 2798 1053 2856 facultas
1068 2815 1142 2872 quaa

95 2891 163 2942 tuuc
177 2885 267 2942 oritur
281 2900 311 2941 rc
326 2884 398 2940 iuste
414 2882 560 2940 eximendi
576 2881 612 2938 ab
629 2880 724 2936 aiiicio
738 2880 786 2936 ius
801 2882 976 2938 necessitatis
998 2885 1140 2943 nominari

92 2969 178 3028 solet:
192 2977 247 3024 non
267 2967 340 3040 qrrod
358 2966 419 3038 ipsa
432 2965 586 3022 necessitas
601 2965 647 3022 ius
666 2964 827 3036 constituat,
845 2965 893 3022 sed
909 2969 976 3040 qrria
991 2969 1139 3028 occasione

93 3051 272 3112 necessitatis
283 3049 476 3123 apparetquid
493 3049 537 3106 ius
553 3049 632 3119 ierat,
645 3048 711 3121 quid
723 3063 814 3106 secus.
827 3050 921 3122 itaquo
932 3052 1141 3112 discutiendum

94 3136 219 3196 breviter
234 3142 277 3194 est
292 3133 448 3209 quandoid
464 3133 559 3192 iocum
574 3133 678 3190 babere
696 3134 799 3206 possit,
816 3149 852 3191 ne
872 3135 937 3208 quis
958 3137 1035 3209 vulgi
1056 3137 1141 3196 citato

91 3221 200 3280 nitens:
216 3220 413 3278 uecmsitctcna
428 3217 515 3277 nulio
537 3219 595 3293 icpc
610 3217 769 3292 adstrinpi,
787 3219 990 3294 intemperanti
1012 3222 1140 3282 licentiae

92 3307 192 3365 fraena
208 3305 293 3362 taxet.
309 3303 349 3362 td
367 3303 506 3364 iudicium
522 3309 617 3362 autem
635 3303 775 3362 eiusmodi
792 3304 845 3362 rite
860 3304 1070 3377 proterendum,
1083 3307 1139 3365 duo

92 3391 214 3450 scrutari
230 3393 354 3464 oportet:
372 3395 504 3449 naturam
515 3389 705 3463 necessitatis,
716 3401 910 3466 queeurgeat,
920 3396 948 3450 et
958 3391 1139 3452 naturatuoi·

60 3471 63 3478 ’
91 3476 159 3548 iicii,
176 3475 251 3552 quod
268 3475 548 3549 praetermittendum
562 3476 608 3534 sit.

127 3563 216 3637 itane
231 3561 267 3619 ed
281 3561 478 3620 necessitatem
494 3561 569 3636 quod
580 3561 689 3634 attinet,
702 3578 736 3620 ea
750 3561 876 3637 primum
889 3561 1034 3636 dispartiri
1050 3566 1141 3636 potest

92 3647 122 3710 iu
133 3647 298 3718 absolutum
308 3653 337 3707 et
352 3645 577 3726 bppoabartrcm.
589 3647 669 3710 liiatu
679 3647 810 3731 dicimus,
822 3662 904 3724 quae,
917 3645 1140 3723 independenter

140 3831 150 3880 i
170 3834 277 3896 Respecto
293 3835 332 3882 bot
349 3833 440 3882 iuridiee
454 3835 520 3882 etiem
536 3839 589 3882 eant
602 3837 691 3898 propter
705 3835 788 3897 tepora,
806 3851 818 3881 a
834 3851 877 3898 qna
893 3800 988 3884 officinm
1003 3837 1138 3906 imponitur,

89 3915 111 3964 ci
128 3911 190 3964 tttitts
205 3909 364 3965 aberrantum
380 3927 495 3982 supremus
509 3912 646 3964 Gubernator
664 3913 711 3962 itare
727 3929 766 3961 suo
780 3913 879 3981 requirit.
