2767 4492
425 354 835 408 reusam-coenonema
1119 340 1156 410 tt

142 443 344 519 Argumentum
366 444 455 521 igitur
468 461 486 506 a
499 445 582 506 nolis
600 446 741 520 prolatum
762 445 856 520 irangi
879 443 1082 522 debilitarique
1104 461 1154 507 ne·

109 530 178 604 <psit
193 539 276 606 atque
289 531 457 608 generaliori
472 533 564 592 lorma
578 532 620 592 sio
641 532 758 590 orarius
782 531 899 607 proponi
916 537 1016 607 potest.
1035 533 1154 592 llilotata

105 615 216 674 notione
239 618 350 691 mundi,
368 633 402 678 eo
425 618 541 678 nomine
556 617 734 691 intelligatur
748 621 804 678 totu
819 619 906 677 series
922 623 950 676 et
964 617 1092 677 collectio
1106 631 1155 678 en·

109 699 176 759 dum
191 703 426 778 condegentium,
441 705 502 763 sire
517 705 588 763 llaec
602 702 682 761 linita
697 702 781 760 luerit
795 702 855 761 sire
865 702 988 761 iollulta.
1003 701 1060 762 lioo
1074 704 1154 762 enim
1260 703 1261 708 ’

107 799 160 844 noo
174 787 363 863 disputamus,
380 805 434 848 uec
448 790 485 849 ad
499 788 676 865 propositum
691 800 792 846 revera
807 787 901 846 relert.
913 787 971 846 lam
987 801 1048 862 ege,
1065 787 1154 848 series

12 878 13 883 ’
105 871 244 932 eiusmodi
253 889 319 934 eum
330 876 371 934 ila
380 881 482 949 exstet,
494 873 654 949 utpotueril
665 889 720 932 non
732 879 844 931 exstare
852 873 992 947 (singulae
1002 874 1079 932 enim
1090 873 1151 932 elus
1193 889 1196 897 ‘

103 965 197 1031 partes
211 967 279 1019 sunt
292 963 509 1036 contingentes),·
525 962 648 1036 prolecto
665 957 808 1018 cldcienle
824 958 919 1032 aliquo
932 957 1150 1032 indiguitaquo

104 1042 277 1116 gigneretur.
294 1046 381 1106 Setos
390 1047 562 1123 principium
576 1043 750 1105 causalitalie
765 1043 910 1116 evertitur,
927 1043 1002 1118 quod
1020 1041 1156 1118 prohibet

102 1134 135 1185 ut
149 1129 267 1191 allectus
284 1129 446 1191 adamatur
460 1131 523 1191 slne
538 1145 633 1190 eausa.
658 1131 690 1187 dl
705 1142 770 1186 vero
785 1135 865 1186 extra
879 1128 982 1187 seriem
1006 1126 1153 1188 eiusmodi

102 1228 159 1272 non
174 1215 259 1274 datur
273 1217 327 1275 nisi
337 1230 391 1276 ens
404 1217 607 1285 necessarium,
625 1229 727 1289 nempe
748 1213 829 1272 licus.
846 1213 876 1271 ln
893 1213 945 1272 doe
961 1214 1049 1287 igilur
1064 1225 1147 1272 mun·

102 1297 131 1356 di
145 1313 233 1359 causa
248 1302 419 1361 stabilienda
430 1309 481 1360 esl.
498 1301 565 1359 iliis
580 1299 682 1358 verbis:
701 1299 793 1358 Prima
803 1299 995 1356 mundicausa
1009 1297 1146 1358 debetes-

102 1383 184 1442 scito
197 1400 284 1444 causa
297 1395 401 1444 utnon
416 1388 453 1444 sit
467 1385 593 1458 eiectus,
605 1399 687 1443 secus
703 1399 752 1459 pro
767 1399 798 1444 se
818 1385 904 1442 etlam
919 1397 1007 1442 causa
1021 1397 1154 1457 exposce-

101 1473 161 1540 ret,
179 1483 213 1527 ac
231 1471 348 1544 proinde
364 1484 420 1528 uon
434 1476 477 1528 est
493 1471 584 1542 prima
601 1485 697 1528 causa.
723 1469 804 1544 Atqui
820 1483 929 1542 cause,
951 1483 1025 1542 quae
1046 1466 1156 1526 nonsit

102 1551 231 1627 effecius,
247 1561 292 1613 eet
304 1569 356 1613 ens
369 1555 577 1628 necessarium3
593 1570 644 1614 sen
663 1569 715 1613 ens
735 1555 862 1614 existens
882 1557 985 1611 natura
999 1567 1060 1612 sue.
1082 1551 1154 1626 lirgo

102 1635 199 1709 prima
213 1639 312 1698 mundi
327 1655 414 1699 coust
427 1647 470 1699 est
484 1655 536 1699 ens
551 1641 755 1699 necessarium.

142 1722 185 1781 lt.
202 1725 235 1783 dl
248 1723 312 1797 llroc
325 1726 402 1783 enim
417 1725 613 1800 dicetaliqulsl
628 1725 696 1801 quid
712 1731 787 1784 relat
803 1741 854 1786 ens
877 1725 1036 1785 istiusmodi
1054 1740 1150 1785 neces·

104 1808 213 1868 sarium
228 1812 370 1885 cumipse
386 1812 491 1870 mundo
501 1813 684 1884 confundere,
702 1819 841 1887 quatenus
856 1811 923 1870 licet
942 1811 1070 1888 singulae
1093 1812 1154 1870 eius

76 1960 80 1970 ¹
102 1901 197 1966 partes
213 1895 244 1953 in
268 1896 501 1970 contingentibus
516 1897 582 1970 sint,
599 1895 730 1956 collectio
746 1903 839 1955 tamen
856 1897 1018 1956 necessaria
1036 1912 1099 1955 esse
1114 1896 1154 1954 dl·

103 1979 197 2036 catur?
221 1980 398 2053 Praesertim,
417 1997 488 2060 ,cum
512 1983 660 2040 rideamus
687 1997 892 2056 saepenumero
908 1982 1035 2055 partibus
1059 1982 1155 2057 aliqua

103 2061 198 2136 tribui,
216 2068 349 2139 quaetotl
364 2082 400 2124 ex
417 2067 473 2126 illis
487 2065 634 2126 ellormato
655 2081 712 2126 non
724 2067 911 2141 competant?
927 2067 972 2126 Sic
982 2083 1028 2126 ex.
1045 2083 1087 2142 gr.
1105 2083 1153 2126 au·

102 2144 127 2202 ri
142 2150 236 2221 pondo
250 2149 306 2208 duo
319 2150 412 2209 millia
432 2151 468 2209 ab
484 2166 541 2210 uno
561 2152 677 2210 lromine
692 2167 811 2210 sursum
825 2151 913 2210 attolli
934 2157 1085 2226 nequeunt;
1103 2153 1153 2212 sed

103 2231 280 2306 attolluntur,
297 2234 322 2292 si
345 2235 474 2294 homines
498 2235 598 2294 decem
613 2241 664 2294 aut
677 2235 777 2310 viginti
793 2236 867 2296 vires
883 2238 968 2296 simul
992 2237 1151 2296 conferunt.

104 2315 177 2384 Quid
191 2318 223 2375 ni
237 2317 323 2391 igilur
335 2317 389 2376 hoc
404 2321 490 2377 etiam
499 2319 534 2378 de
543 2321 650 2379 mundo
664 2319 783 2380 dicetur:
799 2321 866 2396 eius
880 2322 1003 2396 partium
1025 2322 1154 2396 singulas

103 2413 163 2458 non
179 2417 242 2461 esse
256 2401 403 2461 existendo
418 2419 509 2478 pares,
526 2420 588 2464 esse
603 2413 698 2464 autem
709 2407 732 2464 sl
749 2406 889 2465 collectim
906 2407 1074 2465 sumantur?

143 2484 309 2553 Quaestioni
324 2487 390 2546 huic
405 2487 539 2569 perfacile
553 2505 720 2564 responsum
734 2491 1026 2566 suppeditaturum
1041 2505 1092 2549 ens
1106 2505 1154 2550 ne·

104 2572 263 2631 οεεεεήυω
277 2587 334 2632 non
352 2589 433 2648 posse
448 2589 514 2633 cum
525 2577 633 2634 mundo
644 2575 793 2651 conlundi,
811 2576 913 2652 oppido
927 2581 1004 2652 petet
1020 2581 1080 2635 tum
1093 2591 1154 2651 pro

103 2659 167 2726 pter
180 2657 305 2716 rationes
320 2673 379 2732 eas,
400 2673 471 2734 quus
485 2667 583 2718 contra
599 2661 774 2734 pantheistas
788 2661 967 2736 protulimus,
988 2667 1046 2720 tum
1063 2663 1154 2721 maxi·

104 2751 151 2800 me
164 2743 234 2817 quia
248 2757 301 2801 ens
314 2742 384 2802 illud
403 2745 503 2803 mundi
526 2745 611 2804 debet
631 2761 693 2805 esse
713 2761 800 2804 carrae
818 2746 956 2805 eliciens.
978 2745 1152 2806 iilllclenlem

104 2830 200 2886 autem
215 2841 333 2886 oausam
347 2845 365 2886 a
378 2845 430 2888 suo
444 2828 548 2888 ellectu
562 2832 682 2902 secerni,
700 2845 757 2886 non
771 2828 867 2887 minus
881 2836 990 2886 certum
1000 2835 1051 2903 est,
1068 2845 1155 2902 quam

103 2921 161 2969 non
178 2927 262 2988 posse
276 2913 353 2971 idem
367 2928 398 2971 se
412 2914 507 2988 ipsum
518 2914 646 2986 gignere.
664 2912 743 2980 Quod
755 2918 849 2968 aulem
860 2911 914 2970 hec
930 2913 959 2970 in
975 2927 1005 2970 re
1021 2927 1077 2971 non
1092 2929 1155 2988 pos·

104 2993 141 3053 sit
155 2999 206 3055 toti
217 3011 374 3069 congruere
387 2997 562 3055 eontrarium
571 2996 644 3068 eius,
662 2995 740 3070 quod
753 2995 883 3068 partibus
898 2997 1027 3070 congruit
1041 2997 1154 3057 eviden-

104 3077 218 3140 tissima
232 3082 342 3139 ratione
357 3081 501 3141 suademr.
522 3080 592 3139 llam
606 3085 674 3137 tunc
688 3080 838 3138 dumtaxat
856 3097 873 3139 a
892 3083 1052 3155 praedicato
1068 3083 1154 3158 parti-

106 3162 163 3224 bus
178 3165 315 3225 attrihuto
330 3166 366 3225 ad
379 3165 455 3224 idem
477 3164 527 3223 toti
549 3163 635 3222 etiam
658 3162 840 3223 tribuendum
861 3166 906 3226 ius
927 3182 984 3226 non
1006 3173 1066 3241 est3
1087 3183 1154 3227 cum

104 3253 302 3320 praedicatum
316 3251 386 3310 illud
400 3249 529 3325 pertibtm
550 3250 684 3324 competit
702 3265 760 3309 non
782 3249 810 3309 ri
830 3259 949 3311 naturae
970 3253 1020 3312 sed
1041 3259 1154 3327 propter

107 3335 242 3407 adiuncta
255 3337 394 3413 quaedam
413 3343 463 3396 aut
479 3336 703 3412 impedimenta,
726 3352 799 3412 quae
813 3339 976 3412 contingere
991 3338 1106 3412 quidem
1121 3340 1153 3398 in

107 3425 236 3490 partibus
253 3422 370 3497 possint,
387 3423 418 3482 in
435 3427 492 3482 toto
505 3436 562 3481 non
577 3421 694 3497 possint.
713 3421 845 3483 Sicemor
858 3423 887 3482 io
906 3439 959 3482 usu
976 3421 1150 3498 lacultetum,

110 3517 181 3577 quae
202 3510 287 3569 nobis
301 3525 318 3569 a
332 3515 435 3568 natura
450 3509 487 3567 ad
500 3509 729 3582 cognoscendum
745 3509 826 3568 delae
841 3513 925 3583 sunt,
946 3508 1064 3582 singulis
1079 3525 1152 3568 seor-

110 3603 173 3653 sum
195 3595 359 3654 hominibus
373 3600 604 3669 nonrepugnat3
626 3595 692 3654 licet
714 3594 762 3654 toti
784 3594 934 3653 hominum
955 3593 1052 3668 generi
1072 3609 1153 3669 repu-

111 3685 177 3746 gnet
191 3682 327 3740 manime.
348 3679 381 3740 El
394 3681 466 3740 ratio
480 3687 532 3753 est,
553 3681 621 3755 quia
635 3695 714 3739 error
727 3679 775 3739 ille
787 3695 847 3740 non
861 3695 898 3738 ex
912 3684 1014 3737 natura
1029 3679 1152 3740 hominis
1190 3741 1194 3752 ,

111 3761 160 3818 ted
178 3781 215 3824 ex
228 3767 368 3826 adiunctis
382 3765 554 3840 oulbmdam
570 3765 674 3824 accidit
692 3764 753 3824 veri
772 3763 987 3839 perspiciendae
1002 3763 1152 3825 detrahen-

111 3839 206 3923 tibus3
224 3867 298 3925 quae
314 3865 405 3910 unum
422 3850 466 3909 rel
491 3851 612 3909 alterum
633 3849 813 3909 individuum
832 3849 996 3924 praepedire
1014 3856 1148 3925 possunt,

112 3928 202 3996 tillum
215 3941 312 3998 ouem
318 3936 471 3998 hominum
480 3950 572 4009 genus
580 3935 747 4010 praepedire
756 3950 815 3996 uon
824 3940 951 4010 posunt.
968 3935 1151 3998 lnhooenim
