2767 4492
483 335 719 409 runrsmnrurtss
1070 321 1124 388 tua

81 421 200 488 toralem
217 429 363 503 sequente,
376 427 469 502 quoad
479 431 642 486 concretam
656 424 929 485 determinationem
941 424 1135 502 dependisset,

79 513 110 572 in
125 514 267 588 praesenti
282 529 300 571 a
315 513 373 572 beo
388 512 527 586 processit
541 510 721 581 immediate,
746 509 797 583 qui
811 524 908 584 perse
924 510 1080 570 Ecclesiam
1094 510 1137 571 in·

80 598 179 672 stituit,
197 614 231 657 ea
241 598 336 658 forma
350 611 439 671 eoque
449 596 612 670 organismo
627 595 772 666 donatam,
786 609 872 667 quem
883 608 953 653 mox
963 594 1132 657 innuemus,

81 679 134 740 Sed
149 687 214 740 ante
230 681 266 740 de
281 682 348 755 flue,
365 696 451 754 quem
465 679 516 739 illa
530 683 647 755 spectat,
663 691 758 753 pauca
771 676 892 736 dicenda
907 683 984 740 sunt.

116 765 179 826 200.
197 767 266 825 Cum
282 765 389 840 Religio
409 781 467 825 uon
488 765 597 824 sitnisi
619 764 746 836 ligamen
766 762 911 837 quoddam
929 764 1037 823 morale
1058 766 1133 826 iuter

81 850 171 909 tteum
181 855 209 908 et
219 850 362 923 bomines;
380 855 483 908 natura
493 865 545 907 sua
556 848 626 908 nihil
636 848 714 907 aliud
726 847 1031 923 praestitutumbabet,
1044 864 1133 922 qnam

82 935 212 994 divinum
227 935 337 994 cultam
353 940 381 993 et
395 933 582 1008 obsequium,
604 939 633 993 et
655 933 781 992 hominis
796 932 962 992 felicitatem
982 947 1039 991 non
1055 949 1136 1008 prae·

82 1025 192 1078 sentem
208 1020 259 1078 sed
275 1019 409 1078 futarram.
426 1019 493 1077 'lota
507 1019 584 1077 enim
604 1025 711 1092 quauta
726 1025 769 1077 cst
787 1017 818 1075 in
833 1016 1019 1076 relationibus
1039 1032 1132 1076 versa-

83 1108 137 1177 tur,
155 1119 228 1178 quae
242 1118 294 1162 nos
304 1102 379 1162 inter
390 1110 418 1161 et
427 1103 516 1162 Deum
532 1104 728 1175 intercedunt;
746 1117 779 1161 ac
795 1102 820 1160 si
834 1117 881 1161 res
890 1102 962 1160 alias
976 1106 1027 1160 aut
1040 1106 1135 1161 cetera

82 1188 157 1246 vitae
173 1188 258 1246 buius
273 1187 386 1261 negotia
400 1188 524 1262 respicit,
542 1189 571 1246 iu
588 1194 699 1246 tantum
714 1187 840 1261 respicit,
858 1186 889 1246 in
904 1192 1049 1260 quantum
1065 1187 1138 1247 baec

83 1271 119 1328 ad
134 1272 221 1329 flnem
235 1271 319 1329 illum
333 1271 430 1345 aliqua
446 1272 556 1330 ratione
570 1273 744 1345 referuntur,
763 1277 812 1330 aut
826 1272 928 1330 referri
943 1287 960 1329 a
974 1271 1060 1330 nobis
1074 1287 1147 1345 poss

84 1361 160 1413 sunt.
177 1356 202 1412 ls
219 1355 306 1427 igitur
321 1371 423 1429 scopus
438 1365 481 1416 est
495 1357 639 1416 societatis
654 1357 822 1430 religiosae,
840 1356 952 1414 etiamsi
968 1357 1043 1416 intra
1058 1362 1139 1416 natu·

82 1454 132 1496 rae
147 1439 289 1498 cancellos
306 1441 511 1499 consideretur.
536 1441 565 1499 ld
580 1441 667 1500 etiam
684 1455 810 1514 scopum
828 1441 974 1498 constituit
994 1440 1140 1513 religionis

84 1524 225 1582 revelatae
244 1523 273 1581 in
293 1524 419 1584 lleelesia
435 1540 452 1583 a
468 1525 577 1583 Christe
592 1524 731 1583 instituta.
761 1525 819 1582 Hoc
836 1530 946 1582 tautum
961 1520 1137 1598 discrimen,

85 1612 128 1665 est
143 1607 218 1680 quod
234 1607 300 1666 linis
316 1607 363 1666 ille
378 1609 414 1666 ad
425 1608 555 1668 altiorem
571 1609 702 1667 ordinem
715 1623 825 1680 nempe
839 1608 948 1681 gratiae
962 1615 1078 1668 erectus
1091 1609 1138 1678 sit,

85 1697 114 1750 et
128 1692 236 1750 cultum
253 1699 338 1766 atque
353 1693 524 1768 obsequium
538 1693 594 1752 Deo
610 1693 817 1767 praestandum
830 1693 968 1766 respiciat
982 1693 1093 1751 actibus
1111 1698 1140 1751 et

84 1775 188 1835 ritibus
205 1776 292 1835 olleo
307 1777 449 1850 definitis,
466 1783 527 1836 tum
543 1778 688 1836 bominem
704 1778 735 1835 iu
750 1777 919 1835 felicitatem
933 1776 1051 1836 alterius
1064 1778 1140 1836 vitae

85 1876 142 1920 non
158 1861 394 1936 qualemcumque
410 1867 459 1920 aut
475 1861 650 1935 quibuslibet
664 1861 767 1919 mediis
787 1867 969 1934 promoveat,
990 1860 1038 1920 sed
1054 1862 1085 1919 in
1100 1861 1140 1919 fe-

85 1945 222 2003 licitatem
237 1945 485 2020 supernaturalem
500 1946 642 2019 impellat,
660 1945 756 2018 qualis
771 1960 789 2002 a
805 1945 862 2005 Deo
877 1945 1018 2021 promissa
1032 1950 1089 2019 est,
1106 1960 1140 2005 ae
1212 2020 1216 2028 ι

85 2029 188 2088 mediis
203 2031 239 2087 ab
254 2031 354 2089 eedem
369 2031 575 2088 determinatis.

125 2114 184 2181 Oua
193 2115 224 2172 in
237 2130 268 2172 re
284 2113 470 2186 gravissimus
481 2129 560 2171 error
573 2114 746 2174 refellendus
763 2120 806 2174 est
819 2117 1033 2189 nonnullorum,
1045 2116 1139 2176 callae

86 2197 156 2254 lices
167 2213 196 2254 se
207 2213 269 2255 esse
284 2196 492 2266 simulantium,
506 2195 554 2268 qui
570 2211 688 2269 scopum
703 2199 843 2259 Ecclesiae
858 2217 895 2258 ex
909 2201 1040 2274 religiose
1055 2202 1085 2260 in
1100 2201 1137 2260 ci·

88 2280 174 2337 vitem
191 2288 219 2337 et
235 2296 270 2338 ex
282 2279 378 2336 divino
394 2279 424 2335 in
437 2279 595 2336 humanum
612 2288 778 2338 convertere
793 2290 935 2355 satagunt.
948 2287 1027 2343 Unde
1042 2301 1138 2344 sacrus

88 2364 230 2424 llinistros
246 2362 414 2436 gravissime
430 2364 651 2437 reprehendunt,
663 2365 739 2438 quud
753 2365 878 2423 libertati
894 2368 1063 2439 populorum
1078 2386 1140 2442 pro·

89 2449 234 2507 curandae
249 2449 407 2522 ceterisque
422 2448 514 2506 ciuilis
529 2447 657 2507 culturae
673 2449 805 2522 circulis,
829 2449 861 2506 in
875 2464 963 2506 sensu
984 2465 1068 2523 quem
1085 2451 1140 2524 ipsi

90 2533 242 2605 somniant,
260 2532 470 2606 amplificandis
485 2547 542 2592 uon
557 2533 626 2590 dent
640 2549 766 2608 operam,
785 2533 834 2591 sed
849 2533 880 2590 in
897 2539 1043 2590 aeternam
1058 2534 1140 2592 dam·

92 2623 170 2675 taxat
185 2617 334 2675 hominum
346 2617 469 2676 salutem
484 2622 512 2675 et
527 2617 657 2676 divinum
670 2618 778 2676 cultum
791 2618 1014 2692 promovendum
1028 2616 1140 2676 incum-
1217 2635 1219 2638 ·

90 2701 169 2760 baut.
194 2701 221 2760 ld
247 2708 392 2775 tamquam
409 2701 542 2760 vitiosum
557 2703 777 2778 otysticismstur
796 2703 952 2775 damnant3
977 2701 1142 2761 felicitatem

90 2787 169 2844 enim
194 2787 394 2858 temporariam
416 2791 444 2844 et
465 2788 609 2859 politicam
631 2789 706 2846 viam
723 2803 786 2846 esse
800 2787 901 2846 dicunt
920 2787 957 2844 ad
976 2786 1140 2846 beatitatem

92 2877 238 2930 aeternam
254 2871 499 2946 consequendam,
516 2879 545 2931 et
559 2872 705 2930 criterium
720 2872 902 2945 suppeditare
921 2886 978 2946 quo
994 2886 1060 2930 vera
1075 2872 1141 2931 reli-

92 2955 139 3030 gio
152 2954 339 3014 discernatur.
357 2955 448 3022 Quare
463 2956 710 3016 christianismum
726 2956 840 3015 civilem
858 2956 1038 3031 praedicant,
1055 2961 1085 3016 et
1098 2971 1145 3016 ea·

94 3038 289 3098 tholicismum
302 3045 490 3098 restauratum
509 3044 534 3100 l.
1007 3043 1012 3050 ’

129 3124 162 3181 m
177 3122 216 3195 lii,
234 3128 266 3180 ut
280 3123 380 3182 leviter
396 3125 500 3198 dicam,
518 3141 614 3185 crassa
628 3127 715 3186 nimis
728 3126 905 3201 ignoratione
920 3126 1059 3185 laborant.
1071 3126 1144 3187 lleli·

95 3208 141 3282 gio
156 3207 248 3280 enim,
266 3207 377 3267 etiamsi
392 3207 468 3268 intra
482 3211 619 3282 terminos
633 3219 754 3270 naturae
769 3218 928 3285 spectetur,
946 3224 1002 3269 non
1021 3216 1141 3287 terram,

97 3291 148 3352 sed
162 3291 274 3350 caelum
288 3292 415 3367 respicit,
427 3309 480 3353 nec
495 3295 559 3354 aliis
573 3295 759 3354 relationibus
774 3295 935 3368 respondet,
948 3293 1005 3353 nisi
1020 3293 1057 3353 iis
1071 3311 1145 3369 quae

95 3376 320 3436 neminemnam
330 3376 386 3436 Deo
401 3378 576 3440 devinciunt.
589 3379 680 3448 Quare
691 3378 820 3439 societati
829 3377 979 3451 religiosae
993 3393 1052 3436 non
1065 3377 1146 3440 aliud

142 3521 152 3567 d
177 3519 217 3566 tlte
231 3535 291 3566 error
306 3536 318 3567 a
333 3522 506 3571 Sansimouianis
522 3525 633 3572 derivatus
648 3529 690 3587 est,
709 3525 747 3587 qui
762 3522 898 3569 Christianae
913 3521 1013 3583 religioni
1028 3523 1082 3569 titio
1096 3538 1148 3570 ver-

93 3602 164 3645 trntes
182 3596 239 3660 quod
257 3596 313 3643 bona
325 3599 434 3645 terrestria
448 3605 470 3646 et
491 3600 615 3647 felicitatem
637 3601 702 3646 baius
717 3600 775 3646 sitae
785 3615 829 3646 non
846 3598 928 3645 directe
941 3596 1052 3661 respiciat,
1071 3613 1150 3646 nerana

95 3674 222 3736 religionem
248 3672 417 3736 proponebant,
434 3690 489 3736 quae
509 3675 566 3723 bona
587 3676 694 3723 eiusmodi
710 3691 749 3738 per
771 3691 794 3721 se
813 3679 919 3736 spectaret
935 3678 957 3719 at
974 3680 1087 3734 quaereret
1108 3691 1148 3721 nee

96 3749 216 3812 quidquam
230 3747 321 3796 humani
340 3764 352 3795 a
366 3766 389 3796 se
405 3750 501 3797 alienum
517 3751 613 3799 duceret.
630 3752 671 3798 Sed
686 3751 740 3797 haec
755 3750 895 3796 delirantium
910 3749 1019 3794 insomnia
1034 3765 1083 3795 cum
1103 3751 1149 3798 saris

95 3824 207 3870 intereunt
221 3825 354 3889 auctoribus,
371 3841 488 3890 eorumque
504 3828 607 3874 historica
618 3826 793 3874 commemoratio
809 3841 854 3871 raon
868 3824 896 3870 ad
913 3824 973 3871 alind
988 3825 1087 3891 inservit¹
1103 3827 1147 3876 nisi

94 3899 122 3947 ad
136 3899 346 3953 commiserationem
360 3902 496 3951 excitandam
511 3903 620 3954 hnmanae
633 3900 791 3951 imbecillitatis
801 3904 824 3950 et
837 3899 993 3964 inpudentiae.
