2767 4492
1055 7 1317 82 W
1344 11 1348 13 ‘

494 319 743 373 cadomensem
1092 307 1146 370 2¹5

107 407 253 485 illationis,
268 412 363 469 amen
383 422 442 468 non
460 407 607 467 eonstiterit
626 405 800 481 principium
818 403 908 466 iilud:
925 403 1005 466 atati
1024 413 1064 466 att
1082 407 1145 466 aaa

106 493 217 554 rotimus
229 493 389 568 suffimenti,
406 507 484 552 corta
500 493 571 550 Tum
585 506 658 564 nepo
672 505 856 566 consequens.

138 579 171 638 Ut
186 578 227 638 rot
240 572 347 652 logicae
363 578 467 638 droues
482 576 596 650 sciunt,
613 581 680 633 tunc
695 574 819 634 circulus
835 574 952 634 uitiosus
967 574 1143 652 incurritur,

104 676 166 720 cum
180 662 215 722 ad
228 662 354 738 aliquam
367 662 524 721 illationem
534 660 730 719 deducendam
741 659 895 718 assumitur
905 659 966 734 ipsa
976 659 1065 720 illatio
1077 667 1145 720 tam·

102 760 184 818 quam
198 747 370 822 principium
383 745 605 806 demonstrandi.
628 744 673 803 Sic
693 743 724 803 in
739 759 826 818 castr,
850 743 875 802 si
890 744 954 818 utris
969 743 1005 802 ad
1019 745 1142 820 proban·

101 829 163 890 dam
185 832 332 892 renotem
352 830 487 906 principii
510 829 628 889 rationis
654 828 842 902 sufficientis,
868 835 1026 888 assumeret
1047 830 1144 904 ipsum

100 914 279 990 principium,
292 921 437 990 tamquam
451 914 639 989 praemissam
649 911 812 986 ratiocinii3
830 913 854 971 is
863 913 988 988 prolecto
1003 913 1144 974 circulum
1233 931 1237 940 ·

99 998 232 1060 otiosum
246 999 410 1059 offenderet.
426 999 551 1059 utnulla
570 1004 614 1058 est
631 998 729 1074 petitio
744 995 899 1072 principii,
916 997 1025 1071 quoties
1040 1043 1047 1071 ,
1064 997 1095 1056 in
1111 1013 1145 1057 eo

98 1083 325 1160 demonstrando,
342 1084 419 1144 aliud
431 1084 586 1144 assumitur
600 1083 794 1158 principium,
810 1081 877 1142 licet
891 1081 945 1141 hoc
959 1082 990 1140 in
1005 1098 1035 1142 se
1051 1081 1088 1140 sit
1101 1097 1144 1142 ra·

99 1167 135 1227 tio
149 1169 296 1229 sufficiens
310 1168 455 1228 illationis.

129 1253 219 1314 onita.
234 1254 278 1314 ill.
295 1255 387 1314 Posita
401 1253 532 1312 absoluta
541 1252 710 1311 necessitate
719 1251 852 1326 principii
862 1253 979 1312 rationis
995 1255 1139 1316 sullicien·

97 1339 150 1413 tis,
165 1339 198 1398 iu
220 1338 395 1397 iatalismum
416 1337 601 1396 incidendum
615 1337 695 1394 toret.
713 1336 783 1394 Nam
797 1335 828 1394 in
843 1337 943 1410 primis
958 1353 1056 1396 omnes
1070 1340 1143 1398 veri·

96 1427 182 1495 tates,
199 1438 274 1497 quae
288 1422 367 1481 iltius
380 1437 433 1497 ope
447 1421 643 1493 deducuntur,
660 1425 756 1478 essent
769 1418 855 1480 etiam
870 1421 998 1480 absolute
1014 1439 1146 1482 necessa·

94 1508 168 1568 riae:
184 1507 260 1566 sicut
272 1506 367 1565 evenit
381 1506 411 1566 iu
426 1504 604 1578 variathus,
617 1521 690 1579 quae
707 1521 744 1563 eu
760 1505 900 1580 principio
916 1507 1147 1567 contradictionis

93 1591 265 1652 inseruntur.
282 1589 388 1650 Deinde
402 1590 482 1648 nulla
496 1605 583 1648 causa
596 1588 684 1647 libere
699 1595 872 1664 operaretur.
890 1591 960 1648 Nam
976 1591 1060 1650 sicuti
1075 1635 1081 1663 ,
1100 1591 1146 1650 ad·

94 1681 198 1736 structo
211 1675 373 1743 racanato,
391 1671 562 1733 adsumme
581 1679 655 1732 esset
669 1674 749 1734 ratio
763 1673 929 1750 sufficiam
944 1675 985 1734 ita
1000 1675 1146 1736 adstruota

93 1762 206 1820 retiam
219 1759 386 1834 sufficienti,
404 1759 608 1818 adstruendum
622 1765 698 1819 esset
712 1755 800 1818 etiam
815 1760 1014 1820 rationalem.

127 1845 208 1920 Resp.
225 1843 302 1920 Nepa
316 1842 341 1903 l.
357 1845 423 1904 Ant.
440 1845 481 1904 hd
496 1844 619 1919 primam
632 1860 698 1904 vero
715 1845 856 1904 rationem
876 1845 943 1904 dist
965 1846 989 1904 si
1009 1847 1144 1920 procede-

91 1937 153 1990 rent
166 1931 258 1990 etiam
272 1946 310 1988 er
319 1929 432 1989 minori
446 1930 576 1990 absoluta
585 1931 758 2004 necessaria,
771 1946 868 2004 ooac.,·
885 1931 909 1988 si
924 1935 1019 1990 autem
1034 1947 1072 1990 ex
1086 1932 1143 1990 ml

88 2016 156 2074 aora'
170 2017 367 2090 contingente,
382 2031 464 2090 napo.
482 2015 617 2089 Begueliu
631 2015 704 2074 dum
719 2015 758 2075 ita
772 2016 972 2090 raciocinatur,
989 2017 1085 2091 palam
1100 2019 1141 2076 la·

89 2100 126 2159 cit
138 2117 168 2160 se
181 2101 221 2160 im
235 2101 352 2174 Logicae
368 2101 526 2175 praeceptis
540 2115 643 2175 parum
657 2116 720 2159 esse
737 2107 890 2160 versatum.
909 2103 942 2160 Ut
956 2103 1035 2161 enim
1050 2118 1137 2177 saepe

90 2184 195 2244 dictum
213 2191 275 2257 est,
293 2190 353 2243 tum
367 2184 503 2243 illationis
517 2184 622 2242 varias
637 2185 801 2244 absolutam
819 2185 905 2243 habet
919 2187 1119 2245 necessitatem
1131 2205 1143 2260 ,·

90 2283 155 2328 cum
169 2286 207 2328 er
224 2267 330 2344 duplici
346 2268 504 2342 praemissa
514 2267 642 2327 absolute
652 2269 814 2327 necessaria
824 2269 1017 2342 consequitur.
1029 2271 1062 2328 ht
1076 2285 1142 2328 oum

90 2353 273 2427 syllogismus
287 2352 422 2412 alterutra
437 2353 595 2427 praemissa
614 2354 795 2426 contingente
817 2359 946 2428 constat,
965 2369 1037 2428 quae
1053 2355 1140 2426 hypo-

89 2437 193 2496 thetica
217 2443 325 2495 tantum
343 2442 474 2496 teneatur
495 2438 684 2510 necessitate,
704 2443 780 2511 hunc,
798 2437 864 2496 licet
879 2437 968 2497 attera
983 2438 1140 2511 praemissa

91 2521 222 2580 absolute
236 2520 273 2580 sit
286 2522 457 2595 necessaria,
471 2527 564 2582 amen
576 2521 665 2580 illatio
681 2524 849 2596 contingens
863 2527 906 2581 est
922 2527 949 2580 et
963 2521 1079 2580 nonnisi
1092 2521 1142 2596 hy-

90 2605 265 2679 potheticam
281 2607 480 2664 necessitatem
495 2605 621 2665 exhibet.

125 2690 235 2763 Quare,
252 2694 284 2747 ut
298 2690 333 2748 ad
347 2705 409 2750 rem
423 2696 550 2750 nostram
565 2691 726 2765 veniamus,
744 2705 811 2750 cunr
826 2707 873 2750 ex.
890 2707 932 2766 gr.
950 2692 1040 2765 posita
1056 2691 1139 2768 luce,

90 2775 241 2834 interimus
255 2775 378 2834 existere
391 2775 454 2834 eius
468 2791 595 2846 causam,
612 2791 658 2833 ex.
673 2792 716 2848 gr.
729 2775 828 2846 sotem,
845 2775 930 2834 huius
945 2776 1097 2832 existentia
1112 2777 1142 2835 vi

89 2858 166 2918 illius
180 2858 325 2918 ratiocinii
340 2873 399 2916 nou
412 2857 495 2918 aliter
510 2859 592 2917 nohis
602 2862 714 2916 constat
729 2859 785 2914 nisi
799 2859 968 2916 necessitate
983 2857 1142 2930 hypotheti-

90 2959 140 3018 ca,
157 2944 250 3003 altera
264 2942 343 3000 euim
357 2942 598 3014 praemissarum,
615 2957 632 2998 a
648 2941 753 3014 quihus
768 2941 885 3014 pendet,
902 2946 945 2998 est
961 2941 1064 2997 veritas
1079 2953 1145 2996 con·

88 3028 214 3102 tingens.
232 3024 369 3092 Quocirca
383 3025 409 3082 si
424 3023 559 3096 quando,
575 3027 640 3095 post
654 3023 877 3080 demonstratam
891 3038 1009 3080 causam
1024 3038 1061 3081 ex
1077 3021 1143 3081 elle-

88 3118 191 3171 ctuum
205 3105 367 3180 existentia,
385 3105 495 3164 ostendi
509 3106 627 3179 insuper
641 3104 710 3164 vetit
729 3103 911 3165 existentiam
925 3105 1004 3166 iltius
1018 3123 1079 3166 esse
1095 3121 1143 3164 ne·

89 3192 263 3266 cessariam
280 3191 396 3266 adiungi
407 3189 491 3250 debet
500 3189 685 3250 ratiocinium
701 3196 834 3248 constans
850 3191 961 3250 duabus
978 3191 1143 3266 praemissis

89 3278 271 3362 necessariis.
288 3278 383 3354 Neque
403 3277 432 3337 id
451 3276 556 3336 mirum
571 3277 661 3338 rideri
677 3276 778 3352 dehet,
795 3292 861 3338 cum
876 3294 913 3336 ex
928 3279 990 3353 ipso
1004 3276 1145 3354 principio

90 3363 321 3426 monadicctonis
339 3363 481 3422 illationes
499 3363 556 3423 sint
574 3364 743 3438 quaudoque
764 3361 962 3438 hypotheticae
979 3379 1038 3423 non
1059 3361 1138 3420 abso

90 3449 167 3509 lutae
180 3448 367 3508 necessitatis.
379 3449 448 3509 tium
465 3448 543 3508 euim
557 3463 604 3506 ex.
615 3463 657 3522 gr.
669 3449 710 3506 ita
719 3447 943 3508 ratiocinamur:
961 3445 1140 3523 impossibile

94 3541 134 3592 cst
153 3533 233 3592 idem
249 3533 342 3593 simul
359 3549 416 3594 aare
433 3541 459 3592 ct
475 3549 537 3592 aaa
554 3548 630 3607 casm
649 3533 737 3608 atqui
751 3531 794 3592 sol
810 3541 872 3606 art‚·
889 3549 956 3608 arpo
974 3548 1035 3591 raon
1052 3535 1143 3606 potest

91 3631 153 3675 aaa
166 3634 240 3691 casa·
253 3619 324 3678 haec
333 3618 547 3694 impossibilitas
556 3618 792 3678 noueristeutiae
802 3618 870 3683 solis
881 3627 924 3678 est
940 3634 978 3676 ex
988 3615 1137 3692 hypothesi
1224 3617 1228 3626 '

93 3700 261 3763 anauniae
277 3703 376 3779 ipsius,
394 3720 476 3778 quae,
493 3704 561 3762 dum
577 3709 629 3778 est,
646 3704 746 3778 tremuit
760 3719 817 3762 nou
833 3719 904 3764 esse.
917 3703 976 3771 Oua
989 3701 1020 3760 iu
1035 3717 1066 3760 re
1080 3701 1141 3760 anl-

95 3785 330 3847 madrertendum
344 3793 387 3847 est
394 3788 536 3863 principia
547 3788 685 3864 applicari
694 3789 776 3849 iuxta
785 3793 917 3852 nahuam
927 3792 955 3848 et
964 3785 1141 3864 exigentiam

95 3866 218 3934 suaisca·
231 3872 307 3948 quod
321 3863 486 3936 ammian
