2767 4492
223 223 275 283 tta
361 244 369 258 ·
548 228 758 276 unsaramma
771 227 938 274 cannatum

221 320 293 378 iicae
307 318 339 376 in
352 317 415 390 ipsa
428 315 543 374 notione
556 313 699 388 generica.
717 311 762 370 Sic
780 309 956 369 rationalitas
971 309 1081 370 adiecta
1099 311 1270 370 animalitati

221 418 281 462 non
300 399 471 463 diversificat
487 399 580 472 ipsam
594 395 818 468 animalitatem;
835 411 919 467 quae,
936 394 1121 468 inquantum
1136 395 1220 470 talis,
1238 397 1271 456 in

221 487 338 547 homine
356 491 385 544 et
401 483 486 543 bruto
504 482 660 542 consimilia
678 487 730 540 est.
752 481 783 540 ld
800 496 857 540 non
878 479 982 538 accidit
994 480 1029 538 de
1044 479 1159 538 notione
1173 480 1269 552 entim

221 585 292 630 nam
310 568 485 628 differentiae
502 581 577 640 quae
592 565 673 624 illam
692 565 828 638 deinceps
847 568 1009 636 coarctant,
1026 578 1089 622 eam
1110 563 1221 622 variant
1240 565 1274 623 in

223 656 288 729 ipsa
300 653 410 713 ratione
425 651 507 711 entis.
523 650 592 708 tium
607 650 684 708 enim
700 665 746 707 en.
765 664 808 722 gr.
825 663 875 706 ena
899 647 1057 720 generatim
1076 655 1225 721 acceptum
1238 643 1272 707 in

226 754 278 797 ena
293 754 311 797 a
323 752 355 796 se
369 742 397 795 et
411 750 463 794 ens
476 733 583 793 analio
597 732 753 804 dividitur,
770 731 838 790 illud
855 747 874 789 a
889 747 918 788 ae
932 736 961 788 et
976 730 1011 789 ab
1028 731 1087 788 atri)
1107 746 1164 790 non
1182 733 1270 791 relin-

224 824 287 896 quit
300 821 478 880 consimilem
490 819 523 876 in
532 816 678 889 subiectis,
689 830 763 890 quae
774 815 871 883 allicit,
883 814 1030 888 praeviam
1040 815 1184 873 notionem
1197 835 1203 888 ;
1221 817 1273 875 sed

223 921 289 965 eam
301 906 343 964 ita
357 903 457 962 intime
471 906 610 976 penetrat,
625 905 658 958 nt
671 900 788 958 omnino
799 899 940 958 diversam
954 897 1069 956 eiiciat.
1082 899 1152 957 llam
1166 900 1271 958 endas

222 988 287 1063 ipsa
300 989 332 1046 in
346 985 483 1045 creaturis
496 984 716 1058 dependentiam
734 983 820 1056 dicit,
837 983 867 1040 in
884 982 938 1040 lieo
952 982 1097 1040 ricaversa
1111 982 1177 1040 dicit
1190 983 1271 1042 inde·

222 1071 415 1148 pendentiam.
432 1069 510 1136 Quod
524 1083 580 1126 non
597 1072 647 1133 est⁴
659 1067 694 1124 de
713 1067 866 1140 generibus
885 1065 998 1139 proprie
1012 1065 1110 1138 dictis3
1127 1066 1271 1139 siquidem

223 1154 412 1226 rationalitas,
429 1167 502 1226 quae
517 1151 688 1210 determinat
702 1150 863 1224 hominem,
880 1165 937 1209 non
954 1155 999 1208 est
1012 1149 1075 1224 ipsa
1089 1150 1269 1220 animalitaS,

224 1241 275 1300 sed
287 1240 392 1313 gradus
405 1237 477 1296 alter
490 1241 609 1295 naturae
625 1251 682 1309 qua
697 1235 857 1294 subiectum
871 1235 1052 1293 informatur.

259 1324 350 1390 Quare
364 1325 517 1394 conceptue
532 1319 606 1378 entis
620 1319 734 1392 proprie
748 1333 839 1390 genus
858 1317 914 1376 dici
935 1320 1044 1392 nequit.
1061 1319 1121 1380 Non
1136 1321 1214 1378 euim
1228 1325 1271 1378 est

223 1406 381 1478 eiusmodi,
396 1411 429 1463 ut
449 1405 505 1478 ipsi
518 1403 658 1462 obiectire
679 1403 849 1476 respondeat
869 1403 942 1461 ratio
964 1402 1075 1476 aliqua,
1093 1419 1165 1478 quae
1180 1420 1271 1478 aequo

222 1490 307 1550 modo
321 1488 472 1548 conveniat
486 1486 607 1561 singulis
621 1486 745 1560 entibus,
757 1491 785 1544 ei
799 1501 850 1560 per
864 1486 1038 1544 differentias
1054 1493 1136 1546 entra
1150 1504 1180 1546 se
1195 1503 1271 1547 sum-

223 1580 288 1648 ptas
302 1573 516 1632 determinetur.
528 1571 582 1629 Sed
595 1571 673 1629 notio
687 1570 807 1629 dicenda
822 1576 867 1628 est
879 1571 1049 1630 universalis
1064 1572 1193 1646 analoga,
1205 1587 1272 1645 qua·

223 1664 307 1716 tenua
325 1657 378 1714 etsi
399 1655 589 1714 abstractione
611 1655 717 1713 mentis
738 1655 774 1712 ad
795 1660 904 1713 tantam
926 1655 1169 1726 universalitatem
1191 1655 1273 1714 evelti

225 1741 325 1814 possit,
341 1745 374 1798 ut
388 1739 486 1797 omnia
500 1738 553 1797 suli
569 1753 603 1796 ea
616 1739 727 1797 ratione
741 1737 991 1797 indiscriminatim
1005 1744 1214 1813 repraesentet3
1233 1745 1272 1797 ta·

226 1839 294 1882 men
309 1823 447 1882 obiectite
461 1822 516 1896 ipsi
529 1839 588 1882 non
598 1823 750 1896 respondet
763 1822 820 1880 nisi
834 1823 906 1880 ratio
921 1823 1033 1882 diversa
1047 1823 1182 1895 entitatis,
1199 1839 1272 1896 quae

224 1912 340 1980 propter
354 1905 444 1964 solam
460 1907 633 1980 coemptam
647 1907 820 1966 considerari
835 1912 926 1980 potest
941 1912 973 1965 ut
991 1923 1049 1965 una
1067 1907 1224 1980 eademque
1242 1906 1272 1965 in

228 1990 349 2064 singulis
362 1990 485 2049 entibus.
502 1990 548 2049 Sic
567 2006 633 2049 cum
652 1991 730 2049 notio
749 1991 823 2048 entis
838 2005 854 2048 a
869 1991 948 2048 linito
964 1995 993 2048 et
1005 1990 1116 2049 infinito
1130 1991 1271 2064 praescin-

118 2145 121 2151 1
227 2074 294 2132 dere
311 2079 397 2147 atque
416 2080 536 2147 utroque
555 2075 715 2148 generalior
735 2090 798 2133 esse
822 2074 943 2146 dicitu,
964 2075 994 2132 id
1011 2089 1070 2132 non
1088 2074 1143 2132 sert
1162 2075 1193 2132 in
1216 2074 1272 2133 illis

226 2159 345 2218 obiectis
359 2159 604 2233 participationem
619 2159 708 2217 ullam
723 2159 850 2218 eiusdem
860 2158 1041 2231 perfectiouis
1052 2162 1101 2216 aut
1116 2157 1216 2216 saltem
1230 2173 1273 2216 ra·

225 2243 311 2302 tionis
325 2258 399 2316 quae
413 2258 504 2317 aequo
518 2243 602 2302 modo
616 2259 647 2301 se
661 2243 783 2316 habeat3
801 2243 851 2301 sed
869 2242 1002 2316 importat
1021 2247 1130 2300 tantun
1149 2241 1273 2300 existen·

226 2327 297 2386 tiam
311 2326 430 2386 alcuius
445 2327 591 2400 analogiae
605 2328 637 2384 in
651 2328 780 2386 realitate
798 2327 947 2399 utriusque
965 2326 1039 2384 entis
1053 2327 1178 2400 propria.
1195 2327 1270 2394 Quae

225 2411 340 2484 quidem
354 2411 486 2484 anaogie
498 2412 531 2468 in
544 2427 578 2470 eo
596 2412 728 2486 timeat,
745 2411 821 2484 quod
842 2411 919 2468 entia
937 2410 1037 2481 finita,
1053 2410 1120 2468 licet
1135 2409 1273 2468 limitibus

224 2494 351 2567 undique
366 2494 589 2568 adstringantur,
603 2501 698 2554 mmen
711 2510 812 2570 reapse
828 2495 894 2568 sint,
908 2491 937 2552 et
950 2494 1066 2555 entitate
1082 2509 1134 2552 sua
1148 2493 1271 2568 infinito,
1378 2491 1379 2498 ’

226 2591 261 2635 eo
274 2577 358 2636 modo
372 2593 429 2650 ouo
443 2584 572 2653 possunt,
583 2579 792 2653 assimilantem
810 2578 1050 2653 quamadmodum
1063 2578 1216 2652 vestigium
1231 2594 1272 2636 as-

225 2659 369 2719 similatur
383 2661 492 2719 homini
506 2663 555 2735 qtri
569 2663 665 2736 ipsum
680 2663 833 2737 impressit,
850 2669 899 2722 aut
913 2663 1007 2736 imago
1023 2662 1196 2722 assimilatur
1208 2677 1272 2735 pro·
1378 2685 1379 2690 ¹

226 2748 331 2818 totypo,
349 2744 430 2803 cuius
444 2745 541 2819 aliqua
554 2745 730 2806 lineamenta
744 2753 898 2820 utcumque
914 2747 1009 2804 reiert..

259 2826 332 2893 Hinc
346 2832 442 2886 tamen
456 2843 514 2888 non
528 2830 658 2904 seqintur
670 2845 753 2904 posse
768 2846 819 2890 ens
834 2830 1008 2890 considerari
1026 2837 1059 2890 ut
1077 2831 1271 2905 praedicatum
1378 2811 1379 2870 ἶ

225 2911 339 2985 aliquod
353 2912 428 2986 quod
447 2919 551 2972 natura
565 2914 665 2972 saltem
690 2914 838 2973 antecedat
862 2913 960 2973 lieum.
977 2915 1048 2974 Nam
1071 2931 1122 2974 ens
1141 2915 1270 2976 absolute

224 3001 389 3071 sumptum,
405 3004 546 3072 quatenus
556 2999 700 3058 deiectum
713 3015 828 3060 omnam
842 3005 871 3058 et
884 2999 1006 3058 limitem
1020 3001 1163 3074 excludit,
1182 3005 1270 3060 totum

224 3085 363 3153 quanonn
377 3087 421 3139 est
433 3081 625 3141 identificatur
638 3098 705 3141 cum
718 3083 785 3142 ileo.
801 3083 842 3142 tid
855 3099 916 3142 rem
928 3083 954 3142 S.
971 3084 1109 3142 Thomas:
1129 3107 1140 3136 o
1157 3084 1271 3158 Propter

228 3185 240 3216 ι
257 3163 331 3222 hanc
346 3169 443 3224 tamen
466 3165 646 3239 analogiam,
671 3182 730 3225 non
745 3167 873 3240 sequitur
886 3183 937 3226 ens
952 3181 1013 3226 esee
1037 3168 1116 3241 prins
1129 3173 1269 3242 utroque,

227 3271 240 3300 ι
256 3246 313 3306 Deo
326 3249 435 3308 ecilioet
449 3255 477 3308 et
490 3254 643 3322 creatura,
665 3251 741 3310 sicut
760 3251 840 3324 priua
854 3257 897 3309 est
910 3267 961 3309 ens
977 3252 1133 3310 substantia
1151 3258 1180 3310 et
1198 3252 1270 3312 acci·

227 3331 363 3404 «dente,
389 3333 425 3391 de
447 3332 552 3407 paribus
571 3332 718 3406 analogice
739 3334 851 3392 dicitur.
875 3335 915 3392 ild
933 3337 1015 3394 cuius
1036 3336 1208 3395 evidentiam
1227 3339 1270 3394 est

227 3439 239 3467 α
256 3416 424 3488 sciendum,
440 3418 513 3490 quod
530 3417 643 3490 quando
658 3421 716 3476 tota
730 3418 802 3476 ratio
824 3417 970 3491 analogica
982 3421 1122 3493 reperitur
1135 3420 1166 3477 in
1183 3419 1270 3478 altero

227 3523 239 3549 a
255 3515 356 3559 eorum
369 3501 405 3559 de
420 3500 523 3574 quinus
537 3500 738 3574 praedicatur,
755 3500 830 3559 sicut
844 3503 985 3562 toleratio
1004 3504 1078 3576 entis
1097 3503 1225 3564 absolute
1238 3501 1269 3560 in

228 3605 239 3635 ι
256 3582 313 3641 lieo
326 3584 485 3658 reperitm;
512 3590 580 3643 tunc
599 3601 658 3644 non
672 3585 726 3644 erit
740 3585 933 3660 praedicatum
948 3587 1027 3661 prius
1041 3593 1181 3662 utroque,
1203 3601 1268 3648 cum

228 3689 240 3719 α
255 3666 451 3742 praedicatum
464 3683 520 3728 non
535 3668 654 3728 excedat
667 3667 828 3730 proiectum
843 3671 867 3728 l.
882 3691 893 3720 t

269 3852 280 3899 l
299 3847 409 3914 opusculo
422 3849 461 3898 ta.
477 3854 512 3902 Dc
526 3857 615 3902 maora
630 3857 729 3915 om.
