2767 4492
415 310 488 361 rans
504 307 851 352 numm-asvcsouoeu
1107 293 1159 352 165

112 395 182 454 ritas
200 389 302 452 inlerri
327 396 429 466 potest.
453 393 523 450 Nam
539 405 620 448 meus
636 401 732 449 nostra
751 391 787 448 ad
811 403 929 462 corpora
948 389 1157 448 consideranda

109 493 139 537 se
158 477 248 536 flectit
266 492 324 535 non
350 481 434 550 prout
452 475 501 533 illa
520 475 667 533 innatum
684 473 842 532 subsistunt
858 478 887 532 et
902 471 938 531 iis
961 471 1063 531 allecta
1088 478 1157 532 sunt

109 561 259 634 adiunctis,
280 559 386 634 quibus
406 559 533 617 maxime
554 557 710 630 singularia
729 561 758 614 et
776 556 964 615 determinata
985 557 1153 615 redduntur.
1254 591 1263 611 .

111 645 165 704 Sed
184 659 301 719 corpora
321 643 374 702 sub
395 642 542 702 communi
562 641 685 715 quadam
696 640 887 698 etuniversali
905 642 1014 700 ratiom
1031 648 1154 701 conmm-

110 729 214 803 platur,
232 733 317 802 atque
327 727 363 786 ab
380 727 416 786 iis
426 726 639 786 characteribus
657 725 790 798 notisque
804 723 921 797 liberat,
931 725 1035 798 quibus
1048 727 1097 786 illa
1112 727 1159 787 ad·

110 813 287 886 stringuntur
305 812 336 870 in
354 811 513 871 existendo.
535 811 579 868 Sic
602 811 671 867 dum
690 809 808 882 globum
825 808 983 867 eburneum
999 810 1064 883 (qui
1081 817 1156 870 certe

108 897 251 970 peculiare
269 895 411 970 quoddam
431 895 611 954 individuum
635 900 697 967 est,
720 896 934 967 certo-tempori
955 893 1074 966 locoque
1095 895 1156 970 ailp-

109 995 188 1052 xum,
206 978 402 1039 determinatis
417 977 642 1038 dimensionibus
658 978 818 1050 delinitum,
835 983 913 1036 certa
929 976 1046 1036 materia
1067 977 1156 1036 coale-

107 1065 241 1138 scentem)
257 1069 437 1136 contuemur,
452 1063 650 1121 abstractionis
660 1078 716 1120 usu
731 1062 841 1136 ipsum,
854 1077 912 1120 non
929 1067 961 1120 ut
971 1061 1153 1120 individuum

107 1149 155 1206 sed
176 1153 208 1206 ut
223 1147 333 1222 species
361 1148 502 1221 quaedam
523 1152 579 1218 est,
601 1144 737 1218 neglectis
757 1145 793 1203 iis
815 1145 890 1203 unde
912 1145 1064 1218 singularis
1087 1161 1153 1206 con·

107 1231 241 1302 stituitur,
254 1231 357 1289 ruentis
373 1231 434 1289 acie
450 1229 672 1303 complectimur.
691 1229 747 1287 Nec
761 1244 828 1287 vcro
845 1235 1013 1302 conceptum
1028 1230 1109 1289 illum
1119 1231 1157 1288 au

107 1315 262 1380 existentes
279 1321 388 1373 tantum
403 1314 543 1372 eburneos
558 1313 656 1386 globos
671 1313 879 1385 restringimus
897 1313 1103 1384 sedpraetcrea
1118 1315 1154 1372 ad

105 1397 263 1470 possibiles,
282 1398 331 1470 qui
346 1397 452 1454 infiniti
467 1401 543 1468 sunt,
560 1395 723 1454 dilatamus.
740 1396 830 1454 lmmo
845 1395 932 1453 ctiam
941 1395 979 1453 ab
990 1395 1083 1454 eboris
1097 1411 1156 1454 ma-

107 1482 178 1540 teria
196 1488 281 1555 atque
300 1496 317 1539 a
337 1482 474 1554 peculiari
489 1481 539 1540 illa
554 1480 752 1553 dimensione,
770 1481 970 1553 cogitationem
985 1488 1153 1553 avocantes,

105 1566 198 1640 ipsam
217 1566 371 1625 essentiam
393 1565 469 1638 globi
489 1566 520 1623 in
540 1580 570 1623 se
591 1570 748 1638 spectatam
771 1563 1006 1637 contemplamur.
1028 1565 1155 1622 lamvero

104 1648 243 1708 eiusmodi
258 1648 399 1722 cogitandi
414 1649 485 1706 ratio
505 1647 723 1720 intelligentiam
744 1647 869 1706 bominis
883 1663 943 1704 non
957 1661 1020 1706 esse
1036 1647 1153 1706 faculta-

105 1741 162 1792 tem
176 1734 352 1806 organicam,
369 1748 420 1790 seu
434 1732 470 1789 ab
486 1731 601 1803 organis
615 1729 789 1788 intrinsecus
803 1728 1010 1802 dependentem
1024 1731 1153 1790 luculen-

104 1823 147 1884 ter
159 1817 289 1876 ostendit.
313 1816 442 1874 Facultas
456 1816 534 1874 enim
549 1829 623 1888 quae
637 1814 679 1872 sie
693 1813 853 1886 dependet,
872 1814 908 1872 ab
922 1815 959 1873 iis
980 1831 1010 1873 se
1024 1815 1151 1873 eximere

102 1902 201 1976 nequit
214 1901 433 1973 conditionibus,
447 1901 551 1974 quibus
566 1914 673 1972 organa
688 1904 716 1957 et
730 1899 842 1957 obiecta
857 1905 988 1957 concreta
997 1899 1028 1957 in
1043 1891 1152 1972 o'rgaua

102 1987 294 2059 imprimentia
309 1985 524 2058 circumscripta
536 1989 617 2056 sunt3
635 1982 876 2057 quemadmodum
891 1982 1021 2042 sensibus
1036 1983 1149 2043 accidit.

101 2069 134 2128 nt
147 2070 171 2128 si
185 2070 370 2142 intelligentia
385 2067 541 2141 spiritualis
556 2073 607 2134 est,
625 2066 781 2140 spiritualis
796 2067 883 2126 etiam
897 2073 940 2125 cst
957 2067 1089 2141 animus;
1108 2067 1149 2126 ia·

101 2152 190 2210 cultas
203 2153 281 2210 enim
295 2151 460 2224 supergredi
476 2150 574 2223 nequit
587 2155 719 2208 naturam
732 2149 876 2223 principii,
894 2151 969 2208 unde
984 2151 1056 2209 lluit.

134 2235 220 2292 Prob.
240 2233 295 2292 ill.
316 2234 441 2306 ldipsum
456 2232 598 2291 evincitur
611 2248 649 2290 ex
668 2232 855 2306 amplitudine
875 2239 904 2291 et
925 2235 1053 2294 vastitate
1066 2235 1144 2294 obie-

103 2317 161 2390 cti,
177 2317 253 2375 circa
268 2317 341 2392 quod
356 2322 486 2375 versatur
499 2331 582 2374 mens
600 2317 736 2374 bumana.
756 2317 827 2377 llam
844 2316 915 2376 nibil
937 2324 980 2377 est
994 2318 1071 2391 quod
1085 2320 1148 2378 eius

100 2401 274 2460 activitatem
289 2406 466 2476 praetereat;
488 2400 630 2474 siquidem
649 2401 711 2459 eius
726 2401 802 2460 acies
815 2401 851 2460 ad
866 2402 1022 2475 quamlibet
1045 2403 1147 2460 verita

101 2491 177 2559 tem,
195 2501 267 2560 quae
282 2486 407 2544 naturali
419 2485 574 2558 cognitioni
591 2485 717 2544 obnoxia
733 2485 788 2560 sit,
806 2487 901 2561 aliqua
916 2487 1025 2545 ratione
1039 2492 1150 2559 proten-

100 2569 184 2629 ditur.
203 2571 247 2629 Sic
262 2571 419 2644 cogitamus
434 2570 542 2643 Deum,
559 2571 774 2645 intelligentias,
793 2587 930 2645 corpora,
947 2576 976 2630 et
990 2570 1105 2643 quidem
1119 2571 1151 2629 in

98 2653 145 2712 his
164 2659 224 2713 tum
239 2655 428 2714 substantiam
444 2661 504 2714 tum
526 2655 762 2714 modificationes.
785 2657 818 2714 ln
836 2670 889 2713 nos
908 2659 1003 2712 autem
1018 2669 1069 2727 per
1084 2668 1150 2714 con·

100 2738 247 2797 scientiam
261 2745 449 2812 revertentes,
461 2741 649 2814 nosmetipsos
668 2746 835 2812 nostrasque
854 2739 1032 2811 operationes
1051 2738 1149 2797 subtili

99 2822 221 2895 (medam
239 2823 374 2896 indagine
391 2830 611 2896 perscrutamur.
634 2823 676 2879 Ex
696 2837 752 2894 quo
772 2820 864 2878 elucet
883 2821 1027 2879 obiectum
1041 2821 1145 2878 intelli·

98 2907 210 2978 genuae
224 2906 368 2964 humanae
386 2921 448 2964 esse
464 2921 513 2963 cito
527 2911 556 2963 et
573 2919 678 2962 oerum
692 2903 779 2961 nullis
801 2905 832 2962 iu
851 2905 949 2962 ordine
963 2904 1087 2962 naturali
1100 2905 1148 2963 de·

97 2987 213 3046 linitum
227 2987 383 3059 limitibus3
401 2987 542 3060 siquidem
560 2985 698 3058 quidquid
712 2986 785 3044 ent'rs
804 2987 907 3046 otveri
922 2986 1047 3045 continet
1060 2989 1145 3048 ratio·

98 3086 168 3130 uem
182 3074 211 3128 et
225 3085 291 3128 cum
306 3074 424 3128 naturae
439 3069 587 3142 principiis
602 3067 764 3141 colligatum
779 3076 906 3145 apparet,
920 3071 951 3130 id
965 3072 1026 3131 acie
1040 3074 1146 3133 mentis

97 3159 223 3225 nostrae,
242 3152 298 3211 uisi
314 3152 422 3226 aliquid
437 3153 537 3225 obstet,
554 3167 737 3226 usurpamus.
797 3225 800 3229 ἵ

134 3241 168 3298 tlt
182 3253 249 3296 vero
263 3237 334 3295 baec
349 3236 512 3310 amplitudo,
526 3235 596 3295 adeo
611 3236 694 3312 longe
709 3237 821 3312 lateque
835 3244 945 3313 patens,
959 3239 1047 3298 ammi
1064 3242 1146 3315 spiri-

100 3321 257 3381 tualitatem
273 3321 348 3378 clare
364 3317 547 3379 demonstrat.
564 3321 635 3380 Nam
650 3321 789 3394 activitas,
806 3337 879 3396 quae
894 3340 929 3382 ex
947 3323 1067 3381 materia
1081 3340 1148 3398 pen-

97 3407 161 3478 det,
179 3421 237 3463 non
251 3405 338 3463 babet
352 3403 409 3462 nisi
423 3405 561 3478 operandi
577 3405 728 3478 sphaeram
746 3407 874 3480 angustis
893 3406 1047 3465 admodum
1061 3409 1147 3466 confi-

96 3489 153 3548 niis
168 3489 295 3548 clausam
309 3493 337 3547 et
352 3488 434 3547 valde
451 3489 641 3562 terminatam
660 3491 752 3564 qualis
766 3490 904 3550 nimirum
915 3490 1089 3564 suppeditari
1100 3507 1146 3565 po

97 3577 152 3631 test
160 3587 196 3630 ex
208 3573 396 3646 peculiaribus
408 3588 505 3632 rerum
518 3575 658 3633 adiunctis
669 3579 697 3634 et
706 3575 841 3634 materiae
852 3573 1070 3647 conditionibus,
1083 3576 1147 3649 qui·

95 3656 152 3714 bus
167 3656 299 3730 allicitur,
316 3661 345 3715 et
358 3672 479 3731 quorum
495 3658 666 3718 adminiculo
683 3660 824 3719 actionem
839 3662 962 3718 exercet.

133 3737 220 3797 Prot.
240 3739 286 3799 il'.
306 3741 380 3800 llaec
400 3741 516 3815 quidem
535 3744 627 3816 quoad
648 3749 793 3816 mentem3
817 3743 854 3801 ad
874 3743 1046 3802 voluntatem
1064 3759 1143 3803 nuuc
1198 3745 1201 3748 ’

94 3825 245 3896 pergentes
259 3823 290 3882 in
304 3824 404 3898 primis
419 3831 617 3899 argumentum
632 3825 703 3888 illud
717 3825 879 3900 atterimus,
896 3826 973 3900 quod
985 3829 1139 3904 praecipue
