2767 4492
517 307 593 360 osse
606 306 727 358 surani
1089 293 1141 360 ue

113 399 246 474 repugnet,
256 395 393 458 continuo
404 400 439 457 nt
446 393 637 472 deceptricem
648 411 713 456 esse
723 393 911 454 reiiciendam
926 395 952 453 ⁴.
972 394 1005 452 lli
1018 391 1072 452 hoc
1086 407 1145 453 non

112 483 218 556 impedit
229 483 386 558 quominus
399 481 471 557 ipso,
486 495 555 541 casm
567 481 621 540 rito
640 480 791 540 sumbeur
805 479 956 553 studioque
970 479 1096 552 partium
1110 488 1145 538 ae

19 566 22 589 ‘
110 567 280 640 praeiudiciis
295 572 394 641 vacet,
417 581 471 626 ceu
484 581 586 625 norma
598 566 727 625 reriutis
741 565 872 624 habenda
885 565 933 624 sit.
953 563 1042 622 immo
1056 563 1144 623 edam

110 649 204 710 siresa
216 652 345 711 iudicare
358 651 503 720 volumus,
529 651 601 710 haec
619 665 732 726 pugna,
759 663 825 708 cum
839 654 973 710 accurato
988 653 1017 708 et
1030 649 1143 708 sincero

107 737 231 796 examine
248 736 367 810 utimur,
382 735 526 810 possiutu
539 734 623 809 plane
636 749 697 792 non
711 738 763 793 est.
779 733 849 794 llam
865 739 914 794 aut
928 734 958 792 in
973 733 1146 792 immediatis

106 817 215 892 lingitm
228 819 352 894 iudiciis,
369 823 399 880 et
412 819 483 880 haec
495 824 642 894 nequeunt
655 833 792 894 apparere
802 817 883 878 aliter
897 831 985 893 quam
999 823 1080 891 srmt3
1097 817 1147 876 aut

105 902 134 960 iu
150 903 349 979 illationibus,
373 909 402 963 et
419 905 473 965 hae
494 904 581 964 etiam
598 909 697 962 utrum
714 907 808 961 rectae
826 903 884 962 sint
903 917 994 961 necne
1013 899 1147 975 prudenti

103 987 224 1061 cuipiam
244 997 273 1049 et
289 989 419 1049 veritatis
432 990 552 1048 amatori
569 987 693 1047 dilucide
713 987 886 1056 innotescet,
910 987 935 1046 si
958 987 994 1044 ad
1009 985 1145 1044 trutinam

103 1070 279 1132 ratiocinium
302 1079 416 1133 mvocet
433 1075 584 1148 ipsumque
604 1072 636 1131 in
656 1071 823 1145 principia,
846 1069 921 1130 unde
944 1067 1143 1145 progreditur,

101 1155 228 1215 msolrat.

133 1237 215 1300 Nulla
228 1241 316 1314 igion
329 1241 403 1300 ratio
420 1247 466 1300 est
482 1255 534 1298 cur
549 1254 614 1311 nos,
633 1237 844 1296 contradicente
861 1243 890 1296 et
907 1243 1084 1312 repugnante
1096 1253 1147 1296 na·

99 1327 171 1391 tura,
192 1323 385 1382 Lamenniano
402 1323 551 1396 systemati
567 1321 771 1393 assentiamur3
791 1321 866 1394 quod
884 1327 981 1380 auctor
993 1323 1065 1395 ipse,
1081 1319 1146 1396 plus

97 1421 188 1480 quam
198 1419 253 1478 par
266 1412 317 1463 aut
327 1407 480 1463 honestum
494 1410 571 1478 erat,
596 1403 728 1478 exemplo
743 1419 794 1463 suo
809 1405 982 1476 confutavit3
1009 1403 1150 1476 siquidem

97 1505 115 1547 a
136 1503 207 1548 rere
220 1488 377 1546 universali
396 1487 561 1546 auctoritate
582 1505 612 1547 se
630 1489 804 1562 seiungens,
826 1501 886 1546 non
904 1485 988 1547 modo
1011 1485 1150 1560 peculiari

97 1587 149 1632 suo
163 1571 285 1632 indulsit
302 1572 436 1646 ingenio,
456 1571 506 1630 sed
522 1571 608 1633 etiam
623 1573 764 1648 despatio
785 1571 983 1646 curriculoque
998 1569 1150 1630 dedectens

98 1657 255 1732 sapientiae
274 1657 386 1718 meiana
405 1669 490 1718 muse
507 1662 536 1718 et
551 1657 786 1732 pestilenu'ssima
804 1657 930 1718 absurda
950 1656 1069 1732 tupiter
1091 1669 1148 1716 am·

98 1741 200 1815 plexus
214 1745 266 1802 est.

373 1952 377 1959 -
471 1913 708 1974 inrrcnnus
727 1911 771 1972 111.

499 2081 744 2158 deruptictsmo.

133 2251 179 2312 79.
196 2250 357 2312 Theodorus
370 2251 494 2326 Jouiiroy
507 2251 650 2326 duplicem
670 2252 820 2326 distinguit
835 2251 1056 2328 scepticismum:
1073 2249 1142 2311 alte·

95 2349 160 2394 rum
168 2335 253 2410 sacti,
270 2351 356 2412 quem
368 2335 522 2411 reponitin
541 2337 719 2410 ignoratione
736 2351 834 2396 earum
846 2339 1054 2412 qliaestionum
1067 2349 1141 2410 quae

94 2421 278 2493 potissimum
290 2420 475 2480 humanitatis
489 2419 643 2495 intersunt3
667 2421 790 2480 alterum
813 2422 909 2493 iuris,
926 2435 1011 2493 quem
1032 2417 1141 2477 delinit:

95 2505 184 2566 animi
199 2505 237 2563 ad
247 2503 319 2563 nilril
333 2504 540 2564 admittendum
555 2503 780 2579 dispositionem,
792 2511 884 2565 ortam
892 2504 928 2562 ab
936 2502 1070 2562 examine
1084 2515 1142 2560 me-

96 2587 221 2661 diorum,
237 2603 310 2663 quae
325 2588 361 2648 ad
375 2590 570 2664 attingendam
586 2590 732 2649 veritatem
753 2589 892 2650 habemus
907 2591 985 2646 etex
1001 2601 1058 2662 quo
1072 2583 1147 2660 quis·

95 2673 171 2747 piam
190 2673 231 2731 ad
251 2673 327 2733 hanc
347 2674 479 2734 deveniat
492 2674 662 2735 illationem:
683 2673 763 2734 uidit
780 2689 860 2748 posse
877 2679 953 2732 certo
974 2672 1105 2748 cognosci
1119 2669 1146 2729 2.

94 2756 239 2818 Posterior
252 2757 309 2830 liic,
324 2764 358 2816 ut
371 2758 462 2834 vides,
477 2759 513 2818 ad
526 2759 710 2833 philosophos
726 2758 858 2832 pertinet
873 2758 979 2828 dequo
1000 2761 1150 2830 propterea

95 2841 229 2902 nonnihil
244 2842 393 2916 attingam.

141 3025 155 3070 l
175 3021 270 3082 Egregie
284 3019 329 3065 huo
343 3019 428 3066 uolunt
444 3019 560 3078 Augustini
575 3017 641 3064 verbs
657 3017 688 3062 sio
705 3015 799 3062 aientis:
820 3035 829 3058 ι
847 3013 932 3062 Veritus
948 3029 988 3062 nec
1004 3029 1051 3062 mer
1066 3017 1099 3062 esi
1111 3028 1152 3061 nec

95 3121 105 3145 ι
125 3098 191 3144 illius
206 3100 245 3140 out
259 3093 328 3155 illius,
345 3093 384 3138 sed
400 3091 498 3138 omnium
514 3095 625 3152 nostrum5
642 3089 700 3152 quod
718 3089 746 3138 od
762 3089 808 3136 sius
825 3090 998 3138 communionem
1014 3087 1101 3154 publice
1117 3103 1153 3137 vo·

95 3195 105 3221 .
124 3172 179 3237 ηιξ,
196 3167 325 3216 terribiliter
341 3165 462 3214 &monens
478 3179 532 3229 nos,
549 3171 574 3212 ot
590 3165 684 3213 nolimus
701 3179 749 3213 eam
764 3165 843 3214 habers
859 3166 978 3229 privatam,
996 3181 1025 3213 ns
1040 3165 1151 3230 privamur

96 3272 107 3295 ι
123 3265 161 3300 so.
180 3247 237 3294 Nm
252 3244 352 3308 quisquis
368 3243 409 3308 id,
425 3239 485 3306 qaod
498 3243 533 3289 'iu
547 3241 650 3290 omnbus
665 3243 693 3291 sd
710 3242 827 3292 tumtun
843 3243 963 3307 proponis,
980 3243 1023 3290 sili
1039 3243 1152 3305 proprium

97 3347 107 3371 ι
125 3324 235 3386 vindieat,
251 3326 275 3368 st
289 3335 355 3368 sun
370 3317 417 3370 nli
433 3335 488 3384 sess,
504 3318 563 3382 quod
578 3321 676 3368 omi-n
692 3324 738 3384 ως
757 3334 769 3367 r
785 3319 895 3368 commui
912 3318 1040 3382 propellitur
1056 3317 1083 3364 sd
1100 3331 1148 3380 aar,

100 3402 167 3450 rhos
184 3403 218 3447 ert
232 3413 246 3445 s
262 3397 353 3446 mitris
367 3395 397 3446 si
412 3397 570 3461 undecim
588 3398 625 3461 qui
644 3396 822 3460 soh-loquitu
842 3395 999 3461 uuirdon,
1017 3396 1044 3441 ds
1060 3409 1099 3440 suo
1115 3392 1151 3439 loa

99 3497 109 3520 ι
126 3477 212 3540 quitur.
233 3493 243 3518 ι
261 3477 363 3535 (ἔθιμα.
381 3473 421 3522 lii.
438 3474 478 3537 ⁴2,
489 3489 537 3537 οφ.
550 3473 590 3521 at.

142 3552 159 3600 2
176 3571 186 3594 ι
205 3551 235 3598 [Δ
251 3551 387 3612 aeplicius
401 3549 464 3598 c’esi
479 3565 523 3598 ure
539 3549 670 3613 disposilion
684 3549 714 3597 de
730 3548 746 3596 1'
753 3549 822 3613 esprii
835 3551 849 3598 i
866 3563 894 3596 ne
909 3549 956 3596 rien
973 3547 1152 3610 omousios-

100 3647 110 3669 ·
129 3626 170 3674 dis
182 3641 224 3682 pars
240 3641 272 3672 un
282 3640 373 3672 umen
390 3625 428 3672 dos
443 3641 535 3688 mopsus
545 3642 588 3689 que
598 3641 653 3672 nous
670 3641 737 3673 avons
754 3623 884 3672 d'stisindro
894 3623 915 3671 ls
926 3625 1001 3687 veriet,
1013 3624 1050 3687 qui
1062 3638 1074 3670 ι
1085 3623 1151 3670 sbou·

100 3718 111 3744 ι
128 3702 148 3747 ti
163 3704 177 3747 i
193 3705 249 3748 ostis
265 3700 402 3765 camelarios,
419 3716 534 3765 voluens
549 3703 701 3766 reponsione
717 3701 766 3748 rien
782 3705 895 3748 manuue
910 3715 960 3748 arec
977 3700 1090 3748 cuiuis.
1102 3699 1152 3746 Voi·

101 3791 112 3816 a
129 3772 153 3821 li
168 3775 191 3821 le
206 3774 333 3836 rigonrnss
348 3773 465 3822 didnidou
480 3773 511 3821 du
527 3775 670 3839 scepticisme.
685 3773 825 3839 I’rppellsrsi
840 3791 865 3822 co
881 3775 1059 3842 depereunt-lt,
1071 3775 1110 3840 gni
1119 3776 1153 3825 eti

102 3869 112 3895 ο
130 3849 153 3899 la
168 3849 281 3911 timiama,
298 3851 434 3916 supprime
450 3850 478 3901 de
494 3849 562 3902 droit·
577 3873 594 3910 s.
611 3855 686 3906 Com
700 3853 730 3904 dt
744 3853 809 3907 droit
822 3847 918 3906 delmi
931 3849 972 3916 lep.
989 3851 1016 3901 it.
