2767 4492
351 268 475 313 tommo
491 269 564 312 ems
579 267 700 312 strom
710 283 721 293 ·
733 265 889 309 esoeoous
1107 249 1137 309 ol

105 353 256 406 Huiusmodi
268 363 334 406 sunt
347 370 413 420 quas
426 357 483 406 ueri
496 362 659 418 conceptum,
674 356 779 405 motiva
792 352 964 403 assentimus
976 353 1076 408 enimi,
1088 353 1141 400 cri-

105 440 194 488 terium
202 441 392 491 diiudicandae
403 441 538 496 ocritotis,
549 443 698 491 melbudum
707 439 869 502 procedendi
877 437 908 485 in
919 437 1052 498 scientiis,
1063 443 1142 500 atque

104 523 140 571 bis
152 523 249 574 sinsilia
261 527 420 587 respiciunt.
436 525 539 576 Horum
548 528 649 577 notitia
657 537 816 591 mapnopere
827 523 979 573 necessaria
991 523 1072 572 estad
1084 521 1140 570 ela·

103 608 188 658 rioren
199 611 445 675 distinctioremque
457 613 620 679 efficiendam
634 614 922 674 capnitionemrerum‚
935 621 1002 672 quae
1013 609 1045 656 in
1057 607 1142 658 diale-

102 692 163 740 ctica
175 695 297 744 traditae
309 702 389 756 sunt,
403 701 427 746 et
441 698 477 746 od
489 696 667 746 adolescentes
677 695 884 759 praeparandos
896 694 1066 756 suaviusque
1083 693 1142 742 dis-

97 779 226 843 ponendos
238 791 291 842 pro
305 779 448 832 altioribus
461 781 699 845 subtilioribusque
710 780 881 835 notionibus,
894 777 988 842 quibus
1002 781 1097 840 postea
1110 777 1142 826 ln

98 857 281 924 Metapbpsica
293 865 386 913 daturi
400 871 463 914 sunt
480 878 596 928 operam.
618 865 726 915 Accedit
738 864 888 926 exemplum
898 869 954 912 tum
965 862 1142 911 recentiorum
1182 919 1186 926 Ι

97 947 150 990 tum
160 952 290 1007 ueterum,
303 949 350 1011 qui
359 961 469 1010 semper,
481 955 563 1010 prout
574 954 722 1012 temporum
730 948 849 998 conditio
859 947 936 1009 tulit,
946 947 1018 996 idem
1029 946 1142 1009 {uetita-

95 1033 166 1080 runt.
182 1029 338 1082 Aristoteles
353 1033 424 1094 ipse.
441 1032 600 1096 topicorum
619 1032 839 1096 antiquissimus,
852 1032 893 1080 ita
905 1032 936 1080 in
948 1029 1004 1080 suis
1016 1030 1048 1079 de
1061 1042 1090 1078 re
1102 1029 1142 1078 lo-

93 1110 154 1174 qiea
164 1112 240 1164 libris
253 1116 395 1166 rodoainii
404 1123 548 1179 praecepta
561 1117 690 1177 tradidit,
702 1121 733 1164 ut
745 1115 826 1164 simul
838 1127 892 1164 non
899 1127 987 1177 pauca
997 1114 1143 1164 identidem

94 1193 284 1260 immiscuerit,
298 1213 365 1263 quoe
379 1201 411 1249 de
423 1200 599 1262 ipnorantia,
612 1201 644 1248 de
657 1201 786 1254 scientia,
797 1199 829 1248 de
841 1199 1012 1260 certitudine,
1026 1199 1057 1247 de
1070 1210 1142 1247 erro·

91 1289 149 1327 rum
163 1285 267 1342 causis,
280 1291 358 1346 atque
370 1283 435 1331 aliis
450 1281 578 1330 eiusmodi
590 1283 756 1344 arqumsntis
770 1287 878 1343 aperent
895 1279 919 1333 ⁴.

125 1363 198 1425 Apte
213 1367 301 1427 iqitur
315 1367 510 1427 prudenterque
522 1371 661 1426 postquam
675 1365 829 1426 spinosiora
841 1365 907 1426 illa,
920 1377 988 1426 quae
1002 1366 1038 1414 ad
1051 1364 1144 1414 Diale-

87 1447 191 1494 cticam
201 1447 389 1508 pertinebant,
399 1451 522 1495 accurate
531 1447 609 1506 satis,
617 1453 647 1496 ut
658 1445 787 1507 arbitror,
796 1448 951 1508 prosequuti
962 1459 1050 1494 sumus
1057 1461 1067 1503 ,·
1078 1449 1146 1496 bane

89 1527 211 1577 alteram
225 1528 341 1594 Loqieae
352 1535 460 1592 portem
473 1529 660 1586 subnectimus,
673 1543 745 1593 quae
757 1530 920 1593 superiorem
932 1529 1014 1579 veluti
1023 1529 1147 1592 perficiat

94 1615 120 1660 et
134 1611 274 1666 absoluat.

129 1695 191 1758 Qua
205 1699 312 1761 quidem
321 1699 352 1748 in
363 1711 393 1748 re
405 1700 456 1748 duo
468 1699 539 1747 vitia
550 1700 665 1749 uitanda
677 1705 757 1748 sunt:
772 1698 901 1748 unumne
912 1703 1007 1748 tersere
1019 1699 1050 1746 in
1060 1703 1144 1747 meta-

93 1781 236 1844 pbpsicam
246 1788 355 1846 repetem
367 1782 467 1846 Lopica
479 1782 705 1845 tabenensiotae,
720 1784 859 1846 utriusque
872 1782 1033 1844 disciplinae
1052 1783 1143 1832 termi-

93 1866 136 1913 nis
149 1866 220 1916 male
231 1869 374 1929 peremistis
382 1881 393 1924 ,·
405 1866 521 1916 alterum
540 1879 570 1916 ne
583 1868 746 1918 omittantur
761 1880 810 1928 ea,
823 1880 890 1931 quae
906 1867 986 1916 buius
1003 1867 1144 1930 facultatis

94 1955 156 1998 sunt
167 1951 287 2000 mocime
298 1952 422 2012 propria.
437 1950 471 2000 ld
484 1951 574 2014 itaque
588 1957 743 2013 reputantes
756 1957 842 2001 totam
853 1952 932 2001 buius
946 1951 998 2000 loci
1010 1954 1140 2015 quaestio·

94 2045 152 2081 nom
161 2035 201 2083 sic
212 2036 360 2097 partimur,
372 2040 403 2083 ut
412 2035 533 2096 primum
541 2037 572 2084 de
584 2035 710 2091 ueritate,
720 2043 853 2098 quantum
862 2036 1010 2098 lopicorum
1019 2038 1140 2098 interest,

95 2117 230 2180 uariisque
244 2119 332 2181 quoad
343 2118 431 2180 ipsam
444 2118 575 2167 bumanae
588 2120 684 2170 mentis
697 2118 830 2174 statibus:
843 2119 938 2169 deinde
950 2119 982 2168 de
994 2119 1063 2174 uiis,
1077 2133 1144 2182 quae

93 2199 230 2250 adrerum
251 2201 381 2250 notitiam
392 2207 504 2263 patent3
519 2208 576 2250 tum
588 2204 619 2252 de
632 2203 744 2252 indiciis
761 2203 954 2252 diiudicandae
966 2204 1102 2258 veritatis,
1117 2211 1141 2252 et

94 2285 162 2333 unde
173 2285 334 2347 pbilosoplto
347 2286 539 2334 exordiendum
550 2285 586 2336 sit
599 2299 682 2350 quave
696 2286 817 2335 methodo
831 2288 1034 2348 procedendum,
1048 2288 1142 2348 dispu-

97 2372 187 2417 temus.
205 2367 310 2430 Quibus
323 2369 353 2416 in
366 2369 442 2417 rebus
456 2371 492 2418 ad
505 2357 674 2419 dialecticam
688 2370 859 2432 conformato
871 2371 1080 2433 pbilosopbandi
1097 2382 1144 2418 ro-

96 2451 164 2500 tione
176 2453 353 2514 potissimum
365 2458 478 2505 utemur.
492 2453 664 2503 Detestabilis
677 2457 749 2504 onim
761 2468 884 2504 errorum
898 2455 952 2503 iuss
965 2489 972 2512 ‚
987 2466 1054 2515 quae
1067 2453 1145 2503 bodie

95 2534 220 2586 scientias
237 2549 293 2584 non
303 2549 401 2598 parum
409 2537 508 2601 inficit,
522 2550 550 2587 eo
561 2538 635 2600 {onte
643 2539 804 2601 praesertim
814 2537 1063 2592 derivataoidetum
1072 2537 1143 2599 quod

95 2627 209 2670 seorsum
223 2622 296 2671 buno
306 2621 515 2685 pbilosopbondi
525 2635 624 2673 morem
633 2623 734 2685 perosi,
750 2625 787 2673 ad
798 2624 976 2674 amoeniorem
988 2623 1142 2686 quamdam,
1198 2610 1202 2614 ’

96 2708 124 2751 at
136 2711 204 2756 certe
215 2705 309 2755 minus
323 2711 421 2767 tutam,
434 2707 615 2758 academicam
627 2709 775 2759 disserendi
787 2704 903 2772 timeam
913 2708 1048 2771 sapientes
1061 2707 1139 2773 defle·
1188 2710 1192 2725 '
1255 2732 1257 2736 ·

97 2789 197 2840 serint.

145 3309 154 3352 i
176 3308 271 3356 censue
285 3307 332 3356 eius
346 3308 374 3356 de
392 3306 598 3368 Inierprelulione,
613 3307 778 3361 Blencborsun,
789 3311 812 3352 ei
827 3307 965 3366 Topieorum
977 3304 1053 3352 libros.
