2767 4492
219 296 257 366 tt
549 303 941 360 monstraremus

255 394 333 464 (luae
346 393 464 469 quum
478 389 619 452 senentis
637 393 779 464 quantum
793 388 924 462 aberret,
946 388 1037 462 pluris
1055 387 1195 463 disputari
1212 405 1274 450 non

218 480 337 554 indiget.
360 478 451 539 Chaos
464 478 543 538 enim
556 475 716 548 eiusmodi,
736 489 788 534 seu
803 473 923 534 materia
937 489 974 532 ex
989 490 1046 548 qua
1061 475 1187 534 muudus
1201 476 1271 536 odu-

220 571 284 627 otus
298 566 462 640 lingeretm,
479 568 529 621 aut
539 562 711 636 productum
724 559 838 635 ponitur
853 575 870 618 a
884 575 971 620 causa
981 559 1077 633 aliqua
1091 565 1274 621 antesistens

218 667 271 728 per
286 666 369 712 sese.
390 649 419 708 Si
438 649 492 708 lroc
506 646 647 722 posterius
661 646 786 719 dicitur,
806 645 837 705 in
853 645 1009 706 absurdum
1024 645 1273 722 incurrimrquod

217 751 307 811 supra
319 734 481 806 reiecimns,
502 747 569 791 cum
582 731 683 791 mundi
699 730 849 790 materiam
864 729 1000 790 iniectam
1015 745 1078 790 esse
1092 745 1151 790 non
1166 732 1273 804 potuis-

219 837 251 882 se
264 819 457 896 probavimus.
479 818 529 876 Sin
543 833 561 875 a
576 832 663 876 causa
677 815 774 890 aliqua
789 816 897 876 lactum
911 816 1085 885 adstruitur,
1105 817 1272 890 quaerimus

219 907 313 966 denuo
327 910 425 965 utrum
439 917 526 966 causa
541 903 633 962 istaec
647 901 735 961 tuerit
744 901 818 960 Ileus
833 917 887 960 nec
900 917 947 960 ne.
965 901 994 962 Si
1008 901 1073 976 quis
1088 907 1174 976 negat
1183 902 1273 963 luisse

218 991 318 1064 Deum,
338 991 449 1062 cogitur
462 989 487 1048 is
500 988 531 1046 in
546 987 691 1046 infinitum
707 987 787 1046 abire
801 987 883 1046 novis
897 986 1177 1061 interrogationibus
1194 988 1271 1063 quod

219 1093 307 1152 quiam
330 1075 485 1134 absurdum
500 1073 537 1132 sit
550 1072 581 1131 io
595 1073 776 1146 praecedenti
800 1072 918 1132 articulo
942 1079 1087 1132 ostensum
1104 1078 1156 1132 est.
1180 1072 1209 1133 Si
1225 1087 1272 1132 ve·

218 1177 252 1224 ro
266 1162 355 1222 mum
370 1159 458 1220 luisse
472 1159 547 1218 banc
560 1173 678 1218 causam
693 1157 878 1232 conceditur,
901 1159 950 1231 qui
966 1157 1045 1230 prius
1067 1157 1154 1218 cbaos
1174 1157 1272 1218 condi-

219 1247 302 1319 derit,
315 1246 450 1319 deinceps
466 1261 504 1304 ea
518 1244 580 1318 ipso
591 1242 732 1304 mundum
742 1242 887 1314 eiiecerit;
905 1241 976 1300 nibil
992 1247 1092 1302 contra
1104 1257 1157 1302 nos
1172 1257 1272 1302 resera

218 1331 369 1406 profertur.
390 1332 445 1390 Nos
458 1329 537 1392 euim
551 1343 618 1388 cum
632 1329 775 1388 mundum
789 1343 827 1388 ex
842 1327 923 1387 nulla
938 1328 1017 1402 prius
1036 1333 1167 1387 exstante
1182 1334 1272 1388 mate·

219 1416 264 1476 ria
277 1416 410 1476 ellectum
424 1416 591 1488 asserimus,
606 1414 641 1474 de
651 1413 746 1488 prima
755 1428 853 1472 rerum
864 1413 1008 1487 loquimur
1017 1412 1173 1486 molitione,
1190 1427 1273 1472 mun-

218 1501 305 1576 dique
320 1501 436 1560 numine
445 1516 504 1560 non
514 1506 647 1560 ornatum
657 1500 809 1558 dumtaxat
819 1497 1092 1573 dispositionemque
1107 1497 1270 1573 mirificam,

219 1603 277 1662 qua
290 1603 368 1647 nunc
382 1587 497 1660 gaudet,
516 1587 568 1646 sed
583 1591 671 1646 totam
686 1586 749 1645 eius
764 1585 920 1660 accipimus
931 1585 1099 1644 realiutem.
1116 1585 1272 1645 Uuumre·

219 1689 252 1734 ro
265 1672 340 1732 Deus
354 1673 425 1733 baec
437 1672 502 1745 ipsa
515 1687 644 1744 corpora,
664 1671 772 1745 quibus
787 1685 922 1744 praesens
938 1669 1038 1729 mundi
1052 1669 1187 1730 machina
1202 1683 1269 1730 con-

221 1758 337 1830 timetur,
348 1771 422 1816 cum
438 1757 549 1828 eadem,
566 1771 624 1830 qua
637 1771 715 1815 nunc
729 1756 889 1829 instruitur,
907 1757 1016 1830 lorma3
1033 1771 1071 1814 an
1086 1756 1165 1830 prius
1175 1770 1272 1830 corpo

219 1857 285 1907 rum
298 1844 358 1901 sive
373 1841 538 1901 coelestium
551 1841 612 1901 siue
627 1841 807 1902 terrestrium
823 1841 1013 1902 substantiam
1027 1841 1176 1915 creaverit,
1193 1841 1272 1900 dein·

219 1927 256 1986 de
270 1942 336 1986 eam
349 1927 412 1986 suis
427 1926 497 1986 lucis
511 1927 676 1986 distinxerit
697 1942 731 1985 ac
749 1943 800 2000 pro
815 1926 992 2000 singulomm
1010 1926 1178 1986 muneribus
1195 1926 1272 1986 ordi-

220 2013 313 2072 narit:
333 2013 414 2072 idad
435 2013 564 2072 divinam
586 2013 727 2087 pertinuit
746 2012 925 2085 libertatem,
946 2017 1031 2087 atque
1046 2027 1084 2072 ex
1097 2011 1271 2072 revelatione

221 2097 370 2157 sciendum
384 2104 436 2171 est,
453 2113 511 2156 non
525 2096 706 2172 philosophia
720 2097 924 2156 deliniendum.

259 2183 301 2242 15.
319 2184 394 2244 Haec
408 2183 495 2256 igtur
507 2198 573 2242 cum
584 2185 625 2242 ita
635 2182 703 2257 sint,
720 2183 788 2242 illud
804 2189 919 2242 maneat
933 2183 1050 2242 necesse
1060 2188 1112 2243 est:
1129 2184 1269 2244 mundum

144 2311 151 2326 .
221 2269 310 2330 alteo
332 2284 349 2328 e
367 2269 458 2329 nihilo
478 2270 614 2328 eductum
632 2282 716 2343 esse,
738 2268 823 2343 idque
837 2283 874 2328 ex
889 2267 1084 2342 superioribus
1103 2269 1270 2328 veritatibus

220 2355 453 2414 manifestissime
468 2354 659 2429 consequitur.
680 2354 848 2414 luculenter
869 2354 947 2412 enim
964 2360 1082 2428 apparet
1096 2355 1269 2414 adversariis

220 2440 358 2514 eilbgium
373 2455 458 2499 omne
472 2439 629 2513 praecludi.
649 2440 718 2498 llam
734 2439 759 2498 si
774 2439 911 2512 mundus,
932 2445 964 2497 ut
977 2439 1164 2513 ostendimus,
1181 2439 1269 2500 olleo

219 2525 375 2600 productus
388 2532 441 2598 est,
461 2525 501 2583 ita
516 2531 610 2582 umen
626 2530 658 2582 ut
671 2541 688 2582 a
703 2523 799 2583 divina
815 2530 919 2582 natura
935 2538 992 2583 non
1007 2524 1160 2596 ellluaerit,
1181 2539 1234 2583 nec
1252 2537 1270 2582 a

219 2610 337 2684 praevia
351 2609 475 2684 quadum
489 2610 668 2682 improducta
681 2609 802 2668 materia
816 2619 968 2679 generatus
983 2609 1038 2682 sil3
1058 2609 1087 2667 id
1101 2624 1191 2670 unum
1205 2609 1269 2668 reli-

220 2709 310 2768 quum
324 2700 385 2768 est,
406 2699 438 2753 ut
452 2694 548 2769 ipsum
562 2694 660 2753 diviua
675 2693 781 2752 virurte
795 2709 832 2752 ex
845 2695 937 2774 nihilo
951 2695 1102 2754 emersisse
1118 2696 1267 2756 fateamur.
1381 2717 1382 2766 l

219 2779 334 2924 grueter
346 2780 426 2877 enim
440 2780 518 2840 hunc
531 2780 649 2840 modum
665 2778 763 2839 nullus
773 2779 848 2839 alium
858 2786 988 2855 superest
1000 2795 1057 2854 quo
1071 2781 1196 2840 mundus
1205 2797 1267 2857 pro

239 2871 428 3026 Ιῗῑεριξέιοθέεῑι
438 2953 579 3012 mundum
593 2968 610 3012 e
624 2953 716 3012 oibilo
730 2957 858 3012 creatum
871 2953 1011 3022 dicimus,
1032 2954 1061 3014 id
1075 2967 1133 3014 non
1151 2953 1269 3030 perinde

220 3035 339 3110 intelligi
354 3038 447 3106 debet,
467 3037 549 3111 quasi
565 3038 687 3097 nihilum
703 3054 733 3097 se
749 3037 839 3100 instar
853 3040 1210 3116 materiaesuppeditarit,
1231 3055 1269 3098 ex

220 3136 277 3196 qua
292 3123 415 3180 mundus
429 3123 610 3182 moderetur.
630 3124 659 3182 ld
676 3124 755 3183 enim
770 3125 921 3184 ridiculum
945 3140 1060 3198 prorsus
1075 3133 1149 3184 esset
1163 3131 1192 3184 et
1205 3139 1268 3183 mu-

221 3213 269 3265 tuo
283 3212 444 3282 pugnantes
456 3207 536 3266 ideas
549 3208 705 3282 copularet.
723 3209 1007 3283 Seddntelligendum
1020 3216 1063 3270 est
1075 3210 1124 3282 ila,
1142 3215 1174 3270 ut
1186 3223 1268 3268 mun·

117 3337 122 3344 .
220 3293 275 3352 dus
292 3292 385 3366 quoad
405 3307 486 3351 suam
507 3300 594 3352 totam
614 3293 804 3352 substantiam
821 3300 850 3354 et
867 3294 1027 3356 realitatem
1045 3295 1143 3368 duna
1157 3294 1268 3353 actione

219 3376 375 3452 productus
388 3377 443 3450 sit,
462 3378 532 3452 quio
548 3378 656 3453 aliquid
670 3377 715 3436 sui
731 3383 796 3437 ante
811 3380 978 3454 praeiverit,
999 3395 1036 3440 ex
1051 3396 1107 3455 quo
1121 3385 1269 3455 umquam

220 3477 258 3522 ex
272 3462 393 3520 materia
407 3463 602 3521 conficeretur.
624 3462 677 3521 Sed
698 3463 833 3536 quoniam
853 3465 958 3525 creatio
981 3466 1067 3524 istaec
1082 3481 1179 3524 rerum
1193 3481 1209 3524 e
1223 3465 1268 3523 ui-

220 3544 279 3608 bilo
293 3553 336 3605 est
349 3547 387 3606 ab
402 3546 465 3606 aliis
479 3547 582 3606 acriter
596 3554 769 3622 oppugnata,
790 3547 826 3606 ab
843 3547 906 3608 aliis
921 3549 1098 3612 subabsurde
1112 3549 1265 3625 intellecta,

220 3629 313 3707 placet
325 3631 373 3690 bic
387 3647 452 3692 eam
468 3631 603 3706 peculiari
617 3631 737 3692 articulo
758 3633 967 3710 aliquantulum
987 3649 1131 3711 exponere
1150 3641 1269 3711 atquae

220 3715 300 3776 falsis
313 3715 593 3791 interpretationibus
607 3717 763 3780 vindicare.
