2767 4492
512 310 592 358 1ums
606 311 759 358 nisurum
1106 302 1158 364 329

113 415 180 464 cum
193 399 338 463 communi
353 397 482 460 omnium
493 398 642 458 bominum
658 399 851 460 emolumento
865 401 971 475 optime
980 401 1155 476 concilietur3

108 503 192 548 secus
202 486 328 560 gentium
344 483 541 543 benevolentia
555 483 586 541 iu
601 483 778 542 teterrimum
793 488 821 542 et
834 484 1056 558 ignominiosum
1067 489 1157 562 egois·

107 587 188 631 mum
202 575 421 630 converteretur.
1094 626 1097 631 ‚

141 657 235 715 Altera
250 655 409 714 observatio
425 653 461 713 sit
471 652 515 713 ius
525 653 663 713 libertatis
678 657 706 712 et
720 653 952 729 inviolabilitatis,
964 658 1040 730 quod
1054 657 1082 718 ni
1094 674 1155 732 pro·

104 744 160 818 prii
175 743 303 802 muneris
316 757 438 816 persona
451 742 608 814 legatorum
623 741 677 800 sibi
692 742 827 800 vindicat.
846 741 875 800 si
889 743 967 800 enim
982 742 1154 804 instrumen-

105 835 165 887 tum
181 833 224 886 est
239 833 354 886 mutuae
369 826 652 897 communicationis;
666 826 764 900 procul
779 825 865 884 dubio
876 826 1154 889 iaculmtembaberc

104 911 188 972 debet
202 911 290 970 libere
305 911 506 970 manifestandi
524 925 618 982 sensa,
636 924 710 984 spirae
724 911 853 982 nationi,
870 911 906 969 ad
920 925 1008 984 quam
1021 911 1152 986 mittitur,

102 996 298 1070 patefacienda
312 996 448 1068 suscepit;
476 1000 535 1053 tum
550 993 726 1054 rescribendi
740 1009 877 1067 responsa
898 1009 971 1068 quae
985 995 1102 1066 dentur,
1120 1011 1154 1055 ac

104 1097 193 1140 novas
208 1080 408 1139 instructiones
422 1079 593 1153 postulandi.
611 1077 670 1146 (tua
684 1079 715 1136 iu
725 1095 756 1137 re
771 1078 904 1152 impediri
918 1079 1039 1137 minime
1049 1085 1150 1153 potest,

104 1167 174 1240 quiir
188 1163 343 1238 inproprie
358 1164 520 1238 operatione
530 1163 669 1220 laedatur.
686 1163 733 1243 Sic
747 1163 835 1222 etiam
848 1162 1021 1222 inviolabilis
1034 1164 1159 1223 omuino·

103 1264 165 1308 esse
179 1249 271 1320 debet,
291 1253 348 1306 tum
366 1253 480 1321 proptor
495 1248 688 1306 characterem
711 1247 986 1321 repraesentativum
1000 1263 1056 1321 quo
1071 1264 1152 1307 orua-

103 1337 158 1405 tur,
176 1337 236 1390 tum
248 1331 531 1406 propterlibertatem
543 1331 657 1404 proprio
674 1331 834 1389 exercendo
849 1332 961 1389 muneri
970 1330 1149 1404 requisitam.

104 1416 130 1474 Si
146 1415 223 1474 enim
238 1415 281 1474 vis
296 1415 351 1489 ipsi
367 1415 466 1474 inferri
482 1420 576 1490 posset
592 1435 599 1488 ;
617 1415 732 1474 iaeilea
747 1415 807 1474 suis
820 1413 1016 1473 functionibus
1031 1415 1152 1476 lideliter

102 1500 255 1574 implendis
269 1500 469 1560 deterreretur.

137 1585 208 1644 lliuc
221 1585 349 1658 exsurgit
364 1593 394 1644 ut
408 1586 602 1645 iurisdictioni
612 1587 716 1660 gentis,
733 1587 769 1645 ad
784 1601 870 1659 quam
885 1585 1015 1664 mittitur,
1031 1585 1150 1645 minime

101 1669 284 1742 subiiciatur3
297 1676 357 1728 tum
367 1669 435 1744 quia
443 1671 473 1728 id
482 1671 603 1745 requirit
613 1671 740 1746 perlecta
750 1669 974 1728 inviolabilitatis
982 1670 1065 1743 ratio,
1077 1686 1149 1744 quae

101 1769 183 1814 secus
198 1754 279 1813 laeile
292 1753 490 1828 evanesceret,
508 1761 568 1814 tum
584 1758 680 1828 etiam,
699 1755 766 1828 quia
773 1754 801 1812 id
812 1755 936 1828 postulat
946 1753 1069 1826 dignitas
1083 1769 1150 1827 gen·

101 1839 136 1898 tis
151 1855 237 1913 quam
253 1845 462 1912 repraesentat3
480 1855 553 1914 quae
569 1855 635 1900 cum
650 1839 845 1914 independens
860 1839 898 1898 sit
911 1844 940 1898 et
954 1839 1000 1897 sui
1010 1838 1090 1912 iuris,
1107 1854 1149 1898 re

100 1923 200 1997 gimini
217 1923 332 1984 alterius
346 1924 466 1984 minime
486 1926 626 1984 subditur.

135 2008 163 2066 ld
180 2023 316 2067 veronen
334 2015 409 2066 vetat
430 2012 593 2082 quominus,
610 2011 634 2068 si
651 2015 748 2085 aperte
767 2010 899 2069 hostilem
919 2009 1048 2069 animum
1066 2009 1147 2068 exbi-
1206 2084 1212 2092 .

97 2091 163 2148 beat
177 2107 211 2150 ac
225 2091 334 2150 nefario
347 2096 451 2148 conatu
466 2092 623 2164 perniciem
634 2095 738 2166 gentis,
750 2094 826 2176 apud
836 2110 922 2168 quam
933 2098 1070 2165 moratur,
1087 2107 1146 2151 me·

97 2177 216 2248 ditetur,
229 2193 260 2234 re
277 2181 421 2248 comperta
436 2174 554 2248 reprimi
572 2176 661 2247 possit
676 2183 761 2250 atque
775 2179 862 2236 etiam
877 2179 991 2237 civitate
1006 2177 1080 2237 eiici.
1093 2177 1146 2235 lm-

96 2275 153 2333 mo,
166 2261 227 2318 iure
243 2265 353 2316 tautum
370 2264 487 2316 naturae
502 2265 636 2332 spectato,
654 2258 727 2316 nibil
746 2261 898 2332 probibere
910 2263 1023 2322 uidetur
1037 2260 1147 2336 quomi-

96 2359 152 2401 nus
167 2343 202 2400 ob
227 2341 345 2400 evidens
360 2343 468 2400 crimen
482 2358 576 2416 poena
595 2343 686 2402 etiam·
696 2343 798 2400 merita
813 2345 963 2403 alliciatur.
980 2347 1034 2404 Sed
1049 2347 1085 2404 ad
1100 2361 1145 2404 oe-

96 2427 241 2487 casiouem
257 2425 407 2486 violentiae
425 2427 572 2486 uitandam
588 2433 616 2486 et
634 2427 792 2498 legatomm
806 2425 966 2484 libertatem
981 2429 1083 2485 melius
1102 2445 1146 2486 as·
1247 2479 1253 2490 .

95 2512 255 2584 serendam,
271 2517 495 2571 consentaneum
511 2513 601 2585 magis
619 2512 673 2569 erit
688 2510 712 2568 si
736 2510 877 2568 eiusmodi
892 2525 984 2582 poena
999 2527 1016 2566 a
1031 2511 1145 2583 proprio
1186 2514 1190 2518 ’

94 2595 237 2671 principe,
255 2597 303 2655 cui
313 2597 423 2670 legatus
439 2597 578 2669 subditur,
596 2594 755 2670 postuletur
768 2601 796 2651 ct
810 2593 964 2666 infligatur.
985 2592 1144 2653 Genemtim

94 2694 162 2738 nero
177 2681 232 2738 bac
247 2680 277 2738 iu
293 2697 324 2739 re
341 2681 469 2744 moribus
484 2680 626 2740 cultarum
644 2678 773 2752 gentium
789 2677 922 2736 standum
936 2682 994 2749 cst3
1011 2692 1084 2750 quae
1099 2677 1144 2735 ius

94 2765 149 2824 boc
163 2771 283 2824 naturae
307 2765 366 2824 suis
384 2765 519 2838 positivis
534 2765 645 2838 legibus
669 2769 719 2822 aut
733 2761 944 2820 consuetudinis
965 2761 1092 2820 emollire
1111 2771 1144 2820 ac

94 2855 252 2922 temperare
268 2855 394 2922 possunt,
410 2855 525 2921 propter
542 2847 813 2908 communebonum
831 2846 989 2918 tutandum,
1001 2845 1144 2919 quodmo-

93 2933 172 2991 xime
191 2947 227 2989 ex
251 2931 467 2990 inviolabilitate
492 2933 648 3006 legatorum
670 2931 791 3005 pendet,
816 2931 897 2989 cuius
917 2931 1034 3004 proinde
1058 2929 1144 2987 laesio

93 3014 255 3075 maximum
270 3017 378 3074 crimen
393 3015 437 3074 est
450 3016 671 3076 internationalo
685 3017 761 3091 quod
775 3017 909 3074 omuibus
924 3015 1040 3074 omniuo
1055 3013 1143 3087 genti-

94 3099 295 3158 businiuriam
310 3100 424 3174 irrogat,
442 3107 470 3160 et
484 3102 566 3160 cuius
581 3102 672 3161 tutela
687 3106 785 3160 sancte
799 3101 945 3161 observari
960 3107 988 3160 et
997 3113 1142 3174 promore-

92 3185 119 3243 ri
133 3185 169 3243 ab
184 3185 316 3244 omnibus
331 3185 423 3248 debet.

429 3357 562 3429 CAPUT
586 3359 808 3430 SECUNDUM

539 3550 578 3592 nb
598 3549 695 3594 BELLO

130 3695 287 3764 Consensus
298 3705 325 3762 ot
335 3697 485 3763 concordia
495 3703 643 3763 nationum
658 3721 693 3764 ox
710 3705 914 3779 tranquillitate
924 3699 1031 3762 ordinis
1041 3707 1069 3762 et
1079 3715 1140 3762 mir·

93 3792 208 3848 tuorum
221 3789 381 3848 officiorum
397 3789 577 3848 observantia
592 3805 731 3848 enascens
745 3790 814 3848 vitio
831 3791 973 3847 bumanae
988 3787 1139 3847 voluntatis

29 3929 33 3942 ,
94 3873 263 3950 interrumpi
278 3875 552 3950 quaudoquepotest
565 3875 725 3948 etgraviter
734 3874 902 3950 perturbari.
914 3876 992 3934 l'uuc
1005 3872 1139 3933 utrediu-
