<?xml version="1.0" encoding="UTF-8"?>
<!DOCTYPE html PUBLIC "-//W3C//DTD XHTML 1.0 Transitional//EN"
    "http://www.w3.org/TR/xhtml1/DTD/xhtml1-transitional.dtd">
<html xmlns="http://www.w3.org/1999/xhtml" xml:lang="en" lang="en">
 <head>
  <title>
</title>
<meta http-equiv="Content-Type" content="text/html;charset=utf-8" />
  <meta name='ocr-system' content='tesseract 3.04.00' />
  <meta name='ocr-capabilities' content='ocr_page ocr_carea ocr_par ocr_line ocrx_word'/>
</head>
<body>
  <div class='ocr_page' id='page_1' title='image "./institutionesph00libegoog_0612.png"; bbox 0 0 2767 4492; ppageno 0'>
   <div class='ocr_carea' id='block_1_1' title="bbox 192 311 792 374">
    <p class='ocr_par' dir='ltr' id='par_1_1' title="bbox 192 311 792 374">
     <span class='ocr_line' id='line_1_1' title="bbox 192 311 792 374; baseline -0.017 -1"><span class='ocrx_word' id='word_1_1' title='bbox 192 311 228 374; x_wconf 82' lang='lat' dir='ltr'>lo</span> <span class='ocrx_word' id='word_1_2' title='bbox 629 313 792 364; x_wconf 73' lang='lat' dir='ltr'>mmmmm</span> 
     </span>
    </p>
   </div>
   <div class='ocr_carea' id='block_1_2' title="bbox 123 395 1247 3526">
    <p class='ocr_par' dir='ltr' id='par_1_2' title="bbox 191 395 1234 740">
     <span class='ocr_line' id='line_1_2' title="bbox 191 395 1234 477; baseline -0.011 -8"><span class='ocrx_word' id='word_1_3' title='bbox 191 412 310 472; x_wconf 84' lang='lat' dir='ltr'>tremens</span> <span class='ocrx_word' id='word_1_4' title='bbox 324 405 471 469; x_wconf 80' lang='lat' dir='ltr'>inclinatio</span> <span class='ocrx_word' id='word_1_5' title='bbox 484 404 520 465; x_wconf 90' lang='lat' dir='ltr'>ad</span> <span class='ocrx_word' id='word_1_6' title='bbox 533 403 585 464; x_wconf 84' lang='lat' dir='ltr'>illa</span> <span class='ocrx_word' id='word_1_7' title='bbox 598 401 654 462; x_wconf 91' lang='lat' dir='ltr'>alia</span> <span class='ocrx_word' id='word_1_8' title='bbox 668 403 745 463; x_wconf 88' lang='lat' dir='ltr'>bona</span> <span class='ocrx_word' id='word_1_9' title='bbox 764 399 903 477; x_wconf 78' lang='lat' dir='ltr'>supersit,</span> <span class='ocrx_word' id='word_1_10' title='bbox 929 411 1003 474; x_wconf 81' lang='lat' dir='ltr'>quac</span> <span class='ocrx_word' id='word_1_11' title='bbox 1017 395 1234 459; x_wconf 74' lang='lat' dir='ltr'>sensibilitatem</span> 
     </span>
     <span class='ocr_line' id='line_1_3' title="bbox 191 483 1234 571; baseline -0.012 -15"><span class='ocrx_word' id='word_1_12' title='bbox 191 496 356 571; x_wconf 86' lang='lat' dir='ltr'>respiciunt.</span> <span class='ocrx_word' id='word_1_13' title='bbox 377 494 436 555; x_wconf 87' lang='lat' dir='ltr'>Nisi</span> <span class='ocrx_word' id='word_1_14' title='bbox 454 507 522 566; x_wconf 84' lang='lat' dir='ltr'>ergo</span> <span class='ocrx_word' id='word_1_15' title='bbox 541 490 612 549; x_wconf 89' lang='lat' dir='ltr'>baec</span> <span class='ocrx_word' id='word_1_16' title='bbox 635 489 722 549; x_wconf 90' lang='lat' dir='ltr'>etiarn</span> <span class='ocrx_word' id='word_1_17' title='bbox 742 486 888 547; x_wconf 88' lang='lat' dir='ltr'>inclinatio</span> <span class='ocrx_word' id='word_1_18' title='bbox 903 485 1071 560; x_wconf 80' lang='lat' dir='ltr'>expleatur,</span> <span class='ocrx_word' id='word_1_19' title='bbox 1096 483 1134 542; x_wconf 89' lang='lat' dir='ltr'>ad</span> <span class='ocrx_word' id='word_1_20' title='bbox 1156 483 1234 544; x_wconf 91' lang='lat' dir='ltr'>aliud</span> 
     </span>
     <span class='ocr_line' id='line_1_4' title="bbox 191 567 1233 652; baseline -0.012 -12"><span class='ocrx_word' id='word_1_21' title='bbox 191 590 294 640; x_wconf 89' lang='lat' dir='ltr'>natura</span> <span class='ocrx_word' id='word_1_22' title='bbox 308 580 421 652; x_wconf 86' lang='lat' dir='ltr'>tendet;</span> <span class='ocrx_word' id='word_1_23' title='bbox 438 592 471 635; x_wconf 86' lang='lat' dir='ltr'>ac</span> <span class='ocrx_word' id='word_1_24' title='bbox 486 574 604 650; x_wconf 85' lang='lat' dir='ltr'>proinde</span> <span class='ocrx_word' id='word_1_25' title='bbox 618 574 707 632; x_wconf 84' lang='lat' dir='ltr'>finem</span> <span class='ocrx_word' id='word_1_26' title='bbox 721 577 750 631; x_wconf 91' lang='lat' dir='ltr'>et</span> <span class='ocrx_word' id='word_1_27' title='bbox 764 571 931 631; x_wconf 78' lang='lat' dir='ltr'>felicitatem</span> <span class='ocrx_word' id='word_1_28' title='bbox 946 568 1004 628; x_wconf 91' lang='lat' dir='ltr'>sibi</span> <span class='ocrx_word' id='word_1_29' title='bbox 1016 567 1233 628; x_wconf 84' lang='lat' dir='ltr'>conuenientem</span> 
     </span>
     <span class='ocr_line' id='line_1_5' title="bbox 191 656 751 740; baseline -0.016 -15"><span class='ocrx_word' id='word_1_30' title='bbox 191 659 342 740; x_wconf 83' lang='lat' dir='ltr'>assequuta</span> <span class='ocrx_word' id='word_1_31' title='bbox 357 677 419 723; x_wconf 88' lang='lat' dir='ltr'>esse</span> <span class='ocrx_word' id='word_1_32' title='bbox 434 661 552 720; x_wconf 91' lang='lat' dir='ltr'>minime</span> <span class='ocrx_word' id='word_1_33' title='bbox 567 658 625 717; x_wconf 90' lang='lat' dir='ltr'>dici</span> <span class='ocrx_word' id='word_1_34' title='bbox 638 656 751 732; x_wconf 91' lang='lat' dir='ltr'>poterit.</span> 
     </span>
    </p>

    <p class='ocr_par' dir='ltr' id='par_1_3' title="bbox 123 739 1235 2604">
     <span class='ocr_line' id='line_1_6' title="bbox 226 739 1232 819; baseline -0.01 -10"><span class='ocrx_word' id='word_1_35' title='bbox 226 750 328 808; x_wconf 74' lang='lat' dir='ltr'>Verum</span> <span class='ocrx_word' id='word_1_36' title='bbox 344 763 382 808; x_wconf 84' lang='lat' dir='ltr'>ex</span> <span class='ocrx_word' id='word_1_37' title='bbox 396 748 448 818; x_wconf 84' lang='lat' dir='ltr'>iis,</span> <span class='ocrx_word' id='word_1_38' title='bbox 465 759 538 819; x_wconf 89' lang='lat' dir='ltr'>quae</span> <span class='ocrx_word' id='word_1_39' title='bbox 558 741 752 817; x_wconf 87' lang='lat' dir='ltr'>superioribus</span> <span class='ocrx_word' id='word_1_40' title='bbox 767 740 893 800; x_wconf 80' lang='lat' dir='ltr'>articulis</span> <span class='ocrx_word' id='word_1_41' title='bbox 911 740 1082 814; x_wconf 89' lang='lat' dir='ltr'>dictasunt,</span> <span class='ocrx_word' id='word_1_42' title='bbox 1099 739 1232 800; x_wconf 87' lang='lat' dir='ltr'>obiectio-</span> 
     </span>
     <span class='ocr_line' id='line_1_7' title="bbox 190 825 1233 902; baseline -0.011 -8"><span class='ocrx_word' id='word_1_43' title='bbox 190 835 236 894; x_wconf 87' lang='lat' dir='ltr'>nis</span> <span class='ocrx_word' id='word_1_44' title='bbox 250 834 336 893; x_wconf 79' lang='lat' dir='ltr'>hunus</span> <span class='ocrx_word' id='word_1_45' title='bbox 351 831 461 890; x_wconf 72' lang='lat' dir='ltr'>lanima</span> <span class='ocrx_word' id='word_1_46' title='bbox 476 827 559 888; x_wconf 90' lang='lat' dir='ltr'>facile</span> <span class='ocrx_word' id='word_1_47' title='bbox 573 832 660 902; x_wconf 86' lang='lat' dir='ltr'>patet.</span> <span class='ocrx_word' id='word_1_48' title='bbox 677 826 748 886; x_wconf 82' lang='lat' dir='ltr'>biam</span> <span class='ocrx_word' id='word_1_49' title='bbox 761 826 870 885; x_wconf 91' lang='lat' dir='ltr'>bonum</span> <span class='ocrx_word' id='word_1_50' title='bbox 884 840 1038 898; x_wconf 91' lang='lat' dir='ltr'>summum,</span> <span class='ocrx_word' id='word_1_51' title='bbox 1055 825 1130 900; x_wconf 83' lang='lat' dir='ltr'>quod</span> <span class='ocrx_word' id='word_1_52' title='bbox 1143 825 1233 884; x_wconf 91' lang='lat' dir='ltr'>beati·</span> 
     </span>
     <span class='ocr_line' id='line_1_8' title="bbox 191 910 1233 992; baseline -0.012 -12"><span class='ocrx_word' id='word_1_53' title='bbox 191 925 277 980; x_wconf 83' lang='lat' dir='ltr'>tatem</span> <span class='ocrx_word' id='word_1_54' title='bbox 290 917 403 992; x_wconf 83' lang='lat' dir='ltr'>proprie</span> <span class='ocrx_word' id='word_1_55' title='bbox 422 916 528 975; x_wconf 89' lang='lat' dir='ltr'>dictam</span> <span class='ocrx_word' id='word_1_56' title='bbox 548 910 719 986; x_wconf 87' lang='lat' dir='ltr'>constituat,</span> <span class='ocrx_word' id='word_1_57' title='bbox 744 911 776 971; x_wconf 89' lang='lat' dir='ltr'>in</span> <span class='ocrx_word' id='word_1_58' title='bbox 800 910 854 970; x_wconf 89' lang='lat' dir='ltr'>bac</span> <span class='ocrx_word' id='word_1_59' title='bbox 868 912 926 970; x_wconf 89' lang='lat' dir='ltr'>vita</span> <span class='ocrx_word' id='word_1_60' title='bbox 942 925 1122 986; x_wconf 87' lang='lat' dir='ltr'>nequaquam</span> <span class='ocrx_word' id='word_1_61' title='bbox 1135 925 1233 970; x_wconf 88' lang='lat' dir='ltr'>conse·</span> 
     </span>
     <span class='ocr_line' id='line_1_9' title="bbox 190 995 1231 1078; baseline -0.01 -15"><span class='ocrx_word' id='word_1_62' title='bbox 190 1003 314 1078; x_wconf 84' lang='lat' dir='ltr'>quimur.</span> <span class='ocrx_word' id='word_1_63' title='bbox 331 1002 428 1062; x_wconf 89' lang='lat' dir='ltr'>Sermo</span> <span class='ocrx_word' id='word_1_64' title='bbox 443 1000 530 1074; x_wconf 75' lang='lat' dir='ltr'>igitur</span> <span class='ocrx_word' id='word_1_65' title='bbox 545 1003 656 1058; x_wconf 78' lang='lat' dir='ltr'>mutum</span> <span class='ocrx_word' id='word_1_66' title='bbox 670 1012 733 1056; x_wconf 88' lang='lat' dir='ltr'>esse</span> <span class='ocrx_word' id='word_1_67' title='bbox 747 997 852 1071; x_wconf 88' lang='lat' dir='ltr'>poterit</span> <span class='ocrx_word' id='word_1_68' title='bbox 864 995 900 1055; x_wconf 92' lang='lat' dir='ltr'>de</span> <span class='ocrx_word' id='word_1_69' title='bbox 909 995 1042 1055; x_wconf 81' lang='lat' dir='ltr'>beatitate</span> <span class='ocrx_word' id='word_1_70' title='bbox 1057 995 1231 1070; x_wconf 87' lang='lat' dir='ltr'>imperfecta,</span> 
     </span>
     <span class='ocr_line' id='line_1_10' title="bbox 191 1080 1234 1162; baseline -0.009 -15"><span class='ocrx_word' id='word_1_71' title='bbox 191 1103 263 1162; x_wconf 88' lang='lat' dir='ltr'>quac</span> <span class='ocrx_word' id='word_1_72' title='bbox 277 1085 307 1146; x_wconf 91' lang='lat' dir='ltr'>iu</span> <span class='ocrx_word' id='word_1_73' title='bbox 326 1084 476 1160; x_wconf 85' lang='lat' dir='ltr'>adeptione</span> <span class='ocrx_word' id='word_1_74' title='bbox 490 1083 567 1144; x_wconf 90' lang='lat' dir='ltr'>iliius</span> <span class='ocrx_word' id='word_1_75' title='bbox 581 1083 649 1142; x_wconf 90' lang='lat' dir='ltr'>boni</span> <span class='ocrx_word' id='word_1_76' title='bbox 663 1082 810 1156; x_wconf 87' lang='lat' dir='ltr'>consistit,</span> <span class='ocrx_word' id='word_1_77' title='bbox 835 1082 911 1155; x_wconf 84' lang='lat' dir='ltr'>quod</span> <span class='ocrx_word' id='word_1_78' title='bbox 926 1097 976 1156; x_wconf 91' lang='lat' dir='ltr'>pro</span> <span class='ocrx_word' id='word_1_79' title='bbox 990 1081 1064 1140; x_wconf 87' lang='lat' dir='ltr'>vitae</span> <span class='ocrx_word' id='word_1_80' title='bbox 1077 1080 1234 1155; x_wconf 89' lang='lat' dir='ltr'>praesentis</span> 
     </span>
     <span class='ocr_line' id='line_1_11' title="bbox 191 1164 1235 1244; baseline -0.007 -14"><span class='ocrx_word' id='word_1_81' title='bbox 191 1177 265 1230; x_wconf 87' lang='lat' dir='ltr'>statu</span> <span class='ocrx_word' id='word_1_82' title='bbox 278 1171 439 1230; x_wconf 72' lang='lat' dir='ltr'>mammum</span> <span class='ocrx_word' id='word_1_83' title='bbox 455 1174 565 1244; x_wconf 84' lang='lat' dir='ltr'>elprae</span> <span class='ocrx_word' id='word_1_84' title='bbox 580 1167 681 1227; x_wconf 91' lang='lat' dir='ltr'>ceteris</span> <span class='ocrx_word' id='word_1_85' title='bbox 697 1173 817 1226; x_wconf 89' lang='lat' dir='ltr'>naturae</span> <span class='ocrx_word' id='word_1_86' title='bbox 828 1172 942 1226; x_wconf 86' lang='lat' dir='ltr'>nostrae</span> <span class='ocrx_word' id='word_1_87' title='bbox 952 1164 1099 1240; x_wconf 89' lang='lat' dir='ltr'>proprium</span> <span class='ocrx_word' id='word_1_88' title='bbox 1113 1165 1159 1225; x_wconf 90' lang='lat' dir='ltr'>sit.</span> <span class='ocrx_word' id='word_1_89' title='bbox 1175 1165 1235 1224; x_wconf 86' lang='lat' dir='ltr'>lam</span> 
     </span>
     <span class='ocr_line' id='line_1_12' title="bbox 189 1249 1231 1328; baseline -0.009 -11"><span class='ocrx_word' id='word_1_90' title='bbox 189 1272 257 1318; x_wconf 83' lang='lat' dir='ltr'>uero</span> <span class='ocrx_word' id='word_1_91' title='bbox 270 1255 377 1316; x_wconf 89' lang='lat' dir='ltr'>bouum</span> <span class='ocrx_word' id='word_1_92' title='bbox 396 1255 557 1314; x_wconf 80' lang='lat' dir='ltr'>martimum</span> <span class='ocrx_word' id='word_1_93' title='bbox 571 1259 599 1312; x_wconf 91' lang='lat' dir='ltr'>et</span> <span class='ocrx_word' id='word_1_94' title='bbox 614 1253 761 1328; x_wconf 87' lang='lat' dir='ltr'>proprium</span> <span class='ocrx_word' id='word_1_95' title='bbox 775 1267 827 1327; x_wconf 92' lang='lat' dir='ltr'>pro</span> <span class='ocrx_word' id='word_1_96' title='bbox 841 1267 955 1326; x_wconf 84' lang='lat' dir='ltr'>quaque</span> <span class='ocrx_word' id='word_1_97' title='bbox 969 1257 1072 1310; x_wconf 91' lang='lat' dir='ltr'>natura</span> <span class='ocrx_word' id='word_1_98' title='bbox 1086 1249 1158 1309; x_wconf 92' lang='lat' dir='ltr'>illud</span> <span class='ocrx_word' id='word_1_99' title='bbox 1172 1255 1231 1324; x_wconf 88' lang='lat' dir='ltr'>est,</span> 
     </span>
     <span class='ocr_line' id='line_1_13' title="bbox 191 1333 1235 1417; baseline -0.011 -14"><span class='ocrx_word' id='word_1_100' title='bbox 191 1343 267 1417; x_wconf 84' lang='lat' dir='ltr'>quod</span> <span class='ocrx_word' id='word_1_101' title='bbox 286 1355 435 1416; x_wconf 89' lang='lat' dir='ltr'>supremae</span> <span class='ocrx_word' id='word_1_102' title='bbox 457 1341 519 1400; x_wconf 90' lang='lat' dir='ltr'>eius</span> <span class='ocrx_word' id='word_1_103' title='bbox 532 1337 713 1398; x_wconf 88' lang='lat' dir='ltr'>inclinationi</span> <span class='ocrx_word' id='word_1_104' title='bbox 727 1337 889 1411; x_wconf 90' lang='lat' dir='ltr'>respondet.</span> <span class='ocrx_word' id='word_1_105' title='bbox 914 1338 948 1394; x_wconf 79' lang='lat' dir='ltr'>lt</span> <span class='ocrx_word' id='word_1_106' title='bbox 965 1335 995 1395; x_wconf 90' lang='lat' dir='ltr'>id</span> <span class='ocrx_word' id='word_1_107' title='bbox 1011 1336 1043 1393; x_wconf 91' lang='lat' dir='ltr'>in</span> <span class='ocrx_word' id='word_1_108' title='bbox 1056 1334 1172 1394; x_wconf 92' lang='lat' dir='ltr'>bomine</span> <span class='ocrx_word' id='word_1_109' title='bbox 1186 1333 1235 1393; x_wconf 94' lang='lat' dir='ltr'>bo-</span> 
     </span>
     <span class='ocr_line' id='line_1_14' title="bbox 189 1419 1233 1498; baseline -0.007 -13"><span class='ocrx_word' id='word_1_110' title='bbox 189 1441 260 1486; x_wconf 88' lang='lat' dir='ltr'>num</span> <span class='ocrx_word' id='word_1_111' title='bbox 274 1425 391 1485; x_wconf 81' lang='lat' dir='ltr'>rationis</span> <span class='ocrx_word' id='word_1_112' title='bbox 405 1439 467 1498; x_wconf 82' lang='lat' dir='ltr'>esse</span> <span class='ocrx_word' id='word_1_113' title='bbox 482 1439 569 1484; x_wconf 90' lang='lat' dir='ltr'>nemo</span> <span class='ocrx_word' id='word_1_114' title='bbox 584 1438 641 1482; x_wconf 91' lang='lat' dir='ltr'>non</span> <span class='ocrx_word' id='word_1_115' title='bbox 660 1422 747 1482; x_wconf 80' lang='lat' dir='ltr'>ridet.</span> <span class='ocrx_word' id='word_1_116' title='bbox 766 1421 880 1480; x_wconf 85' lang='lat' dir='ltr'>Ceterae</span> <span class='ocrx_word' id='word_1_117' title='bbox 894 1426 990 1479; x_wconf 87' lang='lat' dir='ltr'>autem</span> <span class='ocrx_word' id='word_1_118' title='bbox 1004 1419 1153 1478; x_wconf 89' lang='lat' dir='ltr'>inferiores</span> <span class='ocrx_word' id='word_1_119' title='bbox 1170 1434 1233 1491; x_wconf 86' lang='lat' dir='ltr'>pro</span> 
     </span>
     <span class='ocr_line' id='line_1_15' title="bbox 189 1503 1233 1584; baseline -0.009 -14"><span class='ocrx_word' id='word_1_120' title='bbox 189 1511 359 1584; x_wconf 79' lang='lat' dir='ltr'>pensiones,</span> <span class='ocrx_word' id='word_1_121' title='bbox 376 1509 510 1584; x_wconf 87' lang='lat' dir='ltr'>quoniam</span> <span class='ocrx_word' id='word_1_122' title='bbox 535 1521 684 1582; x_wconf 86' lang='lat' dir='ltr'>supremas</span> <span class='ocrx_word' id='word_1_123' title='bbox 699 1507 741 1572; x_wconf 86' lang='lat' dir='ltr'>ilfi</span> <span class='ocrx_word' id='word_1_124' title='bbox 756 1505 934 1577; x_wconf 90' lang='lat' dir='ltr'>subduntur,</span> <span class='ocrx_word' id='word_1_125' title='bbox 961 1519 1097 1562; x_wconf 90' lang='lat' dir='ltr'>mensura</span> <span class='ocrx_word' id='word_1_126' title='bbox 1110 1503 1233 1577; x_wconf 82' lang='lat' dir='ltr'>quadam</span> 
     </span>
     <span class='ocr_line' id='line_1_16' title="bbox 191 1588 1233 1669; baseline -0.01 -13"><span class='ocrx_word' id='word_1_127' title='bbox 191 1595 300 1669; x_wconf 83' lang='lat' dir='ltr'>expleri</span> <span class='ocrx_word' id='word_1_128' title='bbox 318 1596 451 1668; x_wconf 78' lang='lat' dir='ltr'>exigunt,</span> <span class='ocrx_word' id='word_1_129' title='bbox 479 1599 620 1667; x_wconf 89' lang='lat' dir='ltr'>quatenus</span> <span class='ocrx_word' id='word_1_130' title='bbox 639 1591 675 1650; x_wconf 91' lang='lat' dir='ltr'>ad</span> <span class='ocrx_word' id='word_1_131' title='bbox 699 1592 762 1651; x_wconf 92' lang='lat' dir='ltr'>cius</span> <span class='ocrx_word' id='word_1_132' title='bbox 784 1590 989 1666; x_wconf 87' lang='lat' dir='ltr'>perlectionem</span> <span class='ocrx_word' id='word_1_133' title='bbox 1014 1588 1121 1662; x_wconf 76' lang='lat' dir='ltr'>aliquid</span> <span class='ocrx_word' id='word_1_134' title='bbox 1140 1589 1233 1664; x_wconf 64' lang='lat' dir='ltr'>coufc7</span> 
     </span>
     <span class='ocr_line' id='line_1_17' title="bbox 190 1673 1233 1752; baseline -0.008 -14"><span class='ocrx_word' id='word_1_135' title='bbox 190 1685 264 1738; x_wconf 90' lang='lat' dir='ltr'>rant.</span> <span class='ocrx_word' id='word_1_136' title='bbox 290 1679 462 1752; x_wconf 81' lang='lat' dir='ltr'>Quapropter</span> <span class='ocrx_word' id='word_1_137' title='bbox 476 1678 500 1736; x_wconf 91' lang='lat' dir='ltr'>sl</span> <span class='ocrx_word' id='word_1_138' title='bbox 515 1676 628 1750; x_wconf 82' lang='lat' dir='ltr'>quando</span> <span class='ocrx_word' id='word_1_139' title='bbox 654 1689 805 1750; x_wconf 88' lang='lat' dir='ltr'>supremae</span> <span class='ocrx_word' id='word_1_140' title='bbox 818 1673 1015 1750; x_wconf 89' lang='lat' dir='ltr'>propensionis</span> <span class='ocrx_word' id='word_1_141' title='bbox 1036 1673 1170 1747; x_wconf 80' lang='lat' dir='ltr'>perfectio</span> <span class='ocrx_word' id='word_1_142' title='bbox 1183 1687 1233 1746; x_wconf 78' lang='lat' dir='ltr'>po</span> 
     </span>
     <span class='ocr_line' id='line_1_18' title="bbox 192 1759 1233 1836; baseline -0.006 -15"><span class='ocrx_word' id='word_1_143' title='bbox 192 1764 277 1822; x_wconf 89' lang='lat' dir='ltr'>stulat</span> <span class='ocrx_word' id='word_1_144' title='bbox 295 1770 328 1822; x_wconf 90' lang='lat' dir='ltr'>nt</span> <span class='ocrx_word' id='word_1_145' title='bbox 346 1763 441 1836; x_wconf 83' lang='lat' dir='ltr'>aliqua</span> <span class='ocrx_word' id='word_1_146' title='bbox 456 1777 493 1819; x_wconf 87' lang='lat' dir='ltr'>cx</span> <span class='ocrx_word' id='word_1_147' title='bbox 507 1759 690 1819; x_wconf 90' lang='lat' dir='ltr'>inferioribus</span> <span class='ocrx_word' id='word_1_148' title='bbox 704 1759 821 1819; x_wconf 90' lang='lat' dir='ltr'>omnino</span> <span class='ocrx_word' id='word_1_149' title='bbox 835 1765 933 1832; x_wconf 83' lang='lat' dir='ltr'>uacet;</span> <span class='ocrx_word' id='word_1_150' title='bbox 950 1759 1075 1832; x_wconf 91' lang='lat' dir='ltr'>idipsum</span> <span class='ocrx_word' id='word_1_151' title='bbox 1090 1761 1233 1817; x_wconf 90' lang='lat' dir='ltr'>consenta-</span> 
     </span>
     <span class='ocr_line' id='line_1_19' title="bbox 190 1842 1233 1919; baseline -0.007 -13"><span class='ocrx_word' id='word_1_152' title='bbox 190 1863 277 1906; x_wconf 86' lang='lat' dir='ltr'>neum</span> <span class='ocrx_word' id='word_1_153' title='bbox 292 1852 410 1905; x_wconf 87' lang='lat' dir='ltr'>naturae</span> <span class='ocrx_word' id='word_1_154' title='bbox 424 1846 479 1905; x_wconf 90' lang='lat' dir='ltr'>erit</span> <span class='ocrx_word' id='word_1_155' title='bbox 499 1847 583 1919; x_wconf 83' lang='lat' dir='ltr'>cique</span> <span class='ocrx_word' id='word_1_156' title='bbox 605 1843 796 1904; x_wconf 89' lang='lat' dir='ltr'>commodum.</span> <span class='ocrx_word' id='word_1_157' title='bbox 822 1844 900 1912; x_wconf 80' lang='lat' dir='ltr'>Quod</span> <span class='ocrx_word' id='word_1_158' title='bbox 919 1843 944 1903; x_wconf 93' lang='lat' dir='ltr'>si</span> <span class='ocrx_word' id='word_1_159' title='bbox 962 1844 993 1902; x_wconf 89' lang='lat' dir='ltr'>in</span> <span class='ocrx_word' id='word_1_160' title='bbox 1007 1844 1062 1903; x_wconf 91' lang='lat' dir='ltr'>boc</span> <span class='ocrx_word' id='word_1_161' title='bbox 1079 1859 1134 1902; x_wconf 91' lang='lat' dir='ltr'>non</span> <span class='ocrx_word' id='word_1_162' title='bbox 1149 1842 1233 1916; x_wconf 91' lang='lat' dir='ltr'>plena</span> 
     </span>
     <span class='ocr_line' id='line_1_20' title="bbox 191 1927 1234 2005; baseline -0.006 -15"><span class='ocrx_word' id='word_1_163' title='bbox 191 1932 315 2005; x_wconf 82' lang='lat' dir='ltr'>quisset</span> <span class='ocrx_word' id='word_1_164' title='bbox 329 1930 440 2004; x_wconf 83' lang='lat' dir='ltr'>integra</span> <span class='ocrx_word' id='word_1_165' title='bbox 449 1945 487 1988; x_wconf 86' lang='lat' dir='ltr'>ex</span> <span class='ocrx_word' id='word_1_166' title='bbox 500 1929 579 1988; x_wconf 91' lang='lat' dir='ltr'>omni</span> <span class='ocrx_word' id='word_1_167' title='bbox 593 1934 673 2002; x_wconf 88' lang='lat' dir='ltr'>parte</span> <span class='ocrx_word' id='word_1_168' title='bbox 687 1929 880 1988; x_wconf 91' lang='lat' dir='ltr'>inclinationis</span> <span class='ocrx_word' id='word_1_169' title='bbox 894 1928 1032 1987; x_wconf 90' lang='lat' dir='ltr'>naturalis</span> <span class='ocrx_word' id='word_1_170' title='bbox 1045 1928 1167 2002; x_wconf 83' lang='lat' dir='ltr'>expletio</span> <span class='ocrx_word' id='word_1_171' title='bbox 1184 1927 1234 1985; x_wconf 86' lang='lat' dir='ltr'>ba-</span> 
     </span>
     <span class='ocr_line' id='line_1_21' title="bbox 191 2013 1232 2089; baseline -0.005 -14"><span class='ocrx_word' id='word_1_172' title='bbox 191 2015 284 2089; x_wconf 91' lang='lat' dir='ltr'>betur,</span> <span class='ocrx_word' id='word_1_173' title='bbox 303 2015 409 2074; x_wconf 89' lang='lat' dir='ltr'>mirum</span> <span class='ocrx_word' id='word_1_174' title='bbox 422 2013 533 2073; x_wconf 88' lang='lat' dir='ltr'>nemini</span> <span class='ocrx_word' id='word_1_175' title='bbox 546 2029 610 2074; x_wconf 90' lang='lat' dir='ltr'>esse</span> <span class='ocrx_word' id='word_1_176' title='bbox 624 2013 721 2087; x_wconf 88' lang='lat' dir='ltr'>debet;</span> <span class='ocrx_word' id='word_1_177' title='bbox 737 2013 879 2087; x_wconf 89' lang='lat' dir='ltr'>siquidem</span> <span class='ocrx_word' id='word_1_178' title='bbox 892 2028 950 2072; x_wconf 92' lang='lat' dir='ltr'>non</span> <span class='ocrx_word' id='word_1_179' title='bbox 966 2013 1001 2071; x_wconf 90' lang='lat' dir='ltr'>de</span> <span class='ocrx_word' id='word_1_180' title='bbox 1015 2015 1073 2074; x_wconf 88' lang='lat' dir='ltr'>tine</span> <span class='ocrx_word' id='word_1_181' title='bbox 1086 2013 1184 2072; x_wconf 81' lang='lat' dir='ltr'>ulbmo</span> <span class='ocrx_word' id='word_1_182' title='bbox 1197 2025 1232 2070; x_wconf 87' lang='lat' dir='ltr'>ac</span> 
     </span>
     <span class='ocr_line' id='line_1_22' title="bbox 192 2095 1235 2173; baseline -0.005 -15"><span class='ocrx_word' id='word_1_183' title='bbox 192 2100 326 2160; x_wconf 88' lang='lat' dir='ltr'>felicitate</span> <span class='ocrx_word' id='word_1_184' title='bbox 338 2097 487 2173; x_wconf 86' lang='lat' dir='ltr'>completa,</span> <span class='ocrx_word' id='word_1_185' title='bbox 504 2098 553 2156; x_wconf 91' lang='lat' dir='ltr'>sed</span> <span class='ocrx_word' id='word_1_186' title='bbox 567 2097 603 2156; x_wconf 92' lang='lat' dir='ltr'>de</span> <span class='ocrx_word' id='word_1_187' title='bbox 617 2097 674 2157; x_wconf 82' lang='lat' dir='ltr'>fune</span> <span class='ocrx_word' id='word_1_188' title='bbox 688 2096 857 2157; x_wconf 84' lang='lat' dir='ltr'>intermedio</span> <span class='ocrx_word' id='word_1_189' title='bbox 872 2113 905 2156; x_wconf 91' lang='lat' dir='ltr'>ac</span> <span class='ocrx_word' id='word_1_190' title='bbox 919 2097 1055 2156; x_wconf 88' lang='lat' dir='ltr'>felicitate</span> <span class='ocrx_word' id='word_1_191' title='bbox 1064 2095 1235 2170; x_wconf 87' lang='lat' dir='ltr'>incompleta</span> 
     </span>
     <span class='ocr_line' id='line_1_23' title="bbox 192 2180 1232 2264; baseline -0.005 -21"><span class='ocrx_word' id='word_1_192' title='bbox 192 2183 295 2258; x_wconf 79' lang='lat' dir='ltr'>agitur.</span> <span class='ocrx_word' id='word_1_193' title='bbox 311 2184 438 2244; x_wconf 83' lang='lat' dir='ltr'>lamuero</span> <span class='ocrx_word' id='word_1_194' title='bbox 453 2181 692 2257; x_wconf 85' lang='lat' dir='ltr'>quemadmodum</span> <span class='ocrx_word' id='word_1_195' title='bbox 707 2181 827 2264; x_wconf 79' lang='lat' dir='ltr'>felicitas</span> <span class='ocrx_word' id='word_1_196' title='bbox 836 2182 921 2256; x_wconf 89' lang='lat' dir='ltr'>plena</span> <span class='ocrx_word' id='word_1_197' title='bbox 935 2183 1025 2256; x_wconf 90' lang='lat' dir='ltr'>poscit</span> <span class='ocrx_word' id='word_1_198' title='bbox 1035 2189 1067 2240; x_wconf 90' lang='lat' dir='ltr'>ut</span> <span class='ocrx_word' id='word_1_199' title='bbox 1076 2180 1232 2240; x_wconf 81' lang='lat' dir='ltr'>nibilultra</span> 
     </span>
     <span class='ocr_line' id='line_1_24' title="bbox 191 2261 1232 2344; baseline -0.005 -16"><span class='ocrx_word' id='word_1_200' title='bbox 191 2269 381 2344; x_wconf 90' lang='lat' dir='ltr'>appetendum</span> <span class='ocrx_word' id='word_1_201' title='bbox 394 2269 532 2343; x_wconf 82' lang='lat' dir='ltr'>supersit,</span> <span class='ocrx_word' id='word_1_202' title='bbox 553 2267 603 2326; x_wconf 91' lang='lat' dir='ltr'>sed</span> <span class='ocrx_word' id='word_1_203' title='bbox 616 2267 710 2326; x_wconf 91' lang='lat' dir='ltr'>omnis</span> <span class='ocrx_word' id='word_1_204' title='bbox 724 2261 874 2342; x_wconf 84' lang='lat' dir='ltr'>propensio</span> <span class='ocrx_word' id='word_1_205' title='bbox 888 2277 1009 2327; x_wconf 88' lang='lat' dir='ltr'>naturae</span> <span class='ocrx_word' id='word_1_206' title='bbox 1022 2283 1096 2341; x_wconf 85' lang='lat' dir='ltr'>quae</span> <span class='ocrx_word' id='word_1_207' title='bbox 1110 2267 1141 2329; x_wconf 91' lang='lat' dir='ltr'>in</span> <span class='ocrx_word' id='word_1_208' title='bbox 1156 2271 1232 2326; x_wconf 83' lang='lat' dir='ltr'>statur</span> 
     </span>
     <span class='ocr_line' id='line_1_25' title="bbox 123 2350 1232 2428; baseline -0.003 -15"><span class='ocrx_word' id='word_1_209' title='bbox 123 2366 125 2377; x_wconf 70' lang='lat'>¹</span> <span class='ocrx_word' id='word_1_210' title='bbox 191 2353 239 2414; x_wconf 90' lang='lat' dir='ltr'>ilio</span> <span class='ocrx_word' id='word_1_211' title='bbox 255 2354 330 2428; x_wconf 84' lang='lat' dir='ltr'>viget</span> <span class='ocrx_word' id='word_1_212' title='bbox 344 2359 504 2412; x_wconf 86' lang='lat' dir='ltr'>saturetur:</span> <span class='ocrx_word' id='word_1_213' title='bbox 525 2352 566 2412; x_wconf 87' lang='lat' dir='ltr'>sic</span> <span class='ocrx_word' id='word_1_214' title='bbox 580 2352 748 2426; x_wconf 85' lang='lat' dir='ltr'>imperfecta</span> <span class='ocrx_word' id='word_1_215' title='bbox 762 2352 901 2426; x_wconf 86' lang='lat' dir='ltr'>felicitas,</span> <span class='ocrx_word' id='word_1_216' title='bbox 926 2353 981 2411; x_wconf 92' lang='lat' dir='ltr'>boc</span> <span class='ocrx_word' id='word_1_217' title='bbox 1004 2352 1066 2426; x_wconf 92' lang='lat' dir='ltr'>ipso</span> <span class='ocrx_word' id='word_1_218' title='bbox 1085 2351 1162 2426; x_wconf 85' lang='lat' dir='ltr'>quod</span> <span class='ocrx_word' id='word_1_219' title='bbox 1177 2350 1232 2410; x_wconf 92' lang='lat' dir='ltr'>im·</span> 
     </span>
     <span class='ocr_line' id='line_1_26' title="bbox 190 2435 1234 2512; baseline -0.003 -15"><span class='ocrx_word' id='word_1_220' title='bbox 190 2439 315 2512; x_wconf 87' lang='lat' dir='ltr'>perfecta</span> <span class='ocrx_word' id='word_1_221' title='bbox 330 2443 391 2511; x_wconf 90' lang='lat' dir='ltr'>est,</span> <span class='ocrx_word' id='word_1_222' title='bbox 409 2451 475 2496; x_wconf 90' lang='lat' dir='ltr'>cum</span> <span class='ocrx_word' id='word_1_223' title='bbox 491 2435 617 2496; x_wconf 89' lang='lat' dir='ltr'>ulteriori</span> <span class='ocrx_word' id='word_1_224' title='bbox 632 2437 837 2511; x_wconf 89' lang='lat' dir='ltr'>propensione,</span> <span class='ocrx_word' id='word_1_225' title='bbox 858 2439 905 2496; x_wconf 91' lang='lat' dir='ltr'>cui</span> <span class='ocrx_word' id='word_1_226' title='bbox 919 2452 977 2497; x_wconf 93' lang='lat' dir='ltr'>non</span> <span class='ocrx_word' id='word_1_227' title='bbox 991 2437 1128 2510; x_wconf 90' lang='lat' dir='ltr'>satisfiat,</span> <span class='ocrx_word' id='word_1_228' title='bbox 1144 2435 1234 2494; x_wconf 92' lang='lat' dir='ltr'>immo</span> 
     </span>
     <span class='ocr_line' id='line_1_27' title="bbox 191 2521 896 2604; baseline -0.001 -23"><span class='ocrx_word' id='word_1_229' title='bbox 191 2537 257 2582; x_wconf 92' lang='lat' dir='ltr'>cum</span> <span class='ocrx_word' id='word_1_230' title='bbox 276 2522 419 2582; x_wconf 88' lang='lat' dir='ltr'>doloribus</span> <span class='ocrx_word' id='word_1_231' title='bbox 433 2527 466 2604; x_wconf 77' lang='lat' dir='ltr'>et¹</span> <span class='ocrx_word' id='word_1_232' title='bbox 475 2521 632 2582; x_wconf 85' lang='lat' dir='ltr'>defectibus</span> <span class='ocrx_word' id='word_1_233' title='bbox 642 2522 748 2595; x_wconf 90' lang='lat' dir='ltr'>optime</span> <span class='ocrx_word' id='word_1_234' title='bbox 762 2521 896 2581; x_wconf 79' lang='lat' dir='ltr'>sociabm</span> 
     </span>
    </p>

    <p class='ocr_par' dir='ltr' id='par_1_4' title="bbox 191 2607 1247 3526">
     <span class='ocr_line' id='line_1_28' title="bbox 226 2607 1233 2681; baseline -0.003 -14"><span class='ocrx_word' id='word_1_235' title='bbox 226 2607 307 2667; x_wconf 88' lang='lat' dir='ltr'>Haud</span> <span class='ocrx_word' id='word_1_236' title='bbox 323 2613 417 2666; x_wconf 89' lang='lat' dir='ltr'>tamen</span> <span class='ocrx_word' id='word_1_237' title='bbox 431 2607 552 2680; x_wconf 82' lang='lat' dir='ltr'>inficior,</span> <span class='ocrx_word' id='word_1_238' title='bbox 564 2622 621 2681; x_wconf 88' lang='lat' dir='ltr'>quo</span> <span class='ocrx_word' id='word_1_239' title='bbox 634 2607 728 2681; x_wconf 84' lang='lat' dir='ltr'>magis</span> <span class='ocrx_word' id='word_1_240' title='bbox 742 2607 853 2667; x_wconf 90' lang='lat' dir='ltr'>dolores</span> <span class='ocrx_word' id='word_1_241' title='bbox 867 2608 898 2666; x_wconf 89' lang='lat' dir='ltr'>bi</span> <span class='ocrx_word' id='word_1_242' title='bbox 911 2609 1076 2668; x_wconf 77' lang='lat' dir='ltr'>mmuanbar</span> <span class='ocrx_word' id='word_1_243' title='bbox 1089 2611 1118 2666; x_wconf 92' lang='lat' dir='ltr'>et</span> <span class='ocrx_word' id='word_1_244' title='bbox 1136 2609 1233 2665; x_wconf 89' lang='lat' dir='ltr'>cetera</span> 
     </span>
     <span class='ocr_line' id='line_1_29' title="bbox 191 2689 1240 2766; baseline -0.002 -16"><span class='ocrx_word' id='word_1_245' title='bbox 191 2697 346 2765; x_wconf 79' lang='lat' dir='ltr'>augescant</span> <span class='ocrx_word' id='word_1_246' title='bbox 358 2691 433 2750; x_wconf 90' lang='lat' dir='ltr'>bona</span> <span class='ocrx_word' id='word_1_247' title='bbox 448 2690 541 2764; x_wconf 78' lang='lat' dir='ltr'>(modo</span> <span class='ocrx_word' id='word_1_248' title='bbox 556 2689 650 2748; x_wconf 89' lang='lat' dir='ltr'>ordini</span> <span class='ocrx_word' id='word_1_249' title='bbox 659 2690 770 2764; x_wconf 90' lang='lat' dir='ltr'>morali,</span> <span class='ocrx_word' id='word_1_250' title='bbox 787 2692 837 2764; x_wconf 79' lang='lat' dir='ltr'>uui</span> <span class='ocrx_word' id='word_1_251' title='bbox 847 2692 961 2766; x_wconf 89' lang='lat' dir='ltr'>proprie</span> <span class='ocrx_word' id='word_1_252' title='bbox 973 2690 1135 2750; x_wconf 85' lang='lat' dir='ltr'>felicitatem</span> <span class='ocrx_word' id='word_1_253' title='bbox 1152 2703 1240 2762; x_wconf 73' lang='lat' dir='ltr'>prae.</span> 
     </span>
     <span class='ocr_line' id='line_1_30' title="bbox 193 2765 1232 2849; baseline -0.003 -16"><span class='ocrx_word' id='word_1_254' title='bbox 193 2775 282 2834; x_wconf 89' lang='lat' dir='ltr'>sentis</span> <span class='ocrx_word' id='word_1_255' title='bbox 294 2774 368 2834; x_wconf 82' lang='lat' dir='ltr'>uitae</span> <span class='ocrx_word' id='word_1_256' title='bbox 383 2765 538 2848; x_wconf 84' lang='lat' dir='ltr'>constituit,</span> <span class='ocrx_word' id='word_1_257' title='bbox 549 2789 607 2834; x_wconf 92' lang='lat' dir='ltr'>non</span> <span class='ocrx_word' id='word_1_258' title='bbox 621 2774 838 2849; x_wconf 70' lang='lat' dir='ltr'>conbafflcant),</span> <span class='ocrx_word' id='word_1_259' title='bbox 861 2791 894 2834; x_wconf 93' lang='lat' dir='ltr'>eo</span> <span class='ocrx_word' id='word_1_260' title='bbox 909 2776 1012 2835; x_wconf 88' lang='lat' dir='ltr'>melius</span> <span class='ocrx_word' id='word_1_261' title='bbox 1026 2779 1158 2833; x_wconf 87' lang='lat' dir='ltr'>naturam</span> <span class='ocrx_word' id='word_1_262' title='bbox 1176 2772 1232 2830; x_wconf 89' lang='lat' dir='ltr'>bn·</span> 
     </span>
     <span class='ocr_line' id='line_1_31' title="bbox 191 2849 1247 2932; baseline 0 -16"><span class='ocrx_word' id='word_1_263' title='bbox 191 2873 317 2932; x_wconf 84' lang='lat' dir='ltr'>monam,</span> <span class='ocrx_word' id='word_1_264' title='bbox 334 2865 417 2932; x_wconf 90' lang='lat' dir='ltr'>prout</span> <span class='ocrx_word' id='word_1_265' title='bbox 431 2858 586 2932; x_wconf 84' lang='lat' dir='ltr'>composita</span> <span class='ocrx_word' id='word_1_266' title='bbox 604 2865 655 2932; x_wconf 89' lang='lat' dir='ltr'>est,</span> <span class='ocrx_word' id='word_1_267' title='bbox 680 2875 711 2918; x_wconf 85' lang='lat' dir='ltr'>sc</span> <span class='ocrx_word' id='word_1_268' title='bbox 729 2859 849 2924; x_wconf 87' lang='lat' dir='ltr'>habere.</span> <span class='ocrx_word' id='word_1_269' title='bbox 868 2860 923 2919; x_wconf 89' lang='lat' dir='ltr'>Sed</span> <span class='ocrx_word' id='word_1_270' title='bbox 945 2860 975 2920; x_wconf 92' lang='lat' dir='ltr'>id</span> <span class='ocrx_word' id='word_1_271' title='bbox 991 2873 1091 2919; x_wconf 81' lang='lat' dir='ltr'>verum</span> <span class='ocrx_word' id='word_1_272' title='bbox 1109 2861 1153 2917; x_wconf 88' lang='lat' dir='ltr'>est</span> <span class='ocrx_word' id='word_1_273' title='bbox 1175 2849 1247 2916; x_wconf 74' lang='lat' dir='ltr'>nota‘</span> 
     </span>
     <span class='ocr_line' id='line_1_32' title="bbox 191 2941 1236 3018; baseline -0.002 -16"><span class='ocrx_word' id='word_1_274' title='bbox 191 2943 284 3016; x_wconf 86' lang='lat' dir='ltr'>quoad</span> <span class='ocrx_word' id='word_1_275' title='bbox 292 2943 524 3016; x_wconf 79' lang='lat' dir='ltr'>substumiatcm,</span> <span class='ocrx_word' id='word_1_276' title='bbox 541 2949 572 3001; x_wconf 91' lang='lat' dir='ltr'>ut</span> <span class='ocrx_word' id='word_1_277' title='bbox 585 2943 625 3002; x_wconf 91' lang='lat' dir='ltr'>ita</span> <span class='ocrx_word' id='word_1_278' title='bbox 640 2943 751 3018; x_wconf 90' lang='lat' dir='ltr'>dicam,</span> <span class='ocrx_word' id='word_1_279' title='bbox 768 2943 933 3004; x_wconf 86' lang='lat' dir='ltr'>felicitatem</span> <span class='ocrx_word' id='word_1_280' title='bbox 951 2943 1076 3004; x_wconf 88' lang='lat' dir='ltr'>hominis</span> <span class='ocrx_word' id='word_1_281' title='bbox 1089 2941 1236 3018; x_wconf 87' lang='lat' dir='ltr'>propriam</span> 
     </span>
     <span class='ocr_line' id='line_1_33' title="bbox 193 3026 1236 3102; baseline -0.001 -17"><span class='ocrx_word' id='word_1_282' title='bbox 193 3033 222 3085; x_wconf 91' lang='lat' dir='ltr'>et</span> <span class='ocrx_word' id='word_1_283' title='bbox 237 3026 359 3086; x_wconf 80' lang='lat' dir='ltr'>relatiua</span> <span class='ocrx_word' id='word_1_284' title='bbox 368 3026 403 3084; x_wconf 90' lang='lat' dir='ltr'>ad</span> <span class='ocrx_word' id='word_1_285' title='bbox 417 3027 505 3086; x_wconf 90' lang='lat' dir='ltr'>finem</span> <span class='ocrx_word' id='word_1_286' title='bbox 519 3027 661 3102; x_wconf 90' lang='lat' dir='ltr'>ultimum,</span> <span class='ocrx_word' id='word_1_287' title='bbox 677 3029 728 3088; x_wconf 92' lang='lat' dir='ltr'>sed</span> <span class='ocrx_word' id='word_1_288' title='bbox 741 3029 836 3102; x_wconf 88' lang='lat' dir='ltr'>quoad</span> <span class='ocrx_word' id='word_1_289' title='bbox 849 3027 1044 3088; x_wconf 61' lang='lat' dir='ltr'>acadeutatio</span> <span class='ocrx_word' id='word_1_290' title='bbox 1051 3027 1192 3102; x_wconf 81' lang='lat' dir='ltr'>quaedam</span> <span class='ocrx_word' id='word_1_291' title='bbox 1205 3035 1236 3085; x_wconf 88' lang='lat' dir='ltr'>et</span> 
     </span>
     <span class='ocr_line' id='line_1_34' title="bbox 193 3109 1235 3187; baseline -0.001 -17"><span class='ocrx_word' id='word_1_292' title='bbox 193 3109 328 3170; x_wconf 85' lang='lat' dir='ltr'>absoluto</span> <span class='ocrx_word' id='word_1_293' title='bbox 341 3111 464 3184; x_wconf 81' lang='lat' dir='ltr'>quadam</span> <span class='ocrx_word' id='word_1_294' title='bbox 479 3112 718 3187; x_wconf 84' lang='lat' dir='ltr'>consideratione,</span> <span class='ocrx_word' id='word_1_295' title='bbox 745 3129 819 3187; x_wconf 89' lang='lat' dir='ltr'>quae</span> <span class='ocrx_word' id='word_1_296' title='bbox 837 3114 875 3172; x_wconf 86' lang='lat' dir='ltr'>ad</span> <span class='ocrx_word' id='word_1_297' title='bbox 892 3112 1033 3173; x_wconf 89' lang='lat' dir='ltr'>ambitum</span> <span class='ocrx_word' id='word_1_298' title='bbox 1052 3111 1138 3172; x_wconf 89' lang='lat' dir='ltr'>buius</span> <span class='ocrx_word' id='word_1_299' title='bbox 1159 3111 1235 3171; x_wconf 84' lang='lat' dir='ltr'>vitae</span> 
     </span>
     <span class='ocr_line' id='line_1_35' title="bbox 193 3195 1235 3272; baseline 0.001 -18"><span class='ocrx_word' id='word_1_300' title='bbox 193 3200 303 3255; x_wconf 71' lang='lat' dir='ltr'>mutum</span> <span class='ocrx_word' id='word_1_301' title='bbox 317 3196 511 3270; x_wconf 77' lang='lat' dir='ltr'>restnngatur.</span> <span class='ocrx_word' id='word_1_302' title='bbox 526 3197 614 3271; x_wconf 77' lang='lat' dir='ltr'>Atque</span> <span class='ocrx_word' id='word_1_303' title='bbox 628 3197 683 3257; x_wconf 91' lang='lat' dir='ltr'>buc</span> <span class='ocrx_word' id='word_1_304' title='bbox 697 3212 784 3256; x_wconf 90' lang='lat' dir='ltr'>sensu</span> <span class='ocrx_word' id='word_1_305' title='bbox 797 3196 894 3256; x_wconf 90' lang='lat' dir='ltr'>minus</span> <span class='ocrx_word' id='word_1_306' title='bbox 907 3198 1021 3272; x_wconf 89' lang='lat' dir='ltr'>proprio</span> <span class='ocrx_word' id='word_1_307' title='bbox 1033 3197 1126 3257; x_wconf 88' lang='lat' dir='ltr'>solent</span> <span class='ocrx_word' id='word_1_308' title='bbox 1138 3195 1235 3269; x_wconf 81' lang='lat' dir='ltr'>vulga·</span> 
     </span>
     <span class='ocr_line' id='line_1_36' title="bbox 192 3281 1234 3356; baseline 0.001 -18"><span class='ocrx_word' id='word_1_309' title='bbox 192 3281 361 3342; x_wconf 85' lang='lat' dir='ltr'>risermone</span> <span class='ocrx_word' id='word_1_310' title='bbox 371 3281 499 3340; x_wconf 88' lang='lat' dir='ltr'>infelices</span> <span class='ocrx_word' id='word_1_311' title='bbox 511 3282 648 3356; x_wconf 87' lang='lat' dir='ltr'>appellari</span> <span class='ocrx_word' id='word_1_312' title='bbox 663 3283 712 3356; x_wconf 83' lang='lat' dir='ltr'>qni</span> <span class='ocrx_word' id='word_1_313' title='bbox 721 3282 842 3342; x_wconf 89' lang='lat' dir='ltr'>terrenis</span> <span class='ocrx_word' id='word_1_314' title='bbox 860 3283 944 3344; x_wconf 89' lang='lat' dir='ltr'>bonis</span> <span class='ocrx_word' id='word_1_315' title='bbox 974 3284 1035 3343; x_wconf 90' lang='lat' dir='ltr'>fere</span> <span class='ocrx_word' id='word_1_316' title='bbox 1047 3281 1163 3341; x_wconf 90' lang='lat' dir='ltr'>omnino</span> <span class='ocrx_word' id='word_1_317' title='bbox 1186 3295 1234 3339; x_wconf 90' lang='lat' dir='ltr'>cs·</span> 
     </span>
     <span class='ocr_line' id='line_1_37' title="bbox 192 3364 1233 3441; baseline 0 -19"><span class='ocrx_word' id='word_1_318' title='bbox 192 3372 256 3423; x_wconf 91' lang='lat' dir='ltr'>rent</span> <span class='ocrx_word' id='word_1_319' title='bbox 269 3371 318 3424; x_wconf 89' lang='lat' dir='ltr'>aut</span> <span class='ocrx_word' id='word_1_320' title='bbox 332 3380 436 3439; x_wconf 79' lang='lat' dir='ltr'>magna</span> <span class='ocrx_word' id='word_1_321' title='bbox 449 3367 572 3439; x_wconf 88' lang='lat' dir='ltr'>quadam</span> <span class='ocrx_word' id='word_1_322' title='bbox 586 3367 747 3426; x_wconf 84' lang='lat' dir='ltr'>calamitate</span> <span class='ocrx_word' id='word_1_323' title='bbox 760 3374 938 3441; x_wconf 90' lang='lat' dir='ltr'>premuntur.</span> <span class='ocrx_word' id='word_1_324' title='bbox 951 3367 1004 3435; x_wconf 84' lang='lat' dir='ltr'>Qui</span> <span class='ocrx_word' id='word_1_325' title='bbox 1014 3372 1124 3438; x_wconf 69' lang='lat' dir='ltr'>tamem</span> <span class='ocrx_word' id='word_1_326' title='bbox 1137 3365 1163 3424; x_wconf 91' lang='lat' dir='ltr'>si</span> <span class='ocrx_word' id='word_1_327' title='bbox 1176 3364 1233 3423; x_wconf 84' lang='lat' dir='ltr'>uir·</span> 
     </span>
     <span class='ocr_line' id='line_1_38' title="bbox 194 3449 1233 3526; baseline 0.001 -19"><span class='ocrx_word' id='word_1_328' title='bbox 194 3453 285 3507; x_wconf 88' lang='lat' dir='ltr'>tutum</span> <span class='ocrx_word' id='word_1_329' title='bbox 300 3449 435 3510; x_wconf 77' lang='lat' dir='ltr'>exercbio</span> <span class='ocrx_word' id='word_1_330' title='bbox 456 3449 555 3509; x_wconf 88' lang='lat' dir='ltr'>ordine</span> <span class='ocrx_word' id='word_1_331' title='bbox 569 3450 669 3509; x_wconf 86' lang='lat' dir='ltr'>morab</span> <span class='ocrx_word' id='word_1_332' title='bbox 684 3451 815 3510; x_wconf 88' lang='lat' dir='ltr'>instructi</span> <span class='ocrx_word' id='word_1_333' title='bbox 830 3459 912 3525; x_wconf 82' lang='lat' dir='ltr'>sunt3</span> <span class='ocrx_word' id='word_1_334' title='bbox 939 3451 1084 3526; x_wconf 89' lang='lat' dir='ltr'>propriam</span> <span class='ocrx_word' id='word_1_335' title='bbox 1107 3449 1233 3509; x_wconf 92' lang='lat' dir='ltr'>bominis</span> 
     </span>
    </p>
   </div>
   <div class='ocr_carea' id='block_1_3' title="bbox 194 3525 1237 3956">
    <p class='ocr_par' dir='ltr' id='par_1_5' title="bbox 194 3525 1237 3956">
     <span class='ocr_line' id='line_1_39' title="bbox 194 3525 1235 3608; baseline 0.002 -18"><span class='ocrx_word' id='word_1_336' title='bbox 194 3525 358 3594; x_wconf 79' lang='lat' dir='ltr'>felicitatem</span> <span class='ocrx_word' id='word_1_337' title='bbox 365 3550 464 3596; x_wconf 82' lang='lat' dir='ltr'>revera</span> <span class='ocrx_word' id='word_1_338' title='bbox 473 3535 626 3608; x_wconf 88' lang='lat' dir='ltr'>possident.</span> <span class='ocrx_word' id='word_1_339' title='bbox 643 3535 733 3596; x_wconf 83' lang='lat' dir='ltr'>immo</span> <span class='ocrx_word' id='word_1_340' title='bbox 742 3535 767 3595; x_wconf 91' lang='lat' dir='ltr'>si</span> <span class='ocrx_word' id='word_1_341' title='bbox 776 3538 932 3596; x_wconf 80' lang='lat' dir='ltr'>concubam</span> <span class='ocrx_word' id='word_1_342' title='bbox 941 3536 1020 3595; x_wconf 87' lang='lat' dir='ltr'>ittam</span> <span class='ocrx_word' id='word_1_343' title='bbox 1029 3537 1169 3594; x_wconf 92' lang='lat' dir='ltr'>bonorum</span> <span class='ocrx_word' id='word_1_344' title='bbox 1184 3537 1235 3592; x_wconf 91' lang='lat' dir='ltr'>aut</span> 
     </span>
     <span class='ocr_line' id='line_1_40' title="bbox 195 3621 1236 3685; baseline 0.001 -5"><span class='ocrx_word' id='word_1_345' title='bbox 195 3621 364 3682; x_wconf 87' lang='lat' dir='ltr'>calamitatis</span> <span class='ocrx_word' id='word_1_346' title='bbox 374 3623 552 3683; x_wconf 87' lang='lat' dir='ltr'>tolerantiam</span> <span class='ocrx_word' id='word_1_347' title='bbox 567 3623 603 3682; x_wconf 91' lang='lat' dir='ltr'>ad</span> <span class='ocrx_word' id='word_1_348' title='bbox 621 3623 749 3683; x_wconf 89' lang='lat' dir='ltr'>ordinem</span> <span class='ocrx_word' id='word_1_349' title='bbox 770 3625 848 3684; x_wconf 92' lang='lat' dir='ltr'>bunc</span> <span class='ocrx_word' id='word_1_350' title='bbox 861 3626 893 3685; x_wconf 90' lang='lat' dir='ltr'>in</span> <span class='ocrx_word' id='word_1_351' title='bbox 914 3641 945 3685; x_wconf 91' lang='lat' dir='ltr'>se</span> <span class='ocrx_word' id='word_1_352' title='bbox 963 3625 1192 3685; x_wconf 87' lang='lat' dir='ltr'>confirmandum</span> <span class='ocrx_word' id='word_1_353' title='bbox 1205 3627 1236 3681; x_wconf 87' lang='lat' dir='ltr'>ct</span> 
     </span>
     <span class='ocr_line' id='line_1_41' title="bbox 196 3707 1237 3782; baseline 0.005 -19"><span class='ocrx_word' id='word_1_354' title='bbox 196 3707 358 3778; x_wconf 80' lang='lat' dir='ltr'>surgendum</span> <span class='ocrx_word' id='word_1_355' title='bbox 372 3707 476 3767; x_wconf 86' lang='lat' dir='ltr'>virtute</span> <span class='ocrx_word' id='word_1_356' title='bbox 490 3707 618 3782; x_wconf 88' lang='lat' dir='ltr'>flectunt;</span> <span class='ocrx_word' id='word_1_357' title='bbox 630 3708 714 3782; x_wconf 80' lang='lat' dir='ltr'>longe</span> <span class='ocrx_word' id='word_1_358' title='bbox 728 3708 867 3769; x_wconf 89' lang='lat' dir='ltr'>feliciores</span> <span class='ocrx_word' id='word_1_359' title='bbox 879 3725 943 3770; x_wconf 91' lang='lat' dir='ltr'>esse</span> <span class='ocrx_word' id='word_1_360' title='bbox 953 3709 1237 3781; x_wconf 79' lang='lat' dir='ltr'>videbunbrr,ortam</span> 
     </span>
     <span class='ocr_line' id='line_1_42' title="bbox 195 3787 1236 3867; baseline 0.002 -19"><span class='ocrx_word' id='word_1_361' title='bbox 195 3787 227 3861; x_wconf 86' lang='lat' dir='ltr'>ii,</span> <span class='ocrx_word' id='word_1_362' title='bbox 242 3789 291 3862; x_wconf 87' lang='lat' dir='ltr'>qui</span> <span class='ocrx_word' id='word_1_363' title='bbox 306 3791 446 3851; x_wconf 86' lang='lat' dir='ltr'>consimili</span> <span class='ocrx_word' id='word_1_364' title='bbox 460 3793 564 3853; x_wconf 86' lang='lat' dir='ltr'>uirtute</span> <span class='ocrx_word' id='word_1_365' title='bbox 579 3799 708 3853; x_wconf 63' lang='lat' dir='ltr'>amenas</span> <span class='ocrx_word' id='word_1_366' title='bbox 721 3793 805 3854; x_wconf 90' lang='lat' dir='ltr'>bonis</span> <span class='ocrx_word' id='word_1_367' title='bbox 813 3795 915 3854; x_wconf 88' lang='lat' dir='ltr'>ceteris</span> <span class='ocrx_word' id='word_1_368' title='bbox 925 3793 1091 3867; x_wconf 89' lang='lat' dir='ltr'>deliciisque</span> <span class='ocrx_word' id='word_1_369' title='bbox 1102 3791 1236 3852; x_wconf 73' lang='lat' dir='ltr'>uiuunt.</span> 
     </span>
     <span class='ocr_line' id='line_1_43' title="bbox 195 3873 1237 3956; baseline 0.001 -24"><span class='ocrx_word' id='word_1_370' title='bbox 195 3873 321 3936; x_wconf 81' lang='lat' dir='ltr'>Profecto</span> <span class='ocrx_word' id='word_1_371' title='bbox 335 3875 446 3938; x_wconf 83' lang='lat' dir='ltr'>nubum</span> <span class='ocrx_word' id='word_1_372' title='bbox 459 3878 652 3949; x_wconf 82' lang='lat' dir='ltr'>spectaculum</span> <span class='ocrx_word' id='word_1_373' title='bbox 665 3878 790 3952; x_wconf 83' lang='lat' dir='ltr'>nobiiss</span> <span class='ocrx_word' id='word_1_374' title='bbox 800 3885 850 3947; x_wconf 85' lang='lat' dir='ltr'>aut</span> <span class='ocrx_word' id='word_1_375' title='bbox 863 3878 1011 3956; x_wconf 80' lang='lat' dir='ltr'>pttltbrius</span> <span class='ocrx_word' id='word_1_376' title='bbox 1024 3876 1131 3948; x_wconf 73' lang='lat' dir='ltr'>atoni</span> <span class='ocrx_word' id='word_1_377' title='bbox 1147 3873 1237 3943; x_wconf 78' lang='lat' dir='ltr'>obici</span> 
     </span>
    </p>
   </div>
   <div class='ocr_carea' id='block_1_4' title="bbox 0 0 1393 4492">
    <p class='ocr_par' dir='ltr' id='par_1_6' title="bbox 0 0 1393 4492">
     <span class='ocr_line' id='line_1_44' title="bbox 0 0 1393 4492; baseline 0 0"><span class='ocrx_word' id='word_1_378' title='bbox 0 0 1393 4492; x_wconf 95' lang='lat' dir='ltr'> </span> 
     </span>
    </p>
   </div>
  </div>
 </body>
</html>
