2767 4492
167 425 509 534 rosunum
541 427 712 527 runis
727 394 1041 535 'utrumn
1074 348 1079 356 ’
1123 360 1127 369 ’

465 715 736 735 W

475 1201 631 1290 LIBER
658 1203 731 1288 ΙΙΙ.

303 1468 355 1526 lus
367 1467 660 1561 'tutunutrtouuus
680 1469 742 1531 ssd
761 1469 903 1531 tutudit

541 1739 665 1765 ⁸⁴10·-

428 2308 766 2382 INTRODUCTIO
826 2359 830 2364 -

108 2524 281 2599 Principium
296 2523 469 2598 socialitatis,
485 2540 541 2598 quo
556 2525 686 2586 temnas
700 2526 880 2594 imbuuntur,
895 2539 954 2584 non
968 2528 1028 2586 sola
1047 2527 1117 2585 civi-

73 2615 129 2670 tate
140 2615 189 2668 aut
203 2610 318 2668 natione
336 2625 366 2668 so
382 2609 510 2682 cohibet,
528 2610 578 2668 sed
594 2611 768 2671 contendens
787 2610 905 2670 ulterius
920 2611 956 2669 ad
971 2613 1117 2672 universa·

70 2694 128 2752 lem
144 2695 298 2768 quamdam
313 2694 552 2753 consociationem
566 2700 663 2768 gentes
678 2697 788 2770 incitat,
800 2712 857 2770 qua
869 2711 926 2754 uon
945 2696 1003 2754 iam
1018 2697 1118 2757 indivi-

70 2780 128 2839 dua
138 2795 204 2838 eum
219 2779 384 2850 individuis,
401 2778 451 2836 sed
462 2795 550 2852 regna
565 2780 626 2853 ipsa
642 2785 670 2838 et
684 2782 781 2854 populi
795 2781 918 2839 invicem
938 2781 1115 2856 colligentur,

69 2880 102 2923 ac
113 2863 220 2922 mutuis
233 2863 386 2936 implendis
397 2863 508 2932 officiis,
527 2863 562 2922 ad
574 2866 661 2922 linem
676 2865 824 2938 proprium
838 2871 956 2923 naturae
970 2865 1117 2925 rationalis

68 2948 211 3022 copiosius
233 2947 443 3020 assequendum
466 2963 582 3020 operam
602 2954 718 3006 navent.
740 2949 798 3007 Hae
819 2949 974 3008 uniuersali
988 2951 1116 3022 gentium

68 3033 203 3092 societate
219 3033 309 3090 torma
324 3030 423 3090 ultima
443 3032 595 3091 exhibetur
609 3033 727 3091 moralis
743 3033 865 3106 ordinis3
885 3032 935 3106 qui
947 3039 978 3092 ut
993 3033 1116 3092 naturali

67 3119 153 3192 plene
170 3116 335 3189 consentiat,
352 3114 481 3174 homines
499 3131 557 3174 nou
571 3117 655 3176 modo
669 3118 780 3192 aliquos
792 3118 868 3176 inter
882 3133 922 3191 sc,
939 3118 989 3176 sed
1003 3119 1116 3176 unirer·

68 3217 126 3275 sos,
139 3205 275 3274 quotquot
291 3206 394 3259 terram
409 3200 545 3268 incolunt,
561 3203 651 3274 quoad
664 3203 857 3276 operationem
871 3201 1004 3273 detinuit,
1017 3217 1114 3275 quem·

67 3286 222 3344 admodum
240 3284 395 3342 similitudo
411 3290 529 3344 naturae
549 3299 598 3344 cos
619 3287 678 3344 iam
700 3292 765 3346 aute
789 3286 941 3360 copulavit.
966 3287 1040 3359 lieo,
1057 3285 1114 3344 nisi

66 3377 219 3446 postquam
234 3371 270 3428 ad
284 3371 447 3428 societatem
462 3371 602 3429 eiusmodi
619 3377 737 3430 ventum
753 3371 815 3441 erit,
832 3371 1049 3429 incitamentum
1063 3386 1115 3428 ua-

68 3463 150 3516 turae
172 3455 307 3528 cessabit,
334 3471 406 3530 quae
422 3455 655 3522 trtiodividuum
680 3456 717 3513 ad
731 3455 895 3514 societatem
918 3454 1111 3528 domesticam,

66 3547 154 3616 atque
169 3540 242 3598 itanc
253 3539 413 3598 adcivilem
427 3540 556 3613 impellit,
569 3542 720 3614 elegentes
734 3539 792 3598 iam
807 3538 883 3597 civili
899 3538 977 3596 cultu
991 3539 1114 3611 gaudeu-

68 3632 110 3686 tes
126 3628 161 3687 ad
177 3641 280 3686 novam
296 3641 416 3700 eamque
431 3625 599 3685 latissimam
615 3626 779 3685 etmaxime
794 3624 1114 3701 praestantemiuuotio·

66 3727 136 3771 nem
148 3713 282 3772 ineudam
297 3717 452 3786 promovet.

101 3798 176 3858 ilino
192 3799 236 3858 ius
247 3798 375 3872 exsurgit
384 3797 613 3872 intemationale,
626 3799 702 3872 quod
712 3798 899 3858 relationibus
908 3795 1060 3870 respondet
1072 3797 1113 3855 in·

66 3885 111 3944 ter
126 3887 244 3959 goirtem
255 3899 344 3945 unam
358 3888 387 3945 ot
401 3881 539 3958 alteram,
556 3889 584 3946 et
598 3883 680 3946 cuins
694 3883 836 3960 principia
851 3881 933 3943 tertio
946 3882 1001 3942 lroc
1018 3880 1113 3965 libellp
