2767 4492
255 305 257 308 ·
276 273 293 338 i
722 276 862 338 nitidum

183 353 184 356 ¹
257 272 313 434 iuri
319 379 347 435 ιι
361 369 474 436 indulta
488 364 649 450 praeditum
663 289 799 434 boiritate.
818 375 852 430 lt
867 386 933 432 rere
948 365 1084 448 quidquid
1097 365 1259 448 agnoscitur
1268 376 1317 432 ut·

157 506 163 519 .
256 459 382 534 bouum,
399 459 573 519 arnluutate
588 457 668 531 diligi
683 463 793 532 polest;
810 457 953 532 siquidem
967 459 1038 517 nibil
1054 458 1132 516 aliud
1147 465 1191 516 est
1204 473 1297 531 amor,

261 561 347 618 quam
362 544 568 620 complacentia
582 549 610 602 ιι
624 542 706 602 nisus
721 542 873 600 voluntatis
887 543 918 601 in
934 534 1041 603 bonurn
1061 543 1137 617 quod
1157 543 1299 617 cognosci-

191 663 194 672 ·
260 637 316 688 tur.
332 627 512 703 Immo'roro,
528 634 561 686 ut
575 623 646 701 dixi,
658 627 707 686 bic
722 643 802 686 amor
816 627 998 703 praecipitur.
1016 629 1085 688 llam
1098 629 1206 702 duplici
1220 629 1300 688 medo

206 719 208 724 ’
258 713 332 773 Deus
347 713 521 774 considerari
536 717 629 788 polest
643 719 675 771 ut
689 711 793 771 bonus:
810 712 949 771 nimirum
961 712 1004 772 rel
1019 712 1146 771 absolute
1161 712 1192 770 iu
1207 729 1246 785 se,
1258 711 1301 771 rel

258 797 375 858 relative
390 800 482 874 quoad
497 813 558 858 nos.
571 796 704 856 Absolute
719 797 845 872 quidem,
857 804 998 871 quatenus
1007 797 1122 857 inlicita
1131 805 1241 856 constat
1254 798 1300 872 bo·

260 883 348 942 nitate
363 885 396 942 ac
411 884 520 943 bouum
535 889 578 942 est
591 898 760 956 supremum
775 881 850 941 inter
864 883 971 943 omnia.
992 882 1037 941 Sic
1054 883 1215 942 maximum
1229 899 1303 942 amn

260 983 321 1026 rem
337 975 462 1027 meretur
477 967 583 1041 duplici
597 967 718 1026 ratione:
736 967 862 1040 primum
877 968 945 1041 quia
959 966 1100 1026 sibonum
1111 972 1155 1025 est
1170 967 1300 1040 amabile,

261 1067 371 1125 summe
381 1053 488 1112 bouum
499 1059 542 1112 est
551 1051 802 1125 summeamabile,
809 1051 895 1125 idque
905 1051 967 1125 ipse
977 1066 1073 1110 rerum
1081 1053 1149 1110 ordo
1157 1052 1301 1125 praecipit.

243 1149 246 1156 '
260 1138 434 1212 Principium
448 1137 525 1196 euim
544 1137 646 1197 iubens
664 1137 774 1196 bomini
786 1143 817 1196 ut
826 1146 919 1196 servet
928 1143 956 1195 et
966 1137 1065 1210 diligat
1074 1137 1212 1208 ordinem,
1224 1136 1305 1194 iubet

261 1223 347 1280 etiam
366 1228 399 1280 ιιι
417 1223 544 1281 maxime
562 1222 661 1296 diligat
679 1223 786 1280 bouum
804 1221 875 1280 illud
892 1221 968 1294 quod
986 1221 1047 1295 ipse
1067 1228 1110 1280 est
1129 1222 1198 1279 ordo
1210 1222 1303 1279 subsi·
1370 1224 1371 1273 l

266 1312 363 1376 stens,
382 1313 410 1366 ιι
424 1308 452 1366 ιι
468 1307 549 1366 cuius
564 1307 675 1382 reliqua
689 1307 820 1365 ordinata
834 1311 901 1364 suut
922 1321 955 1364 ac
973 1305 1058 1364 bona.
1082 1306 1122 1365 En
1137 1322 1194 1380 qun
1209 1322 1303 1365 couse-

261 1393 357 1466 quitur
373 1393 492 1452 uilicus
508 1408 566 1451 nou
581 1395 664 1452 modo
677 1393 839 1466 diligendus
854 1393 900 1465 sit;
918 1393 967 1449 sed
983 1391 1023 1450 ita
1037 1393 1075 1450 ιιι
1088 1391 1259 1466 diligendus,
1271 1399 1303 1450 ut

262 1477 326 1537 aliis
339 1477 472 1538 omuibus
486 1479 670 1554 praeferatur,
687 1485 823 1552 quotquot
838 1484 951 1537 exstant
964 1477 1042 1536 bono
1056 1478 1092 1535 ad
1107 1492 1236 1535 aurorem
1250 1479 1303 1535 irn-

261 1563 404 1635 pellentia.
426 1563 573 1622 Praeterea
587 1563 612 1622 si
627 1563 719 1636 Deus,
735 1569 831 1638 utpote
846 1579 898 1621 ens
917 1563 1076 1637 optimum,
1091 1562 1142 1633 lini
1162 1569 1207 1620 est
1220 1561 1304 1620 bono-

258 1663 324 1706 rum
337 1648 480 1721 omnium3
497 1647 565 1706 ordo
580 1651 655 1724 certe
669 1648 776 1707 serrari
791 1649 898 1723 nequit,
915 1647 972 1707 nisi
988 1648 1132 1720 adipsum
1148 1653 1243 1704 cetera
1258 1646 1305 1706 bo

263 1745 302 1790 na
316 1731 592 1791 reserarelerantur.
610 1733 698 1792 Homo
712 1735 808 1806 itaque
826 1733 876 1808 qui
891 1733 927 1791 ad
942 1733 1071 1810 ordinem
1086 1732 1306 1790 custodiendum

262 1821 385 1890 tenetur,
399 1822 509 1876 leuetur
524 1818 648 1890 prolecto
664 1821 700 1874 ad
714 1821 862 1878 referenda
877 1818 907 1876 iu
923 1818 1012 1877 Deum
1026 1817 1102 1887 bona
1116 1826 1219 1875 cuncta
1232 1832 1307 1890 quae

264 1901 378 1974 appetit.
400 1901 430 1960 ld
443 1917 510 1960 vero
526 1917 593 1960 cum
613 1902 695 1961 aliter
714 1903 828 1962 efficere
845 1909 985 1977 nequeat,
1003 1903 1059 1962 nisi
1075 1903 1164 1962 ileum
1179 1902 1305 1960 maxime

260 1983 374 2064 diligat,
392 1985 428 2043 ad
443 1985 622 2045 dilectionem
638 1987 713 2046 banc
726 2003 826 2062 reapse
843 1987 870 2045 ri
885 1988 998 2047 ordinis
1006 1987 1200 2061 adstringitur.

299 2068 422 2129 llelative
447 2076 542 2130 eutem
557 2071 752 2132 consideratur
771 2073 821 2131 liei
838 2073 961 2147 bonitas,
979 2089 1044 2132 cum
1070 2071 1221 2148 inspicitur
1237 2080 1308 2133 tem·

261 2171 348 2232 quam
361 2156 613 2230 supremum-illud
632 2157 749 2232 bouum,
767 2158 797 2216 in
812 2174 868 2234 quo
888 2157 1009 2217 felicitas
1025 2159 1152 2218 bumana
1167 2157 1307 2233 consistit,

240 2291 246 2302 .
262 2247 338 2300 etex
355 2257 409 2316 quo
428 2242 566 2318 completa
580 2242 714 2316 perlectis
730 2244 759 2302 in
775 2259 826 2302 nos
843 2236 1044 2318 proficiscitur,
1068 2243 1142 2303 Deus
1155 2254 1249 2302 amem
1265 2246 1311 2304 sic

261 2323 406 2400 iuspeclus
420 2327 456 2386 ad
470 2343 597 2387 amorem
613 2330 735 2403 prolecm
751 2329 867 2403 obligat.
885 2331 973 2389 Homo
989 2332 1067 2388 euim
1081 2345 1245 2403 supremam
1260 2330 1310 2393 sui

262 2411 463 2484 perlectionem
477 2418 505 2471 ιι
515 2413 678 2472 felicitatem
692 2414 811 2487 diligere
827 2420 952 2489 tenetur;
969 2415 1073 2489 quippe
1084 2415 1135 2488 qui
1146 2414 1208 2472 eius
1219 2415 1248 2473 vi
1264 2429 1312 2472 ce«

263 2500 323 2555 tera
338 2495 445 2572 diligat,
461 2503 545 2572 alque
560 2499 595 2556 ad
610 2499 689 2557 illam
706 2502 819 2558 taudem
843 2499 995 2574 aliquando
1017 2499 1241 2572 comparandam
1258 2513 1307 2556 ac·

265 2583 364 2657 tiones,
378 2597 449 2658 quus
459 2583 545 2658 elicit,
561 2583 699 2658 implicite
714 2583 815 2643 saltem
837 2585 944 2644 relerre
964 2583 1075 2644 debeat.

671 2755 839 2817 lnrrcvnns
857 2753 891 2817 tt.

547 2922 586 2991 De
606 2928 769 2990 necesitate
782 2927 879 2990 cellos
897 2923 1020 2992 extemis

299 3097 344 3164 83.
360 3095 460 3164 ilicum
475 3105 517 3162 est
530 3107 704 3182 quantopere
718 3101 898 3164 ecleclismus
914 3101 1018 3164 Galllae
1032 3093 1063 3169 lo
1082 3099 1175 3167 cultu
1188 3093 1313 3164 notione

262 3189 425 3250 exbibenda
434 3189 544 3262 deliret,
556 3188 714 3248 Germanici
725 3189 913 3250 rationalismi
923 3189 1066 3249 insomnia
1075 3196 1222 3264 sequutus.
1234 3189 1315 3247 Post·

266 3291 352 3350 quarn
366 3274 444 3334 enim
458 3275 625 3349 religionem
644 3275 675 3334 iu
695 3292 776 3336 mera
791 3277 974 3352 conceptione
994 3276 1163 3336 relationum
1182 3275 1317 3350 bominis

264 3360 405 3422 elmundi
422 3362 458 3419 ad
471 3359 561 3419 Deum
576 3361 733 3435 collocarit,
751 3363 860 3420 cultum
875 3362 1032 3436 generatim
1052 3360 1199 3422 constituit
1216 3361 1249 3418 iu
1264 3377 1319 3420 ee·

261 3447 407 3522 pressione
416 3453 536 3504 entered
544 3443 657 3506 lterum
667 3445 1109 3523 relation-emperrpmbeleeut
1117 3445 1205 3520 signe
1216 3461 1319 3520 quae·

263 3531 335 3592 dem
354 3529 503 3590 sensibilia
519 3532 543 3588 t,
559 3531 593 3590 lt
606 3546 711 3605 magua
729 3531 858 3590 conlusio
875 3531 921 3590 bic
936 3547 1002 3590 cum
1019 3531 1141 3590 falsitate
1155 3530 1317 3592 miscetur.

262 3617 415 3691 Religionis
431 3615 518 3687 enim,
531 3620 563 3674 ut
576 3615 712 3690 diximus,
724 3616 781 3675 alia
795 3633 861 3692 pars
875 3617 1098 3690 speculationem
1111 3615 1238 3689 respicit,
1253 3614 1321 3673 alia

264 3703 413 3762 actionem.
429 3701 479 3760 llla
493 3700 573 3760 iubet
586 3708 619 3760 ιιι
633 3701 829 3761 covenientem
844 3702 973 3762 notitiam
986 3702 1022 3760 de
1033 3701 1089 3760 Deo
1097 3701 1217 3774 musque
1233 3701 1320 3759 rela-

310 3883 320 3931 l
339 3881 395 3931 Vide
408 3881 489 3947 possim
503 3883 597 3950 ὒοιιιιιι,
614 3883 731 3953 hurault,
745 3883 864 3935 ieiunet
878 3885 900 3935 sl
914 3889 995 3936 ceteros
1009 3881 1126 3934 eclecb‘rmi
1141 3880 1247 3934 nnete,
