2767 4492
225 299 319 468 gzrare
330 399 372 460 illi
381 399 520 460 Kandane
534 314 921 476 prinerpffinffiuam
932 385 1115 474 adiungenda
1121 404 1275 478 essetque

227 485 352 550 dicatur:
369 486 410 548 sic
424 501 501 560 agas,
523 490 556 544 ut
569 485 614 544 tex
632 489 698 544 tuas
712 485 866 544 uoluntatis
879 485 980 546 haberi
998 485 1088 562 possit
1102 501 1158 546 ceu
1170 501 1275 547 norma
1381 526 1382 535 ι

227 571 398 630 universalis
411 587 462 646 pro
477 569 597 644 singulis
612 587 742 632 seorsum
752 569 936 645 hominibus,
953 571 978 631 si
992 571 1023 630 in
1032 571 1136 632 iisdem
1151 571 1275 632 circum-

231 655 360 728 stantiis,
378 657 483 732 quibus
496 661 528 714 tu
543 655 680 728 atticeris,
698 661 889 715 versarentur.
907 655 961 714 Sed
974 671 1011 714 ne
1023 655 1077 714 hoc
1093 653 1210 730 quidem
1224 673 1276 732 pa·

229 746 273 800 cto
288 741 463 816 expositum,
483 741 602 801 silatum
617 741 692 800 istud
702 746 735 799 ut
750 741 878 816 primum
896 740 1073 816 principium
1093 739 1126 798 in
1142 741 1275 802 moribus

228 824 293 886 duci
304 826 397 886 dehet.
414 827 473 887 lton
488 826 566 888 enim
581 826 609 885 id
620 826 765 900 exprimit,
778 826 853 902 quod
861 841 962 900 reapse
973 825 1275 886 actionemhouestam

228 911 381 984 constituit
398 911 447 970 sed
461 911 555 986 potius
570 911 678 986 aliquid
694 911 802 984 innuit,
819 911 896 986 quod
910 926 949 970 ex
961 911 1024 970 eius
1039 910 1187 970 honestate
1206 927 1275 974 con·

228 995 365 1070 sequitur.
382 997 441 1056 Nou
456 997 535 1056 enim
549 997 617 1072 quia
631 995 754 1072 cuique,
778 995 881 1054 saltem
895 995 1069 1070 separatim,
1086 994 1160 1054 actio
1174 1011 1276 1056 conve

228 1079 280 1154 nit,
297 1080 415 1140 honesta
437 1086 493 1155 est;
513 1083 562 1142 sed
578 1085 677 1140 contra
690 1080 759 1155 quia
777 1080 897 1140 honesta
918 1084 979 1148 est,
1001 1078 1106 1153 cuique
1129 1079 1275 1142 conuenit.
1381 1106 1382 1151 3

222 1166 354 1228 'Remotio
364 1166 487 1242 deniqne
501 1171 646 1241 respectus
661 1165 808 1240 empirici,
825 1179 912 1243 quam
929 1163 1062 1238 requirit,
1079 1161 1214 1224 datiuum
1231 1171 1277 1225 est

229 1250 469 1312 rationalistarum
484 1253 644 1328 proprium,
666 1251 717 1326 qui
739 1249 947 1326 experientiam
964 1248 1105 1310 removeri
1125 1248 1226 1310 uolunt
1246 1255 1278 1310 et
1381 1252 1382 1291 ³

230 1342 333 1398 cuncta
344 1337 380 1396 ad
396 1337 485 1396 sulam
500 1339 640 1396 rationem
653 1336 791 1396 revocari.

266 1422 350 1482 llultn
364 1421 460 1482 minus
474 1421 589 1498 probari
603 1426 695 1496 potest
709 1420 883 1496 principium
893 1419 1109 1495 concinionum,
1127 1419 1206 1495 quod
1215 1424 1276 1480 tan·

233 1513 293 1568 turn
312 1508 392 1566 abest
412 1513 443 1566 ut
464 1507 589 1583 primum
611 1507 648 1566 sit
673 1507 743 1580 tegis
757 1505 896 1565 naturalis
909 1510 1108 1580 praeceptum,
1128 1510 1162 1563 ut
1179 1505 1274 1580 potius

230 1592 424 1652 characterem
439 1592 555 1652 obiiciat
564 1591 619 1666 legi
634 1591 796 1650 adversum.
813 1591 872 1650 lex
887 1589 965 1650 enim
975 1590 1102 1649 iubendo
1116 1590 1275 1650 etvetando

229 1677 389 1738 libertatem
404 1675 554 1752 adstringit
570 1693 626 1738 non
641 1677 757 1752 quidem
767 1675 884 1751 physice
895 1675 945 1734 sed
959 1675 1122 1751 moraliter,
1138 1681 1172 1734 ut
1184 1673 1276 1750 expli·

230 1768 326 1821 catuna
341 1769 393 1821 est.
413 1763 503 1831 Quare
518 1761 590 1821 ratio
605 1761 646 1820 sic
660 1761 754 1836 potius
769 1760 879 1819 homini
893 1759 972 1834 loqui
984 1757 1114 1818 videtin:
1129 1774 1181 1818 ens
1204 1758 1275 1818 titre-

230 1861 294 1906 rum
311 1847 355 1904 iac
369 1846 442 1906 nolis
457 1847 586 1906 libertate
605 1845 645 1906 uti
664 1861 715 1921 pro
731 1844 838 1918 lubitu,
855 1844 905 1904 sed
919 1844 993 1904 milri
1007 1849 1034 1903 te
1049 1842 1157 1903 subiice
1170 1848 1204 1901 ut
1217 1843 1274 1902 rite

232 1945 309 2004 agae.
327 1930 433 1990 Deinde
448 1930 497 1990 illo
517 1929 685 1993 tausiniano
700 1929 785 1990 effato
800 1929 872 1988 nihil
891 1945 992 2004 reapse
1013 1927 1142 2004 praecipi
1163 1925 1278 1988 videtur

162 2029 165 2036 ’
232 2015 325 2090 quoad
337 2007 530 2089 operationes,
547 2014 604 2074 uisi
619 2015 690 2074 iorte
705 2015 759 2073 hnc
773 2029 882 2073 unum:
899 2018 932 2072 ut
941 2013 1026 2072 homo
1037 2029 1094 2072 non
1105 2013 1232 2089 patiatur
1245 2028 1275 2072 sa

232 2103 273 2160 ita
287 2099 419 2160 sensibus
436 2098 554 2173 abduci,
569 2103 602 2158 ut
615 2098 673 2159 illis
687 2098 843 2182 inserviam
860 2099 911 2158 sed
926 2114 957 2158 se
971 2097 1011 2158 ab
1025 2098 1173 2173 agentium
1190 2102 1276 2158 mate·

232 2185 348 2244 rialium
358 2185 505 2248 dominatu
514 2185 674 2244 immunem
688 2185 807 2244 reddere
822 2185 943 2244 studeat.
959 2184 992 2242 itt
1006 2183 1048 2244 sic
1067 2184 1156 2242 etiam
1170 2181 1276 2243 intelle

233 2276 313 2329 ctum
326 2285 385 2328 nnn
406 2269 502 2330 omnia
521 2269 645 2330 hominis
655 2269 750 2328 officia
769 2268 1019 2350 complecteretur,
1036 2283 1111 2342 quae
1125 2271 1201 2327 certe
1217 2281 1277 2327 uon

234 2355 270 2412 ad
294 2354 324 2414 id
339 2354 431 2414 solum
444 2355 635 2428 reducuntur,
651 2359 683 2413 ut
698 2369 837 2413 sensuum
852 2352 1074 2427 appetitionibus
1089 2351 1276 2428 imperemus,

233 2440 380 2500 Praeterea
388 2441 440 2500 troc
449 2441 543 2516 ipsum
557 2439 621 2500 ideo
633 2444 778 2514 praestare
789 2438 873 2496 trumo
888 2437 988 2510 debet,
1000 2436 1069 2512 quia
1083 2437 1151 2496 ordo
1160 2435 1202 2496 sic
1216 2435 1278 2496 exi-

235 2527 284 2608 git3
296 2531 381 2602 atque
392 2532 541 2602 propterea
553 2530 736 2600 praeceptum
751 2522 822 2582 illud
834 2538 892 2582 non
906 2527 949 2581 est
962 2521 1098 2596 primum.

269 2611 405 2686 lienique,
422 2610 598 2670 adllamiron
613 2609 688 2683 quod
702 2607 817 2679 attinet,
832 2605 905 2666 nihil
920 2606 1045 2681 ineptius
1059 2611 1108 2666 aut
1121 2605 1279 2667 ridiculum

234 2696 327 2770 magis
342 2695 398 2754 dici
416 2699 536 2770 poterat.
553 2693 595 2752 ltu
613 2693 674 2752 eius
695 2692 773 2750 enim
791 2689 876 2750 aliato
892 2696 1113 2766 consequeretur
1128 2691 1280 2750 hominem

236 2781 325 2840 teneri
343 2781 378 2840 ad
397 2780 523 2852 singutas
543 2793 609 2836 suas
627 2777 775 2836 facultates
794 2776 826 2835 in
848 2775 977 2836 maximo
990 2775 1081 2850 modu
1094 2773 1275 2834 evolvendae.

237 2865 284 2924 Sic
295 2881 350 2924 non
365 2866 448 2924 modo
463 2863 588 2922 scientiis
604 2862 738 2922 omnibus
748 2867 833 2936 atque
848 2861 967 2933 artibus,
985 2865 1123 2937 quotquot
1137 2863 1212 2933 sunt,
1224 2859 1279 2918 im-

236 2967 323 3026 pense
346 2965 461 3026 operam
479 2949 547 3008 darc
565 2949 745 3021 iuberemur3
764 2948 814 3007 sed
832 2947 869 3007 ad
888 2947 944 3006 alia
963 2947 1068 3021 etlam,
1091 2963 1164 3023 quae
1183 2951 1279 3006 tacere

236 3035 388 3110 putaturum
407 3039 462 3107 ast,
474 3033 597 3092 studiose
611 3033 778 3092 incumbere
792 3033 838 3095 ius
850 3038 968 3093 naturae
979 3048 1032 3092 nos
1046 3031 1181 3106 adigeret.
1197 3029 1279 3099 Quod

238 3119 308 3180 adan
326 3117 431 3180 rationi·
448 3123 605 3196 repugnat,
626 3121 658 3180 ut
675 3119 737 3180 risu
757 3118 851 3205 potius
866 3133 954 3196 quam
969 3117 1138 3181 terracona
1157 3115 1279 3197 dignun

237 3205 368 3266 uideatur
383 3207 409 3266 t.

282 3363 293 3411 l
313 3365 429 3411 liosminns
445 3364 540 3428 primunr
554 3363 688 3428 principium
703 3364 832 3412 moralitatis
846 3364 870 3410 in
884 3366 1040 3426 emiliana
1055 3366 1162 3427 psaltae
1181 3366 1282 3413 ouan-

236 3457 292 3490 ruru
305 3441 403 3488 collocat.
420 3441 467 3487 lino
481 3443 540 3489 enirn
555 3457 633 3503 penora
648 3443 779 3489 indiciorum
795 3442 905 3490 ιιίιιιιιὶιι
923 3443 967 3490 slis
988 3443 1125 3508 πιιιωιιίι,
1141 3443 1183 3490 ulia
1202 3443 1281 3490 libere.

237 3518 309 3565 Prima
323 3533 348 3564 ss
361 3517 473 3566 voluntate
487 3533 531 3564 non
546 3517 642 3581 pendere
655 3519 695 3582 sit,
707 3518 745 3565 ssd
759 3534 808 3564 ιιιιι
821 3518 951 3581 mucules
964 3521 1063 3582 mnino,
1075 3518 1215 3581 uterinum
1229 3535 1286 3582 np-

236 3595 335 3657 peditent
350 3595 445 3641 motibus
460 3595 539 3657 quibus
558 3595 664 3642 euoluitur
684 3594 804 3658 voluntas,
820 3611 876 3658 quac
889 3596 913 3644 in
928 3596 1028 3658 ignotam
1041 3596 1094 3644 terri
1109 3597 1192 3659 nequit.
1209 3595 1286 3644 stra·

237 3671 318 3717 iudicia
333 3687 358 3717 ex
372 3671 456 3718 arbitrii
471 3671 652 3718 determinatione
667 3672 740 3718 enasci
755 3671 833 3719 ιιιιιὶι
842 3677 864 3720 ιι
873 3673 990 3720 οοιιιὶιιιιι
1005 3673 1029 3719 iu
1043 3673 1114 3723 libers
1126 3686 1287 3734 ιιιιμιιιιιι·

239 3747 266 3792 (ιι
281 3747 390 3810 raritate,
405 3763 460 3810 quau
476 3748 537 3810 prius
553 3749 674 3796 necessario
688 3748 783 3796 iudicata
798 3754 839 3796 ιιι.
856 3749 913 3796 ilino
927 3749 1038 3799 nor-alitus
1058 3745 1210 3812 proficiscitur.
1227 3747 1287 3796 Nam

239 3822 340 3869 honestas
354 3829 392 3868 sut
405 3823 518 3886 turpitudo
532 3829 619 3872 actuum
633 3825 752 3874 liberorum
766 3825 794 3870 sd
808 3825 913 3872 latidum
929 3824 1019 3873 undem
1032 3824 1154 3888 reducitm,
1165 3839 1209 3887 quo
1223 3823 1288 3871 obie-

240 3903 297 3948 ctam
312 3899 354 3946 rite
369 3899 504 3962 recoquitum
519 3901 563 3964 sit,
580 3895 639 3948 iusta
653 3901 675 3946 id
690 3901 749 3966 quod
763 3902 877 3968 eontinet,
892 3905 931 3950 ιιιι
945 3916 1015 3952 scm
1031 3902 1103 3962 Qum
1118 3900 1191 3969 primu
1205 3903 1229 3949 et
1243 3917 1288 3950 sn-
