2767 4492
410 395 524 447 *rans
539 395 889 448 mrum-esscuouoen
1140 387 1191 449 ill
1295 465 1298 471 Ι

182 485 258 560 Resp
285 485 359 559 llego
374 490 562 558 assumptum.
578 485 618 543 dd
634 487 715 559 pmb.
732 484 800 543 dist.
816 484 917 558 nequit
929 498 1016 560 agere
1029 481 1060 544 in
1075 501 1108 546 re
1122 502 1194 546 non·

22 569 26 578 '
49 602 56 633 t
148 571 217 630 dum
233 569 287 632 sibi
310 575 393 643 nota,
410 569 435 629 si
450 584 544 628 sermo
565 575 609 629 est
627 570 663 628 de
678 568 790 628 actione
805 569 928 642 reflexa,
945 585 1042 643 eouo.;
1057 571 1082 629 si
1097 587 1192 631 sermo

1 667 3 669 ·
150 655 236 724 estde
240 654 356 729 actione
370 661 526 729 spontanea
536 654 572 712 ad
583 652 706 728 primam
717 652 939 714 intellectionem
949 654 1096 728 requisita,
1107 659 1191 730 bego.

185 733 303 798 titilius
316 738 454 811 diximus,
463 738 570 814 duplex
582 743 761 798 momentum
775 736 1004 810 inintelligentia
1017 739 1193 800 considerari

149 823 246 883 debet:
264 828 451 898 spontaneum
462 829 491 882 et
501 823 660 896 reflexum3
677 827 761 896 atque
771 820 836 880 ideo
850 821 955 895 duplex
967 821 1132 883 abstractio:
1149 841 1193 884 or·

149 907 225 967 dinis
239 907 388 980 spontanei
403 911 432 965 et
446 907 539 966 ordini
555 907 665 965 rederi.

185 993 311 1066 Cognitio
326 999 355 1051 et
364 991 515 1051 abstractio
530 993 637 1050 reflexa
654 993 800 1066 praeviam
822 992 1014 1066 cognitionem
1028 992 1059 1051 iu
1074 992 1135 1064 ipso
1151 995 1195 1052 in·

150 1077 263 1136 tellectu
278 1076 465 1148 subaudiunt;
483 1076 625 1150 siquidem
637 1075 730 1134 reditu
746 1077 851 1134 mentis
865 1092 952 1150 supra
966 1078 1115 1152 proprium
1130 1093 1195 1138 cou-

144 1168 265 1305 ceQum
284 1165 423 1220 constant.
444 1159 477 1218 dt
496 1161 619 1233 cognitio
639 1166 673 1218 et
686 1159 840 1218 abstractio
858 1165 1015 1233 spontanea
1034 1177 1092 1221 non
1114 1162 1193 1221 item.

151 1247 207 1320 dog
228 1244 748 1318 itioenimsponlansabocipsouuod
760 1244 914 1318 primaeui,
926 1244 1069 1304 obiectum
1081 1261 1195 1306 nonco

151 1331 262 1404 gnitum
277 1331 326 1388 sed
340 1329 568 1402 cognoscendum
583 1328 712 1402 requirit.
725 1327 860 1387 Similiter
874 1327 1028 1387 abstractio
1038 1337 1195 1403 spontanea

152 1413 206 1472 hoc
221 1413 281 1487 ipso
292 1413 366 1487 quod
379 1412 470 1485 prima
483 1411 637 1470 abstractio
652 1418 704 1478 est,
721 1410 864 1470 obiectum
880 1426 937 1470 non
951 1413 1010 1470 iam
1020 1413 1195 1472 abstractum

151 1499 201 1556 sed
219 1503 326 1556 tautum
341 1496 562 1555 abstrahendum
584 1497 795 1572 praesupponit.
813 1497 883 1553 dum
902 1502 998 1554 autem
1018 1497 1054 1554 ad
1074 1497 1197 1570 primam

151 1582 256 1641 mentis
271 1581 489 1644 intellectionem
500 1580 655 1652 ordinetur,
672 1581 726 1638 boc
740 1580 883 1638 obiectum
900 1580 1123 1638 abstrahendum
1139 1596 1197 1640 non

151 1667 182 1724 in
199 1675 292 1724 mento
308 1666 593 1738 praesupponendum
608 1671 659 1732 eet,
677 1663 725 1720 sed
742 1664 771 1720 in
788 1679 891 1734 sensu,
911 1671 943 1720 ut
957 1657 1039 1721 mens
1058 1663 1196 1736 operatio

150 1765 187 1809 ue
198 1767 249 1808 sua
263 1750 357 1822 ipsum
371 1749 471 1806 reddat
484 1747 672 1820 intelligibile.
688 1747 794 1805 idcireo
809 1748 838 1804 in
852 1747 1052 1806 enuntiatione
1069 1749 1194 1821 proposi-

121 1891 132 1911 ,
151 1835 235 1893 tionis
245 1834 371 1893 diximus
381 1832 611 1901 abstractionem,
623 1846 697 1904 quae
707 1832 743 1888 ad
754 1831 895 1902 originem
906 1831 1036 1890 idearum
1046 1833 1191 1905 explican-

150 1917 216 1976 dam
231 1918 362 1990 sufficiat,
378 1917 481 1976 debere
495 1930 558 1976 esse
574 1915 774 1989 primigeniam
792 1917 817 1971 l.

659 2086 692 2145 tl.

274 2254 462 2330 Propositum
481 2261 609 2329 systema
625 2268 701 2328 prae
719 2253 819 2313 ocutis
837 2253 1006 2329 eligardum
1022 2263 1072 2315 est.

191 2421 251 2484 tlt.
268 2425 348 2484 Prob.
365 2425 436 2484 illud
451 2430 576 2500 systema
591 2439 659 2498 pree
674 2425 776 2484 ceteris
794 2425 959 2499 eligendum
974 2429 1032 2494 est,
1050 2425 1126 2496 quod
1140 2439 1199 2483 uon

152 2513 236 2568 modo
250 2511 375 2583 explicat
389 2511 528 2582 originem
543 2509 672 2572 idearum
693 2508 809 2570 vitando
824 2517 954 2568 extrema
970 2506 1156 2565 sensistarum
1170 2512 1200 2564 et

100 2657 104 2670 ¹
151 2593 405 2667 ralionalistarum3
423 2593 473 2652 sed
487 2594 574 2653 etiam
588 2594 783 2668 experientiae
799 2595 960 2666 respondet,
972 2598 1001 2647 et
1016 2596 1136 2647 naturae
1149 2589 1198 2646 bu·

123 2727 130 2752 ,
150 2691 254 2737 manee
269 2685 313 2736 eet
325 2678 452 2736 maxime
466 2679 720 2737 accommodatum.
737 2678 819 2750 Atqui
834 2677 905 2734 baec
924 2675 1022 2732 omnia
1035 2673 1195 2731 locum'ba·

151 2761 219 2819 berit
234 2766 262 2820 tn
280 2763 601 2835 praesenti.systcmete;
619 2775 686 2833 ergo
702 2767 756 2818 etc.

37 2894 56 2917 ,
186 2847 272 2904 llaior
287 2846 371 2902 buius
385 2845 540 2918 syllogismi
556 2845 644 2900 claret
659 2858 709 2915 per
724 2858 764 2899 se.
777 2843 866 2900 blinor
876 2846 972 2899 autem
987 2841 1081 2914 quoad
1097 2840 1195 2913 siugu-

33 2933 39 2940 '
62 2947 64 2952 ¹
121 2992 130 3006 ᾖ
151 2929 193 2987 las
210 2935 316 3002 partes,
332 2943 402 2999 quus
418 2927 558 2996 affirmat,
575 2927 616 2983 sic
635 2926 862 2982 demonstratur:
881 2924 1022 2983 Sensislae
1040 2924 1198 2998 peccabant

151 3013 282 3081 delectu,
299 3009 490 3081 concipientes
512 3008 687 3064 intellectum
702 3008 746 3064 vel
762 3016 794 3064 ut
814 3008 923 3080 aliquid
937 3025 995 3075 non
1018 3009 1164 3068 diversum
1180 3024 1198 3066 a

151 3111 248 3166 sensu,
259 3093 308 3178 uel
324 3100 355 3150 ut
372 3092 526 3165 potentiam
542 3105 619 3148 mere
639 3090 792 3165 passivam,
810 3107 892 3165 quae,
909 3093 1048 3167 quidquid
1069 3094 1196 3164 liaberet,

152 3197 170 3240 a
188 3195 274 3239 sensu
292 3177 443 3251 reciperem
464 3175 664 3234 Rationalislee
679 3184 777 3233 contra
801 3176 958 3249 peccabant
973 3192 1093 3235 excessu
1107 3221 1115 3246 ‚
1131 3176 1199 3248 qttia

44 3334 49 3344 Ι
151 3264 295 3340 ponebant
308 3263 339 3322 in
354 3261 449 3319 animo
464 3260 543 3317 ideas
559 3268 608 3318 aut
622 3259 746 3317 visiones
760 3260 911 3332 ingenitas.
924 3260 957 3319 dl
972 3268 1067 3318 nostra
1083 3266 1196 3316 senten·

154 3350 192 3408 tia
207 3347 334 3408 medium
353 3346 459 3404 incedit
473 3345 541 3416 iter3
559 3357 626 3401 nam
646 3358 701 3402 non
716 3345 801 3403 modo
819 3345 994 3403 intellectum
1013 3342 1197 3414 distinguite

117 3499 121 3506 ,
153 3449 252 3506 sensu,
269 3433 318 3490 sed
336 3431 463 3504 agnoscit
476 3428 508 3485 in
525 3427 587 3500 ipso
601 3427 746 3488 intellectu
761 3430 820 3488 vim
839 3431 962 3488 activam
977 3443 1034 3502 qua
1049 3427 1127 3485 cirea
1146 3427 1195 3484 ob·

199 3643 210 3688 l
229 3644 286 3691 llaec
301 3643 334 3690 ris
349 3632 477 3689 ebefficlivu
493 3645 526 3688 eet
539 3639 629 3688 luculleo
644 3641 690 3705 tlte,
703 3656 758 3704 quae
771 3657 784 3687 a
799 3643 822 3687 S.
834 3640 916 3687 Thema
931 3640 1054 3704 appelletur
1067 3640 1200 3687 intellectus

110 3731 113 3738 '
152 3734 229 3782 epm,
241 3719 387 3782 etfldieeltetur
401 3718 526 3766 illuminare
540 3717 700 3780 phantesmata,
712 3723 820 3779 quatenus
833 3717 919 3763 actione
932 3730 971 3763 sua
986 3715 1091 3762 reddebat
1104 3715 1128 3760 in
1143 3713 1199 3776 ipsis

153 3794 299 3858 intelligibile,
309 3795 367 3857 qued
382 3809 444 3841 mous
458 3809 503 3840 nou
517 3800 575 3840 esest
587 3793 702 3846 eiusmodi.
718 3813 727 3834 ι
741 3792 866 3838 intellectus
880 3789 1007 3852 agentieest
1018 3790 1199 3837 illuminaremus

156 3889 165 3913 ι
184 3869 271 3932 quidem
285 3870 352 3916 elium
368 3868 543 3932 intelligentem,
559 3867 597 3914 sed
612 3867 760 3929 intelligibilia
774 3867 798 3912 ia
812 3866 928 3930 potentia,
944 3867 969 3912 iu
982 3872 1089 3929 quantum
1103 3879 1143 3928 per
1156 3862 1199 3908 ab·

104 3937 106 3940 ’
157 3965 165 3987 s
184 3945 324 3992 structionem
337 3943 389 3993 lecit
398 3957 423 3992 ee
432 3942 579 4006 intelligibilia
589 3941 613 3990 in
625 3947 682 3989 ectu.
698 3963 707 3985 ι
719 3944 817 3992 Sem
830 3943 905 3992 Μ.
917 3941 929 3989 l
943 3957 1012 4076 pfiq.
1024 3942 1064 4004 bl,
1076 3954 1097 3988 t.
1109 3941 1124 3986 l
1135 3937 1163 3986 ed
1173 3936 1197 3984 2.

990 4016 1002 4041 s
