2767 4492
430 311 833 358 reserante-cosanum
1120 300 1155 360 89

145 397 271 456 lamrero
284 397 318 452 ut
331 407 349 450 a
361 391 455 466 primo
465 392 646 466 auspicemur
660 398 836 466 mgumento,
855 386 886 451 id
899 391 1028 453 divinam
1042 393 1158 455 liberta-

110 486 167 540 tem
181 485 211 540 et
228 477 376 538 scientiam
391 478 489 550 ιιιιςιι,
505 491 578 551 quae
592 477 655 536 tuse
669 477 833 537 innaturali
847 477 997 552 theologia
1011 479 1158 553 explican-

109 565 146 625 da
160 567 235 623 sunt.
251 561 440 622 Nihilominus
455 560 562 634 aliquid
575 559 623 620 hic
642 561 806 620 summatim
819 560 995 636 delibemus,
1015 565 1157 637 quantum

110 648 148 707 ad
162 647 231 706 illud
245 645 413 706 solvendum
427 643 560 704 sutiloiat.
589 643 731 718 Principio
749 643 837 718 igitur
858 645 962 704 laisum
983 651 1027 706 est
1040 662 1157 708 omnem

110 730 143 790 in
155 731 210 790 ileo
224 729 384 803 scientiam,
395 727 534 788 obiective
548 731 715 804 spectatam,
728 729 1000 789 essenocassariam.
1012 731 1158 792 iiocenim

109 815 145 874 de
159 813 219 874 sola
231 813 281 872 illa
294 812 414 876 scicntia
438 811 495 871 dici
517 815 632 886 potest,
661 826 720 885 qua
741 811 816 870 licus
834 826 866 870 se
887 817 953 871 actu
970 819 1156 890 exstantem,

110 903 204 958 cetere
217 913 284 958 vero
302 902 439 971 tanquam
454 895 601 970 possibilia
621 895 841 970 contemplatur.
857 896 891 954 tt
900 911 935 955 ea
945 897 1074 972 scientia,
1085 915 1161 974 quae

108 997 156 1041 res
169 986 279 1041 creatus
292 985 326 1040 ιιι
339 980 398 1040 iam
419 980 573 1040 existentes
594 979 720 1054 respicit,
738 978 771 1037 in
788 979 845 1037 lieo
859 995 917 1039 non
931 982 1093 1042 necessaria
1110 985 1162 1042 sed

109 1065 280 1140 contingens
295 1063 417 1123 dicenda
434 1069 487 1124 est.
503 1063 639 1123 Perfectio
654 1063 734 1122 enim
752 1062 921 1135 cognitionis
935 1065 989 1124 hoc
1003 1065 1059 1125 sihi
1072 1065 1163 1126 vindi·

108 1154 170 1223 cet,
186 1153 219 1208 ut
233 1147 343 1208 obiecta
355 1148 564 1223 perspiciantur
578 1151 611 1206 ut
629 1151 706 1206 sunt.
723 1145 778 1204 Sed
791 1160 838 1204 res
852 1152 974 1222 οιοιιιοο,
985 1149 1023 1207 ad
1036 1149 1162 1210 existen·

111 1233 184 1293 tiam
194 1233 269 1308 quod
284 1233 399 1307 attinet,
415 1232 584 1306 neutiquam
599 1245 636 1290 ex
649 1228 819 1289 necessitate
829 1239 903 1289 sunt.
919 1231 992 1306 llrgo
1009 1233 1162 1308 quodsint,

109 1333 169 1378 non
183 1317 344 1378 necessario
359 1317 410 1376 sed
424 1316 622 1388 contingenter
635 1313 825 1387 cognoscitur.
844 1313 941 1388 Neque
955 1315 1009 1374 noc
1027 1320 1163 1378 mutatio·

110 1417 181 1460 nem
189 1401 279 1460 uliam
288 1401 345 1458 ileo
360 1399 456 1470 adert3
469 1403 549 1456 acuis
562 1397 641 1456 enim
649 1395 765 1456 divinae
774 1397 946 1470 cognitionis
954 1413 1014 1458 non
1022 1406 1159 1472 mutatur,

111 1484 167 1544 etsi
182 1488 328 1543 mutentur
340 1483 461 1554 obiecta,
479 1496 552 1555 quas
566 1479 662 1554 qualia
675 1480 707 1539 in
722 1485 849 1554 tempore
862 1481 960 1540 lutura
969 1481 1027 1541 sint
1040 1483 1115 1542 Deus
1124 1501 1165 1542 ex

111 1567 280 1628 aeternitate
291 1564 445 1641 perspexit.
454 1565 628 1638 Quapropter
637 1564 915 1638 quamuisSpinoaae
926 1566 1168 1640 daremus,lieum

114 1651 226 1724 eadem,
243 1666 300 1726 qua
314 1649 459 1722 intelligit,
476 1647 645 1708 necessitate
659 1649 747 1722 velle3
764 1649 837 1708 nihil
851 1653 948 1708 tamen
962 1649 989 1708 is
998 1657 1168 1724 argumento

113 1751 167 1796 suo
179 1735 339 1810 proliceret.
356 1735 445 1793 immo
463 1747 530 1792 vero
543 1731 723 1791 radocinatio
736 1731 787 1790 illa
801 1733 937 1792 adversus
955 1733 1052 1807 ipsum
1067 1735 1167 1808 spino

114 1833 179 1878 anm
193 1818 319 1878 converti
329 1821 424 1891 posset
432 1816 486 1874 hac
500 1815 561 1874 lere
570 1815 698 1874 ratione:
714 1813 875 1875 intellectus
885 1821 914 1874 et
927 1816 1057 1876 voluntas
1071 1817 1169 1878 inliso

117 1918 210 1964 unum
227 1903 362 1976 idemque
384 1905 470 1974 sunt;
487 1898 567 1974 atqui
582 1899 656 1958 Deus
669 1913 730 1958 non
746 1898 857 1973 omnin,
884 1915 956 1974 quae
970 1900 1115 1975 intelligit,
1132 1917 1170 1960 ex

112 1987 281 2048 necessitate
295 1985 440 2060 intelligia
457 1999 524 2058 ergo
542 1997 601 2042 non
625 1982 738 2055 omnia,
759 1997 833 2055 quae
852 1983 929 2052 vult,
946 1998 985 2043 ex
998 1985 1168 2044 nmesdtate

113 2071 184 2131 uult.
200 2072 289 2144 Leges
309 2071 396 2142 igitur
410 2075 529 2128 neutrae
544 2067 742 2141 contingenter
760 2067 894 2127 constitui
908 2068 1021 2144 abipso
1034 2079 1167 2194 mesum,

115 2171 151 2214 ac
163 2155 319 2214 mutationi
333 2153 447 2213 subiici.

151 2239 256 2297 Verum
269 2250 363 2310 neque
372 2237 443 2295 hoc
434 2251 497 2296 rure
508 2235 722 2295 concedendum
735 2241 779 2295 est
787 2235 987 2297 uoluntatem
978 2253 1011 2298 ιιι
1019 2239 1078 2299 Deo
1090 2239 1171 2299 nulla

115 2322 228 2382 ratione
243 2321 279 2380 ab
294 2319 440 2380 intellectu
460 2319 606 2392 distingui.
629 2320 701 2380 Nam
713 2325 747 2378 ut
762 2321 832 2380 scite
854 2321 977 2396 theologi
993 2323 1168 2397 admonent,

116 2419 294 2480 quamquam
307 2419 339 2462 rc
348 2403 380 2463 in
392 2403 448 2463 lieo
463 2403 592 2464 voluntas
607 2418 674 2462 cum
684 2403 828 2464 intellectu
839 2421 954 2479 prorsus
964 2408 1165 2474 contundatur,

115 2489 224 2562 optime
245 2493 340 2548 umen
355 2488 464 2548 uirtute
484 2487 676 2560 distinguitur.
692 2488 804 2549 Etenim
826 2490 906 2548 nulia
924 2490 1041 2564 qrridem
1064 2490 1096 2548 in
1115 2490 1172 2550 ileo

116 2575 194 2632 inest
208 2572 373 2646 compositio
388 2571 555 2632 facultatum
570 2572 579 2646 (
584 2572 689 2648 quippe
708 2588 768 2633 una
782 2588 900 2648 prorsus
919 2579 948 2631 et
961 2572 1174 2646 simplicissima

114 2673 150 2716 re
164 2657 293 2716 subsistit
310 2661 339 2716 et
352 2657 441 2732 agit),
454 2663 579 2728 ettamen
593 2658 734 2718 hnecuna
748 2658 929 2732 simplexque
938 2673 984 2716 res
994 2657 1089 2718 varias
1098 2659 1173 2718 uires

116 2740 298 2815 aequiparet,
311 2756 345 2800 ac
358 2745 442 2814 prout
456 2741 630 2800 obiecturum
644 2747 750 2800 natura
759 2741 907 2813 ipsiusque
918 2741 1054 2812 perfectio
1068 2742 1168 2814 exigit,

101 2839 175 2898 ,uno
193 2825 434 2898 respectu'putius
454 2839 542 2898 quam
560 2823 615 2882 alio
640 2827 783 2895 operatur.
807 2823 880 2880 ilinc
900 2823 1023 2880 sllicitur
1043 2828 1088 2894 ut,
1104 2823 1173 2880 iicet

114 2913 201 2983 prout
217 2908 377 2968 intellectus
392 2913 435 2966 est
450 2905 527 2965 eirca
545 2906 643 2978 aliqua
655 2903 819 2975 cognitione
833 2908 981 2977 versetur,
1003 2909 1101 2962 umen
1114 2919 1173 2963 non

117 2992 254 3053 continuo
274 2991 311 3048 ad
325 2989 509 3047 existentiam
522 2987 593 3058 ipsis
608 2983 788 3043 tribuendam
802 2985 947 3044 voluntate
961 2986 1077 3046 teratur.
1096 2987 1172 3047 dete

115 3091 186 3137 rum
200 3072 354 3130 difficultas
376 3071 412 3128 ad
432 3084 494 3128 rem
508 3081 567 3125 non
584 3067 662 3124 lacit.
677 3067 749 3126 Nam
767 3067 826 3127 sire
840 3068 917 3128 Deus
930 3070 1091 3131 necessario
1105 3071 1176 3130 velit

117 3162 182 3220 sive
195 3155 285 3214 libere
300 3153 393 3228 (quod
407 3151 602 3211 deliniendum
615 3155 660 3210 est
673 3149 774 3225 alibi),
791 3152 864 3212 nihil
878 3155 983 3215 exinde
997 3159 1096 3214 οοιιιιιι
1110 3170 1176 3230 pos-

118 3239 286 3303 sibilitatem
304 3235 508 3296 miraculorum
532 3234 724 3310 consequitur.
748 3236 790 3295 id
806 3252 841 3296 ea
859 3237 937 3296 enim
955 3238 1094 3312 patranda
1116 3254 1175 3299 non

121 3340 194 3401 opus
207 3328 251 3383 est
264 3327 296 3382 ut
309 3326 401 3380 mutet
414 3319 589 3382 voluntatem
602 3320 682 3396 prius
697 3319 840 3394 habitam;
865 3322 916 3380 sed
930 3322 1036 3381 sufficit
1049 3322 1074 3380 si
1088 3322 1129 3382 ita
1138 3323 1176 3382 ab

122 3415 237 3470 aeterno
252 3406 372 3466 voluerit
386 3404 516 3464 ordinem
529 3419 722 3478 communem,
737 3410 770 3463 ut
782 3403 935 3466 nonnullas
948 3403 1071 3464 uoluerit
1084 3405 1173 3465 simul

123 3491 306 3567 exceptiones
319 3489 507 3550 determinato
522 3493 648 3563 tempore
662 3490 849 3564 peragendas

158 3576 253 3644 Quoad
267 3575 388 3634 aiterum
404 3589 481 3647 vero,
495 3570 713 3634 animadverto
705 3574 845 3649 mprimis
859 3574 937 3648 leges
950 3576 1071 3632 naturae
1079 3588 1176 3635 munus

124 3661 238 3736 proprie
251 3660 365 3719 decreta
379 3658 429 3718 liei
443 3657 596 3718 nominari.
613 3659 763 3718 Decretum
777 3658 855 3717 enim
869 3658 983 3733 proprie
997 3661 1092 3717 actum
1106 3659 1177 3718 divi·

127 3759 182 3804 nae
197 3743 348 3804 ieiunatis
363 3743 524 3818 significat,
541 3743 618 3817 leges
634 3747 732 3804 aulem
745 3748 866 3802 naturae
884 3742 1027 3803 obiectum
1042 3743 1104 3804 eius
1113 3747 1207 3804 sunt

129 3826 370 3892 sustentasset
392 3827 527 3903 quoniam
547 3841 652 3893 nomen
671 3826 816 3892 interdum
836 3825 873 3888 ab
897 3829 963 3888 actu
977 3827 1014 3888 ad
1034 3825 1178 3892 οιιιοοιιιιιι
