2767 4492
236 301 290 368 250
564 311 792 389 mammarum
806 313 962 388 namna·
1039 371 1044 380 ,

237 421 255 464 a
270 387 382 479 recepto
397 383 576 462 discedamus
590 389 683 474 more,
700 382 805 475 iriplid
821 389 935 460 utexhdr
951 379 1185 474 algudenlo'rdm
1200 416 1281 477 gene

236 505 286 549 re:
302 489 358 561 iis,
375 503 448 562 quae
463 503 480 545 a
493 492 595 544 natura
609 485 672 558 ipsa
686 499 783 543 rerum
799 491 960 544 creatarum
975 491 1136 559 sumuntur,
1153 491 1182 544 et
1195 494 1282 546 meta·

237 574 356 648 physica
371 573 499 644 audiunt,
516 570 646 656 linquae
662 569 747 656 plane
760 570 899 651 mirificus
912 571 1014 630 mundi
1028 571 1097 631 ordo
1111 573 1280 646 suppeditat,

234 660 263 716 et
277 657 397 732 physica
416 651 618 727 nominantnr;
639 652 763 729 deniqne
780 653 835 728 iis,
851 671 925 729 qnae
943 655 1089 715 unanimis
1108 661 1138 715 et
1150 663 1282 716 constans

238 740 365 816 gendum
379 739 529 801 consensio
544 737 680 813 praebet,
696 743 725 796 et
737 738 858 798 moralia
871 745 1083 814 nuncupantur.

551 907 736 984 Arqomcato
753 907 967 986 mctopltps’tctt.

275 1080 336 1142 145.
357 1081 397 1140 ld
415 1078 611 1154 metaphysica
629 1082 799 1154 argumenta
816 1079 892 1153 quod
910 1076 1020 1153 attinet,
1042 1093 1140 1139 rerum
1158 1094 1236 1154 qnae
1254 1079 1283 1140 in

238 1172 341 1226 natura
355 1171 422 1226 sunt
435 1165 569 1237 conditio,
585 1163 720 1238 principii
729 1163 915 1223 moralitatis
926 1164 1089 1223 adiumento
1103 1163 1283 1224 existentiam

238 1250 288 1310 Dei
303 1249 528 1309 luculentissime
543 1249 717 1307 manifestat.
740 1248 881 1307 Permulta
899 1248 976 1306 enim
990 1255 1072 1308 extra
1085 1254 1281 1320 reseratam,

238 1351 339 1394 sensus
354 1332 565 1394 audentissime
579 1333 715 1405 referunt
732 1331 784 1391 nos
797 1346 865 1390 vero
880 1331 956 1405 ipsos
970 1333 1000 1391 in
1015 1333 1207 1392 existentibus
1221 1349 1281 1392 esse
1345 1382 1347 1415 ,

238 1421 388 1494 perspicuo
404 1419 497 1477 elucet
513 1417 703 1476 conscientiae
720 1415 890 1474 testimonio.
917 1415 985 1474 cum
1009 1416 1106 1490 itaque
1129 1425 1282 1492 utrumque
1340 1446 1348 1475 r

238 1503 293 1562 hoc
309 1519 400 1578 genus
420 1516 517 1562 rerum
536 1516 599 1559 ase
619 1491 753 1559 essenon
772 1483 861 1574 pos‘sit
876 1499 1002 1575 (quippe
1019 1501 1094 1575 quod
1108 1501 1140 1561 in
1156 1517 1188 1560 se
1201 1501 1283 1560 ratio
1347 1503 1350 1588 ζ

239 1603 307 1647 nem
323 1588 368 1646 sui
386 1587 577 1647 sufficientem
594 1601 654 1644 non
672 1585 816 1643 conducat
835 1589 864 1643 et
881 1584 1018 1644 mutabile
1038 1585 1076 1644 sit
1093 1590 1122 1644 et
1140 1585 1279 1644 limitibus

238 1672 485 1746 circumscriptum
495 1671 520 1744 );
545 1683 661 1730 causam
676 1683 693 1728 a
709 1682 740 1728 se
757 1669 920 1729 dlsdnctam
939 1670 1136 1744 radonemqne
1156 1670 1281 1744 aliquam

240 1756 413 1816 allicientem
428 1754 562 1828 exquirit.
579 1753 653 1813 Nihil
668 1753 746 1813 enim
760 1769 777 1812 a
791 1752 882 1813 nihilo
895 1753 1001 1813 exoriri
1016 1770 1066 1814 seu
1080 1754 1158 1828 gigni
1173 1758 1280 1828 potest,

238 1840 301 1899 siue
316 1839 374 1897 ulla
388 1849 483 1897 causa.
504 1838 563 1897 lam
581 1843 648 1897 vero
667 1835 814 1912 quaeritur
832 1850 904 1897 num
922 1849 1009 1898 causa
1023 1834 1160 1898 eiusmodi
1173 1836 1283 1897 inlecta

240 1923 278 1983 sit
292 1937 416 1998 suaeque
431 1925 550 1982 naturae
565 1923 664 1998 vigens
684 1918 873 1999 necessitate,
889 1931 926 1983 an
945 1922 1060 1983 allrmdc
1080 1923 1239 1983 manaverit
1258 1927 1288 1984 et

195 2009 198 2018 ’
237 2007 348 2066 acdona
363 2007 488 2082 alterius,
505 2007 580 2082 quod
594 2008 648 2083 lpsl
664 2008 795 2067 tribuerit
810 1999 1001 2068 existentiam.
1018 2009 1047 2068 st
1061 2007 1192 2083 primunt
1210 2020 1287 2067 cau·

239 2105 272 2151 sa
285 2092 373 2150 istaec
387 2103 553 2167 supremum
568 2095 624 2153 erlt
636 2093 707 2152 illud
721 2100 773 2152 ens
788 2093 864 2168 quod
875 2092 1045 2169 scrutamur,
1057 2090 1138 2152 culus
1147 2086 1287 2152 omnimo

240 2176 291 2236 das
307 2176 494 2250 perfectiones
509 2192 576 2254 cum
586 2177 639 2236 hac
649 2175 781 2237 exstaudi
791 2178 959 2237 necessitate
972 2178 1140 2238 coniunctas
1153 2175 1287 2250 deinceps

244 2261 416 2335 aperiemus.
434 2262 483 2320 Sin
498 2262 628 2337 alterum,
644 2263 737 2322 nodus
750 2277 804 2321 nec
818 2262 936 2322 solvitur
948 2277 1002 2322 nec
1015 2262 1198 2337 praeciditur.
1218 2262 1287 2321 llam

239 2361 286 2405 res
301 2347 440 2406 eiusmodi
455 2362 571 2406 causam
590 2347 635 2408 sul
655 2344 749 2406 deduc
767 2347 939 2422 postulabit,
955 2347 1066 2422 eritque
1084 2345 1174 2405 veluti
1188 2345 1286 2404 coodi-

242 2429 390 2490 tioootom
405 2430 528 2505 aliquod,
540 2431 622 2491 cuius
637 2431 790 2490 existentia
804 2448 841 2492 ex
855 2431 1040 2515 conditionis,
1051 2446 1138 2505 quam
1153 2429 1282 2502 includit,

241 2515 394 2574 existentia
408 2516 551 2590 pendebit.
576 2515 665 2588 itque
680 2511 747 2574 cuni
760 2515 790 2574 id
804 2515 840 2575 de
854 2522 940 2576 causa
954 2517 1072 2590 quavis,
1089 2531 1163 2590 quae
1178 2513 1287 2574 contin·

242 2603 342 2672 genter
356 2604 384 2657 et
398 2599 427 2658 ri
442 2599 558 2658 alterius
577 2599 693 2672 existit,
710 2598 767 2660 dici
786 2600 906 2674 debeat,
927 2615 1044 2660 necesse
1063 2600 1182 2659 omniuo
1200 2603 1289 2658 estut

241 2682 357 2740 tandem
371 2683 523 2756 aliquando
539 2683 575 2742 ad
590 2679 761 2750 absolutam
775 2676 889 2758 aliquod
910 2683 1117 2757 ascendamus,
1133 2683 1216 2742 cuins
1230 2680 1289 2742 exi·

240 2763 345 2825 atentia
359 2763 553 2842 independens
567 2767 651 2843 plane
661 2767 699 2829 sit
708 2769 737 2830 et
751 2770 922 2845 necandis,
931 2779 986 2830 nec
999 2769 1184 2845 praeeuntem
1198 2765 1289 2828 ditm

235 2849 436 2911 conditionem
453 2851 588 2927 requirat.

239 3029 298 3082 iscla
314 3029 383 3083 Derim
401 3033 524 3104 negarent-3
542 3028 648 3103 'piiiiim'os'
668 3033 736 3089 diliis
754 3029 876 3106 isrp'imnr,
892 3028 914 3088 'si
933 3027 1018 3088 alimini
1038 3026 1098 3087 fluxio
1118 3024 1174 3086 aiil
1194 3022 1288 3085 essenii

239 3111 281 3157 Sed
300 3107 402 3160 saisiatae
417 3111 564 3180 timiditas,
582 3113 619 3180 qui
640 3112 729 3165 santra
744 3115 771 3164 de
785 3113 880 3166 careiiiis
894 3110 996 3163 Nriminii
1014 3110 1140 3179 epistoliis
1158 3100 1202 3160 isaii
1218 3093 1291 3159 spirim

238 3199 276 3240 ors
292 3187 455 3254 profiterentur,
473 3191 511 3238 scd
529 3191 594 3240 eiiam
609 3191 682 3239 inimo
696 3182 784 3256 penitm
798 3188 949 3257 iniissent,
965 3190 1037 3238 nullos
1055 3192 1151 3238 extitisse
1165 3188 1289 3235 osismus·

238 3262 296 3310 fieri
310 3264 369 3322 enim
385 3281 429 3313 nou
444 3281 507 3330 posse
521 3266 667 3334 irbiosmar,
683 3274 709 3316 ιιι
722 3269 787 3320 homo
800 3270 885 3319 radone
898 3265 963 3316 smus
977 3281 1003 3320 ss
1016 3267 1149 3335 moralitatis
1163 3263 1228 3312 aliato
1247 3276 1292 3309 su-

239 3354 339 3400 premum
352 3341 437 3389 Numen
453 3357 498 3388 non
512 3343 584 3406 alique
600 3345 684 3391 ratione
699 3345 810 3392 coniiciat.
828 3343 891 3400 Quod
906 3345 925 3390 si
939 3343 977 3406 qni
991 3342 1136 3390 theoreticam
1157 3339 1291 3388 adesam

239 3415 331 3482 professi
347 3422 407 3482 sunl,
418 3417 444 3466 ld
453 3419 476 3466 in
487 3435 562 3468 sorum
577 3436 666 3471 numero
680 3420 756 3468 silei
771 3420 851 3482 debent
864 3421 902 3483 qai
916 3422 1010 3482 cogitato
1027 3424 1050 3477 qt
1066 3419 1093 3478 ds
1111 3415 1220 3471 induitis
1230 3413 1290 3460 hnc

240 3489 282 3536 sihi
299 3493 383 3555 eripere
399 3495 513 3563 veritatem
527 3511 592 3558 seque
607 3495 704 3557 aliosque
719 3484 806 3542 eludere
820 3496 889 3555 stulte
901 3501 1016 3543 mantus.
1034 3494 1096 3545 Unde
1114 3493 1162 3555 ipss
1178 3491 1291 3538 somus

240 3563 311 3612 siebat
324 3567 417 3632 [ΙίριιιιΙ
432 3572 444 3615 i
459 3569 488 3616 ll.
505 3571 604 3634 lisoius)
619 3569 692 3630 atheos
707 3555 753 3632 ucri
771 3575 815 3632 tuq
829 3570 960 3639 intellectu,
976 3586 1043 3634 qum
1059 3568 1172 3616 voluntate
1190 3577 1291 3628 pssum·

241 3637 280 3682 llis
293 3647 343 3702 suto
358 3645 445 3708 nautis,
462 3661 486 3706 ιιι
501 3645 528 3693 iis
548 3646 585 3710 qpi
598 3645 688 3708 ,nullum
706 3647 776 3708 Deum
789 3645 903 3693 admisisse
917 3646 1025 3711 ieruntm,
1042 3646 1198 3700 interscissa
1212 3639 1293 3700 Diio-

241 3727 285 3776 sss,
301 3716 386 3781 Critias,
402 3719 537 3786 Theodorus,
554 3716 690 3784 l'rqisqoras,
707 3721 815 3780 Lacisuaq
828 3737 835 3786 3
850 3722 907 3771 ister
917 3723 1052 3782 pscsqtiorss
1066 3717 1169 3782 nouat,
1185 3713 1275 3776 flabile·
1283 3747 1292 3779 2

240 3791 321 3916 Alplrlc'tor
335 3797 456 3870 systematis
474 3803 572 3865 salmas,
588 3786 671 3865 B'suno,
686 3797 778 3864 venial,
793 3791 951 3865 Mstcffiavcffi,
966 3800 1047 3864 sffiqus
1060 3783 1160 3864 sedili·
1173 3797 1239 3844 ¹⁰⁸¹·
1253 3805 1295 3841 Ἀ·

241 3880 256 3932 p
274 3867 278 3877 '
293 3870 326 3918 iss
343 3877 493 3924 numerulos.
