2767 4492
239 353 298 430 tlt*
570 383 778 432 uarmnrsrca
794 379 958 430 armanus

107 476 112 490 ‘
180 536 183 540 Α
240 467 407 544 accipiatur,
424 483 490 531 cnm
504 481 569 533 ente
583 469 797 548 generalissimo
812 475 840 528 et
854 467 1077 530 damnatissima
1091 471 1218 531 converti
1235 487 1282 532 ne-

239 554 319 628 quit;
339 553 390 614 sed
405 556 521 616 omnino
539 556 694 632 requiritur
708 560 740 615 ut
753 568 806 614 ens
819 554 914 628 ipsum
933 553 1028 629 aliqua
1047 555 1283 616 determinatione

240 636 377 699 affectrm
391 640 577 716 concipiatur,
588 646 626 701 ‘ut
638 638 782 715 possibilis
797 640 942 699 uodonem
955 639 1064 699 induat.
1081 641 1151 700 Nam
1164 641 1284 714 possibi-

240 721 307 785 litas
321 728 442 784 externa
455 742 514 786 non
527 728 611 786 modo
625 725 760 786 subaudit
779 725 939 798 internam,
956 725 1005 784 sed
1021 725 1108 784 etiam
1121 731 1284 799 respectum

238 807 360 868 includit
374 809 411 870 ad
426 824 562 886 oausam,
578 829 596 871 a
612 827 668 886 quo
686 809 806 885 produci
820 825 867 870 res
880 808 978 884 possit.
1002 810 1063 870 Non
1082 808 1169 882 igitur
1192 825 1284 885 acque

238 894 417 965 protenditur
432 913 466 956 ae
480 897 557 957 nolio
575 897 666 971 entis;
682 911 735 956 ens
756 895 897 970 siquidem
918 893 1003 954 latius
1017 909 1048 954 se
1062 895 1200 968 porrigit,
1217 909 1282 954 oum

236 979 372 1054 respiciat
386 983 473 1041 etiam
486 983 526 1057 id,
538 983 614 1058 quod
627 999 678 1058 per
691 999 724 1042 se
738 987 782 1042 est
795 985 824 1040 et
836 980 1055 1056 dependendam
1069 995 1127 1040 non
1140 981 1228 1040 hahet
1243 982 1280 1040 ah

236 1062 297 1122 ulla
311 1061 409 1127 cansa.
432 1067 510 1127 idem
531 1068 712 1143 proportione
733 1066 857 1142 quadam
870 1065 927 1124 dici
941 1069 1033 1139 potest
1046 1067 1082 1125 de
1096 1065 1227 1140 possibili
1240 1067 1283 1125 in-

240 1153 331 1209 terno.
347 1151 419 1210 llam
432 1151 605 1227 possibilitas
625 1153 758 1224 interna,
774 1161 807 1210 ut
820 1149 965 1224 fflrimus,
981 1155 1143 1224 raspecorm
1164 1150 1285 1210 includit

240 1233 277 1292 ad
290 1234 473 1296 exuendam
494 1237 548 1298 snb
567 1237 729 1298 mndidone
750 1237 927 1311 inspectam3
943 1235 1018 1294 idem
1034 1237 1139 1311 qnippe
1152 1241 1233 1296 sonat
1247 1251 1282 1294 ac

240 1318 353 1378 nullum
373 1322 524 1395 provenire
544 1323 700 1383 absurdum
722 1322 747 1382 si
767 1337 813 1382 res
835 1321 979 1380 exisaret.
999 1321 1087 1395 Ergo,
1112 1336 1178 1380 cum
1195 1321 1283 1380 etiam

240 1403 395 1465 existentia
407 1407 547 1467 rationem
560 1407 633 1468 entis
648 1408 868 1482 complectatur;
884 1404 1035 1480 possibile,
1052 1406 1127 1480 quod
1141 1420 1206 1464 oum
1220 1404 1284 1482 ipsa

240 1489 396 1564 confertur,
406 1491 503 1550 miuus
519 1494 573 1552 late
587 1497 685 1567 patere
699 1491 783 1551 debet
798 1505 885 1566 qnam
900 1505 960 1550 ens.
971 1489 1014 1549 Ex
1023 1491 1133 1550 duobus
1143 1490 1220 1551 enim
1234 1506 1284 1550 ex-

241 1572 339 1633 tremis
353 1575 478 1635 invicem
492 1577 664 1651 comparatis
678 1576 778 1650 nequit
792 1576 960 1635 alterutrum
975 1574 1160 1649 aequiparare
1183 1575 1284 1649 ampli-

233 1657 371 1728 tudinem
384 1660 508 1720 notionis
522 1661 609 1735 illius,
622 1676 695 1735 quae
710 1661 742 1719 iu
756 1664 878 1734 utroque
891 1659 1040 1733 reperitur.
1056 1659 1245 1722 Nihilominus
1258 1661 1286 1720 si

240 1739 417 1816 possibilitas
437 1759 495 1804 non
514 1745 554 1804 ita
574 1745 671 1805 stricte
694 1745 817 1806 sumitur
831 1752 939 1806 etcum
959 1745 1095 1805 relatione
1110 1745 1146 1804 ad
1160 1745 1285 1804 exnun-

242 1828 322 1900 tiam,
338 1834 477 1904 oonoeptu
491 1829 593 1890 saltem
607 1829 721 1906 abipsa
735 1829 910 1904 ιιιιιιιιιιιιιις
923 1831 974 1890 sed
988 1845 1067 1890 mere
1081 1829 1219 1905 accipitur
1232 1845 1285 1905 pro

243 1911 368 1985 simplici
382 1927 441 1973 non
453 1915 644 1990 repugnantia
655 1915 699 1975 rei
711 1960 719 1990 ,
736 1911 948 1975 tunc'eamdem
962 1915 1179 1990 amplitudinem
1197 1916 1285 1990 parti·

244 1995 338 2070 cipat,
355 2012 442 2072 qnam
455 2015 516 2060 ens.
532 2000 710 2075 Ubicumque
723 2001 802 2060 enim
815 2001 893 2075 viget
906 1999 978 2060 ratio
993 2001 1084 2074 entis,
1101 2001 1178 2075 viget
1195 2001 1284 2060 etiam

243 2081 473 2143 contradictionis
487 2083 625 2145 absentia.

278 2165 325 2224 22.
335 2166 581 2242 Adpossibilitatis
594 2171 725 2231 internae
739 2170 869 2231 polidam
883 2171 1092 2245 procurandam
1108 2171 1176 2231 satis
1186 2177 1229 2231 est
1238 2172 1284 2230 in-

243 2249 326 2309 tuitio
339 2251 448 2311 idealis.
464 2254 540 2313 liena
554 2254 633 2314 enim
647 2271 714 2315 oum
728 2257 807 2316 ideas
821 2255 1041 2330 contemplatur,
1058 2256 1204 2331 experitur
1217 2271 1283 2332 pro

243 2336 317 2395 fecto
330 2350 430 2396 earum
445 2337 515 2398 alias
529 2338 615 2398 simurl
626 2340 763 2415 coniungi
776 2355 873 2414 posse,
891 2340 961 2399 alias
975 2356 1042 2400 vero
1060 2357 1116 2400 non
1131 2357 1230 2416 posse,
1246 2356 1283 2401 eo

242 2419 318 2493 quod
331 2435 363 2481 se
377 2421 502 2482 mncem
515 2423 643 2482 demum.
660 2424 706 2483 Sic
720 2425 745 2484 si
758 2425 854 2484 ideam
868 2425 973 2485 montis
987 2439 1054 2484 cum
1069 2426 1135 2486 idea
1148 2441 1282 2501 praesen-

242 2503 299 2564 tiae
314 2505 359 2565 vel
373 2506 520 2567 absentiae
538 2507 621 2567 vallis
639 2509 942 2583 comprecantium
962 2509 1047 2584 plane
1066 2516 1193 2571 montem
1214 2527 1281 2572 cunr

241 2588 371 2649 subiecta
385 2591 459 2650 vallo
472 2591 579 2668 optime
595 2593 720 2667 concipi,
737 2597 766 2652 at
778 2599 905 2653 montem
919 2595 980 2653 sine
995 2594 1069 2653 ralla
1088 2611 1279 2670 nequaqnam.

242 2673 273 2731 ln
287 2675 381 2747 primo
399 2677 538 2736 rationem
557 2678 632 2737 entis
650 2678 758 2738 servari
779 2679 872 2753 ridet,
889 2679 920 2738 in
934 2679 1022 2738 altero
1042 2695 1158 2754 prorsus
1177 2681 1280 2756 perimi

239 2764 356 2833 propter
378 2765 532 2834 conceptus
545 2762 602 2822 sibi
618 2769 718 2822 mntrro
732 2764 965 2824 contradicentes
982 2765 1073 2832 Quare
1086 2765 1156 2824 illud
1171 2771 1203 2825 ut
1215 2781 1280 2841 pos·

239 2842 331 2917 sibile,
347 2843 763 2923 hocntimpossibilecogitat.
1055 2861 1057 2868 ’
1371 2891 1377 2912 .

274 2927 390 3004 muna,
406 2926 542 3005 possibile
554 2937 707 2992 externum
720 2933 848 3009 dignosci
862 2935 974 3010 nequit,
991 2937 1048 2996 nisi
1062 2935 1158 3010 agnita
1174 2938 1280 2997 rirtsde

238 3027 356 3088 causae,
373 3030 391 3073 a
405 3030 522 3090 quares
535 3017 572 3076 ad
586 3017 768 3078 existentiam
790 3020 893 3080 adduci
913 3020 1010 3095 possit.
1027 3021 1060 3078 Et
1073 3021 1207 3094 quoniam
1224 3023 1279 3092 soi-

239 3112 315 3176 mus,
324 3098 415 3158 Deum
429 3115 492 3160 esse
505 3103 682 3163 efficacitatis
697 3103 839 3178 infinitae3
851 3104 920 3164 hinc
933 3110 1063 3180 respectu
1078 3105 1168 3179 ipsius
1182 3107 1280 3166 omnia

239 3199 312 3256 quae
326 3183 439 3244 interne
460 3187 609 3261 possibilia
631 3192 714 3262 sunt,
732 3188 879 3262 possibilia
894 3195 961 3250 sum
974 3191 1059 3248 etiam
1075 3192 1201 3251 externe.
1216 3193 1278 3252 Non

237 3266 279 3325 ita
292 3273 337 3327 est
348 3275 479 3344 respectu
499 3283 652 3332 cansarum
662 3304 665 3308 ·
674 3278 854 3347 creatarum,
870 3290 944 3348 quae
964 3276 1045 3334 finita
1059 3281 1170 3346 tantam
1186 3277 1214 3336 ri
1227 3291 1278 3350 po-

240 3352 357 3411 tiuntur.
374 3355 471 3422 Quoad
484 3356 561 3430 ipsas
581 3357 670 3431 igitur
689 3356 829 3417 nonnulla
845 3363 955 3417 tantum
974 3360 1120 3433 possibilia
1133 3366 1200 3420 sunt
1212 3375 1278 3434 pos·

238 3436 372 3497 umilitate
387 3444 519 3512 enema,
537 3457 624 3517 quae,
639 3446 673 3500 ut
683 3442 822 3515 peculiari
836 3442 951 3502 nomine
966 3443 1144 3521 designetur,
1162 3447 1219 3506 dici
1234 3463 1278 3506 so·

236 3521 276 3580 let
291 3521 464 3596 possibilitas
482 3525 610 3600 physica.
627 3527 725 3601 ltaque
740 3527 913 3602 possibilitas
927 3529 1045 3603 physica
1058 3546 1116 3590 non
1130 3533 1184 3591 erit
1199 3531 1277 3591 aliud

236 3605 294 3663 nisi
313 3608 456 3681 capacitas
474 3611 633 3686 existendi,
651 3626 738 3685 qnam
753 3627 800 3672 res
814 3613 901 3673 nabet
914 3620 1044 3688 respectu
1066 3631 1217 3676 causarum
1232 3631 1277 3676 se·

237 3689 413 3765 cundarum,
430 3707 503 3767 quae
522 3697 629 3755 mundo
651 3697 841 3757 continentur.
864 3698 934 3758 Huic
955 3698 1078 3774 denique
1098 3701 1164 3761 addi
1184 3707 1278 3777 potest

237 3771 411 3848 possibilitas
424 3778 540 3838 moralis
555 3795 628 3853 quae
641 3781 836 3842 consideratur
849 3799 906 3844 non
921 3775 1031 3844 tantum
1046 3785 1075 3845 ri
1090 3800 1209 3861 causae,
1226 3787 1277 3847 sed

238 3857 326 3917 etiam
339 3858 369 3917 ri
383 3859 661 3926 cucumstautiarum
675 3882 844 3944 morumque
857 3869 908 3946 qui
921 3885 1038 3932 cansam
1056 3871 1149 3946 ipsam
1171 3877 1277 3950 tempo·

237 3949 302 4006 rant
316 3946 410 4021 quoad
424 3945 598 4021 aquandum
611 3950 754 4016 effectum.
