2767 4492
511 323 588 393 runis
606 323 748 391 uranius
1098 325 1148 388 tta

114 423 140 493 tt
154 423 278 506 corporis
293 423 440 504 castigatio
456 427 634 490 diuturnitati
652 427 727 486 vitae
743 427 861 488 minime
875 429 968 504 obest3
985 427 1032 488 cui
1052 427 1148 504 potius

112 511 192 578 nocet
205 513 345 592 ingluvies
360 523 388 576 et
403 522 483 575 tenor
494 515 568 573 uitae
582 511 676 571 moitis
686 517 714 570 et
729 513 921 589 voluptuosae,
933 529 1019 592 quam
1029 514 1147 575 istiseu·

113 602 253 663 sibiiitatis
268 603 430 662 defensores
445 617 502 658 nnn
516 599 638 657 muttum
655 606 832 657 aversantur.

146 687 248 756 tibiis
263 684 356 746 oiiicio
373 685 469 746 tuendi
485 683 572 743 sitam
587 697 620 741 ac
632 684 799 756 procurandi
816 684 911 742 media
925 686 1004 745 adid
1019 692 1148 761 opportu-

99 781 158 848 na,
174 771 219 832 ibs
234 773 412 849 proprietatis
427 771 562 844 emergit,
572 769 606 827 de
622 767 723 843 ntroin
739 769 893 846 posteriore
916 771 1008 843 capite
1029 773 1148 832 dissero

112 873 184 918 mas.
196 855 246 918 Hic
258 863 364 918 titutum
377 853 612 916 animadvertisse
628 853 752 913 sniiiciat
762 855 866 912 debere
878 853 1084 930 bominem'pro
1094 865 1149 916 sta·

112 937 156 1004 ius
170 939 330 1002 conditione
346 941 434 1001 labori
450 957 481 1000 se
496 939 636 1009 addicere,
655 951 690 998 ne
705 941 762 998 otio
779 938 923 1010 tabescat,
941 946 1027 1014 utque
1046 941 1150 1001 exindo

113 1027 259 1089 commoda
273 1033 300 1088 et
316 1036 408 1087 cetera
424 1027 497 1085 vitae
513 1026 662 1098 conquirat
677 1025 859 1083 adminicuto.
877 1026 905 1084 ln
922 1024 968 1083 bis
984 1032 1075 1084 tamen
1091 1041 1150 1085 mo

112 1111 399 1185 dussernandusest;
413 1109 1052 1186 quemadmodumserraridebetioomnibus
1055 1127 1151 1184 ,quae

113 1207 171 1264 uon
186 1199 251 1258 ilnis
267 1197 316 1256 sed
338 1195 425 1255 medii
448 1196 587 1255 rationem
609 1193 724 1253 babent.
743 1195 775 1254 ttt
789 1197 866 1252 enirn
884 1195 967 1254 bomo
989 1202 1152 1292 paupertate

113 1299 226 1360 pressus
241 1281 410 1342 necessariis
424 1289 511 1354 caret,
523 1295 575 1338 occ
591 1281 664 1338 vitae
679 1279 748 1339 satis
765 1279 911 1354 prouidere
928 1289 1036 1354 potest,
1054 1283 1149 1355 immo,

112 1367 167 1432 pisi
183 1367 286 1426 nirtnta
301 1365 429 1425 animum
445 1373 488 1424 sat
498 1364 639 1436 obiiimet,
653 1366 832 1424 occasionem
846 1366 950 1423 exirrde
959 1367 1095 1440 peccandi
1105 1382 1151 1425 ca·

5 1450 6 1474 ³
113 1451 183 1541 piet,
201 1451 300 1526 siunai
315 1451 421 1511 divitiis
433 1453 494 1526 pius
509 1463 599 1526 aequo
615 1449 708 1510 attinnt
710 1451 891 1525 ,pericnlum
907 1450 1073 1510 incorritne
1088 1452 1151 1512 ittae

113 1533 169 1596 bon
183 1543 239 1595 tam
255 1535 419 1599 adiumenta
433 1537 551 1610 ordinis,
568 1537 603 1595 ad
618 1535 704 1612 duem
715 1537 804 1595 tendit
815 1544 925 1608 patrue,
938 1537 986 1595 sed
997 1537 1109 1611 potins'
1101 1552 1153 1594 rm-

113 1622 275 1697 pedimcnta
291 1621 369 1695 dant,
387 1628 415 1682 et
429 1623 642 1681 commodorum
661 1621 755 1695 copia,
772 1635 859 1696 quam
879 1622 932 1679 bae
955 1621 1150 1697 suppeditant,

115 1707 243 1766 unimam
260 1707 428 1766 cnroiiiendo
443 1701 554 1790 iaciiem
570 1706 647 1764 vitiis
662 1705 739 1763 viam
753 1705 870 1779 aperiat.
889 1706 998 1765 Diutius
1019 1721 1074 1765 non
1100 1707 1153 1765 im·

113 1789 207 1852 moror
215 1791 244 1850 in
255 1791 372 1854 minutis
381 1789 659 1866 praescriptionibus,
667 1803 734 1848 cum
743 1789 825 1848 tacite
836 1797 1047 1864 persepatoant
1057 1797 1153 1866 etgra-

4 1879 5 1882 ’
58 1887 61 1894 ·
113 1877 191 1935 viora
205 1891 256 1936 nos
272 1883 399 1950 urgeant.
418 1877 505 1935 Venio
522 1876 612 1950 potius
627 1875 662 1934 ad
678 1873 873 1950 quaestionem
890 1876 985 1948 magni
1005 1879 1151 1951 momenti,

114 1969 186 2038 puae
201 1978 266 2022 cum
283 1961 335 2021 buo
352 1963 471 2022 materia
486 1961 613 2020 maximo
629 1961 767 2032 nectitur,
783 1959 922 2019 nimirum
939 1967 1033 2024 ouum
1049 1962 1092 2020 ias
1106 1962 1154 2023 bo·

112 2047 183 2106 mini
199 2047 351 2122 aliqnando
362 2050 398 2107 sit
410 2047 548 2106 uiolentas
563 2045 618 2104 sibi
633 2044 880 2121 maunsiniicere3
897 2061 985 2122 quam
996 2047 1155 2108 dilucideet

113 2132 237 2192 breuiter
251 2133 394 2206 explicare
409 2133 542 2191 conabor.

150 2219 194 2277 ui.
211 2219 377 2293 inititaqne
389 2219 545 2277 Stoicorum
560 2217 656 2290 opinio
671 2232 754 2314 posse
768 2219 935 2292 sapientem
945 2220 968 2278 si
979 2221 1154 2294 gravissimis

114 2307 260 2376 prematur
274 2319 319 2360 an
312 2303 427 2376 gristiis,
445 2313 544 2376 sponte
560 2318 575 2360 e
591 2303 648 2360 vita
667 2303 791 2376 migrare
810 2305 934 2378 seipsum
954 2305 1151 2367 interimendo

116 2389 205 2456 [tuem
220 2401 344 2448 errorem
359 2387 506 2447 renovavit
522 2387 646 2446 nefarius
662 2394 759 2446 auctor
778 2391 938 2463 ιιιῑοιιιιιιιι
953 2400 1088 2466 naturae,
1104 2393 1154 2469 nui

115 2468 401 2548 ineptisnuibnsdam
413 2473 578 2543 rationibus,
589 2484 659 2549 ques
669 2473 789 2536 ruferius
798 2474 992 2549 dissolvamus
1004 2477 1155 2539 suicidiom

115 2557 225 2620 licitum
246 2575 307 2620 esse
322 2559 516 2620 deblateranit.

151 2645 184 2703 nt
199 2645 284 2704 nimis
298 2652 478 2722 perspicuum
495 2654 523 2706 et
538 2646 701 2707 bninsmodi
724 2647 834 2705 facinus
854 2659 972 2704 naturae
994 2646 1154 2716 adversari3

115 2745 179 2788 cnm
196 2733 350 2808 perpetrari
361 2733 397 2791 ab
413 2732 525 2792 lronrine
538 2743 669 2808 nuqncat,
685 2734 753 2805 qirin
771 2730 866 2789 oiiicia
881 2729 1026 2790 subvertat
1040 2731 1105 2806 Deo,
1122 2735 1156 2793 si·

116 2815 268 2890 bimetipsi,
286 2823 314 2874 ct
328 2819 452 2876 societati
468 2817 572 2875 debita.
594 2819 668 2876 titre
684 2815 799 2889 quidem
820 2830 904 2882 vera,
927 2814 998 2873 Deus
1018 2824 1116 2877 auctor
1129 2827 1158 2881 et

87 2949 91 2958 .
117 2905 297 2958 conservator
312 2908 354 2958 est
369 2903 443 2959 vitae
458 2901 591 2972 bominis,
603 2914 689 2973 nciam
706 2914 761 2956 noo
777 2897 882 2956 idcirco
895 2897 1014 2972 largitor
1025 2902 1101 2960 atad
1116 2919 1157 2962 ar-

118 2981 233 3043 bitrium
244 2985 360 3064 etiaxta
375 2985 504 3060 propriae
515 2985 677 3058 cupiditatis
693 2985 832 3057 impetum
847 2985 881 3041 dc
891 3001 926 3044 ea
936 2986 1158 3063 quiaquedispo·

118 3074 176 3136 nat,
193 3069 240 3127 scd
253 3070 327 3128 atad
344 3071 471 3129 ordinem
482 3069 628 3140 moratum,
641 3085 697 3144 ano
714 3083 779 3126 vcra
795 3069 918 3129 bominis
933 3073 1083 3134 destinatio
1094 3090 1158 3134 con·

118 3155 232 3226 tinctor,
247 3155 453 3228 procurandum
465 3155 682 3229 augendumque
694 3165 817 3214 utamur.
831 3156 925 3216 diodus
936 3164 1030 3218 autem
1040 3167 1070 3218 et
1079 3175 1157 3222 men·

119 3253 193 3310 saro,
210 3255 265 3314 nuo
280 3241 315 3298 ad
331 3241 519 3300 universatem
535 3241 609 3298 bono
635 3239 719 3298 tinem
735 3243 863 3300 conterno
877 3257 992 3318 operam
1007 3245 1154 3323 debemus,

118 3323 245 3382 adinina
264 3327 439 3400 providentia
460 3326 682 3399 determinatur,
702 3342 751 3400 pro
767 3328 839 3386 vitae
860 3333 952 3402 statu,
976 3332 1153 3405 conditione,

118 3411 301 3486 temporibus,
320 3411 348 3470 in
365 3413 469 3487 ortibus
485 3413 533 3470 itia
557 3413 676 3486 sapienti
695 3429 746 3471 soa
768 3415 1011 3475 administratione
1025 3433 1077 3477 nos
1092 3436 1156 3480 con·

119 3497 217 3555 stituit.
236 3498 312 3558 dono
326 3497 482 3556 dominium
500 3499 627 3573 propriae
647 3500 815 3558 existentiae
834 3500 917 3559 bomo
934 3502 1043 3562 nulium
1059 3503 1155 3580 babet,

119 3583 166 3640 sed
184 3583 273 3642 solnm
290 3597 370 3641 osum
388 3583 446 3655 tini,
464 3599 550 3658 quom
564 3585 700 3656 (tissimus,
718 3593 950 3649 consentancum.
968 3587 995 3646 Si
1011 3589 1097 3664 igitur
1111 3607 1156 3651 ae-

119 3683 287 3729 rumnarnm
298 3669 469 3744 impatiens,
487 3679 535 3727 aut
555 3671 640 3728 vitam
658 3686 787 3744 perosos,
805 3673 847 3729 vei
866 3672 966 3746 quovis
984 3674 1039 3735 alio
1061 3676 1158 3736 incita·

122 3763 218 3815 monto
235 3756 374 3830 impulsus
386 3753 521 3812 vioteotos
536 3755 590 3814 sibi
605 3771 707 3814 manus
717 3755 814 3827 infert,
828 3756 872 3814 ius
882 3757 937 3816 sibi
952 3767 1072 3836 arrogat,
1084 3761 1158 3837 quod

121 3837 198 3896 Dens
216 3842 256 3899 itti
272 3841 392 3901 minime
408 3841 515 3899 tribuit.
533 3841 622 3900 immo
644 3842 757 3900 divinae
775 3843 945 3902 ordinationi
960 3861 991 3904 se
1004 3846 1158 3923 subtrahit,

124 3939 157 3982 oc
174 3925 255 3984 mititi
272 3927 304 3985 tit
318 3927 424 3986 similis
437 3927 487 4002 qui
501 3928 640 3988 arbitratu
651 3943 702 3994 tuo
717 3924 867 3992 stationem
881 3929 1014 4008 deserit
1006 3944 1036 3994 tn
1046 3949 1102 4007 qua
1110 3935 1161 3995 du

122 4008 165 4074 c'u
178 4007 299 4088 imperio
313 4012 465 4082 coflocatun
478 4018 549 4080 erat.
