<?xml version="1.0" encoding="UTF-8"?>
<!DOCTYPE html PUBLIC "-//W3C//DTD XHTML 1.0 Transitional//EN"
    "http://www.w3.org/TR/xhtml1/DTD/xhtml1-transitional.dtd">
<html xmlns="http://www.w3.org/1999/xhtml" xml:lang="en" lang="en">
 <head>
  <title>
</title>
<meta http-equiv="Content-Type" content="text/html;charset=utf-8" />
  <meta name='ocr-system' content='tesseract 3.04.00' />
  <meta name='ocr-capabilities' content='ocr_page ocr_carea ocr_par ocr_line ocrx_word'/>
</head>
<body>
  <div class='ocr_page' id='page_1' title='image "./institutionesph00libegoog_0114.png"; bbox 0 0 2767 4492; ppageno 0'>
   <div class='ocr_carea' id='block_1_1' title="bbox 222 339 808 406">
    <p class='ocr_par' dir='ltr' id='par_1_1' title="bbox 222 339 808 406">
     <span class='ocr_line' id='line_1_1' title="bbox 222 339 808 406; baseline 0 -8"><span class='ocrx_word' id='word_1_1' title='bbox 222 339 275 406; x_wconf 76' lang='lat' dir='ltr'>toi</span> <span class='ocrx_word' id='word_1_2' title='bbox 680 339 808 398; x_wconf 78' lang='lat' dir='ltr'>toarcis</span> 
     </span>
    </p>
   </div>
   <div class='ocr_carea' id='block_1_2' title="bbox 220 430 1320 1193">
    <p class='ocr_par' dir='ltr' id='par_1_2' title="bbox 220 430 1320 1193">
     <span class='ocr_line' id='line_1_2' title="bbox 221 430 1274 515; baseline -0.007 -11"><span class='ocrx_word' id='word_1_3' title='bbox 221 451 290 504; x_wconf 88' lang='lat' dir='ltr'>tuno</span> <span class='ocrx_word' id='word_1_4' title='bbox 304 437 341 504; x_wconf 87' lang='lat' dir='ltr'>sd</span> <span class='ocrx_word' id='word_1_5' title='bbox 358 455 424 503; x_wconf 89' lang='lat' dir='ltr'>eam</span> <span class='ocrx_word' id='word_1_6' title='bbox 444 430 613 501; x_wconf 72' lang='lat' dir='ltr'><strong>tradendam</strong></span> <span class='ocrx_word' id='word_1_7' title='bbox 632 439 774 515; x_wconf 71' lang='lat' dir='ltr'>synthesis</span> <span class='ocrx_word' id='word_1_8' title='bbox 797 437 890 512; x_wconf 83' lang='lat' dir='ltr'>magis</span> <span class='ocrx_word' id='word_1_9' title='bbox 910 437 1050 512; x_wconf 79' lang='lat' dir='ltr'>expediet.</span> <span class='ocrx_word' id='word_1_10' title='bbox 1072 435 1152 496; x_wconf 88' lang='lat' dir='ltr'>lianc</span> <span class='ocrx_word' id='word_1_11' title='bbox 1171 431 1274 511; x_wconf 66' lang='lat' dir='ltr'>prote⁴</span> 
     </span>
     <span class='ocr_line' id='line_1_3' title="bbox 220 521 1320 602; baseline -0.009 -14"><span class='ocrx_word' id='word_1_12' title='bbox 220 529 309 589; x_wconf 90' lang='lat' dir='ltr'>dendi</span> <span class='ocrx_word' id='word_1_13' title='bbox 322 529 479 601; x_wconf 87' lang='lat' dir='ltr'>rationem,</span> <span class='ocrx_word' id='word_1_14' title='bbox 496 542 570 602; x_wconf 88' lang='lat' dir='ltr'>quae</span> <span class='ocrx_word' id='word_1_15' title='bbox 589 527 622 584; x_wconf 93' lang='lat' dir='ltr'>in</span> <span class='ocrx_word' id='word_1_16' title='bbox 642 525 735 584; x_wconf 78' lang='lat' dir='ltr'>tonna</span> <span class='ocrx_word' id='word_1_17' title='bbox 749 522 915 598; x_wconf 87' lang='lat' dir='ltr'>disciplinae</span> <span class='ocrx_word' id='word_1_18' title='bbox 929 521 1096 582; x_wconf 89' lang='lat' dir='ltr'>instruenda</span> <span class='ocrx_word' id='word_1_19' title='bbox 1111 521 1276 596; x_wconf 75' lang='lat' dir='ltr'>synthesim</span> <span class='ocrx_word' id='word_1_20' title='bbox 1316 571 1320 578; x_wconf 93' lang='lat'>.</span> 
     </span>
     <span class='ocr_line' id='line_1_4' title="bbox 221 605 1273 687; baseline -0.007 -14"><span class='ocrx_word' id='word_1_21' title='bbox 221 613 351 687; x_wconf 78' lang='lat' dir='ltr'>adhibet,</span> <span class='ocrx_word' id='word_1_22' title='bbox 366 614 398 672; x_wconf 94' lang='grc' dir='ltr'>ιιι</span> <span class='ocrx_word' id='word_1_23' title='bbox 412 612 534 687; x_wconf 70' lang='lat' dir='ltr'>singtilis</span> <span class='ocrx_word' id='word_1_24' title='bbox 552 616 648 670; x_wconf 90' lang='lat' dir='ltr'>autem</span> <span class='ocrx_word' id='word_1_25' title='bbox 665 607 843 684; x_wconf 82' lang='lat' dir='ltr'>explicandis</span> <span class='ocrx_word' id='word_1_26' title='bbox 863 605 1080 682; x_wconf 79' lang='lat' dir='ltr'>quaestionibus</span> <span class='ocrx_word' id='word_1_27' title='bbox 1100 607 1186 666; x_wconf 91' lang='lat' dir='ltr'>modo</span> <span class='ocrx_word' id='word_1_28' title='bbox 1201 621 1273 666; x_wconf 86' lang='lat' dir='ltr'>aua-</span> 
     </span>
     <span class='ocr_line' id='line_1_5' title="bbox 221 692 1276 778; baseline -0.008 -20"><span class='ocrx_word' id='word_1_29' title='bbox 221 697 309 775; x_wconf 78' lang='lat' dir='ltr'>lysim</span> <span class='ocrx_word' id='word_1_30' title='bbox 322 697 407 757; x_wconf 89' lang='lat' dir='ltr'>modo</span> <span class='ocrx_word' id='word_1_31' title='bbox 422 697 590 774; x_wconf 76' lang='lat' dir='ltr'>synthesim</span> <span class='ocrx_word' id='word_1_32' title='bbox 606 696 688 754; x_wconf 84' lang='lat' dir='ltr'>iuxta</span> <span class='ocrx_word' id='word_1_33' title='bbox 700 693 744 753; x_wconf 88' lang='lat' dir='ltr'>rei</span> <span class='ocrx_word' id='word_1_34' title='bbox 758 692 997 778; x_wconf 78' lang='lat' dir='ltr'>opportunitatem</span> <span class='ocrx_word' id='word_1_35' title='bbox 1012 695 1040 750; x_wconf 90' lang='lat' dir='ltr'>et</span> <span class='ocrx_word' id='word_1_36' title='bbox 1054 696 1200 764; x_wconf 88' lang='lat' dir='ltr'>naturam,</span> <span class='ocrx_word' id='word_1_37' title='bbox 1211 702 1276 750; x_wconf 88' lang='lat' dir='ltr'>mo·</span> 
     </span>
     <span class='ocr_line' id='line_1_6' title="bbox 222 769 1277 879; baseline -0.009 -35"><span class='ocrx_word' id='word_1_38' title='bbox 222 785 259 844; x_wconf 93' lang='lat' dir='ltr'>do</span> <span class='ocrx_word' id='word_1_39' title='bbox 274 789 425 879; x_wconf 86' lang='lat' dir='ltr'>utramque</span> <span class='ocrx_word' id='word_1_40' title='bbox 439 781 525 842; x_wconf 92' lang='lat' dir='ltr'>simul</span> <span class='ocrx_word' id='word_1_41' title='bbox 539 781 656 852; x_wconf 81' lang='lat' dir='ltr'>miscet3</span> <span class='ocrx_word' id='word_1_42' title='bbox 672 769 846 838; x_wconf 68' lang='lat' dir='ltr'>mathatiam</span> <span class='ocrx_word' id='word_1_43' title='bbox 854 777 985 836; x_wconf 72' lang='lat' dir='ltr'>mistam</span> <span class='ocrx_word' id='word_1_44' title='bbox 996 775 1172 834; x_wconf 78' lang='lat' dir='ltr'>nominabis.</span> <span class='ocrx_word' id='word_1_45' title='bbox 1184 775 1277 872; x_wconf 77' lang='lat' dir='ltr'>itque</span> 
     </span>
     <span class='ocr_line' id='line_1_7' title="bbox 223 859 1276 942; baseline -0.009 -13"><span class='ocrx_word' id='word_1_46' title='bbox 223 886 259 929; x_wconf 89' lang='lat' dir='ltr'>ea</span> <span class='ocrx_word' id='word_1_47' title='bbox 280 883 333 928; x_wconf 90' lang='lat' dir='ltr'>nos</span> <span class='ocrx_word' id='word_1_48' title='bbox 350 869 381 926; x_wconf 92' lang='lat' dir='ltr'>in</span> <span class='ocrx_word' id='word_1_49' title='bbox 395 881 531 942; x_wconf 87' lang='lat' dir='ltr'>processu</span> <span class='ocrx_word' id='word_1_50' title='bbox 552 864 783 939; x_wconf 89' lang='lat' dir='ltr'>disquisitionum</span> <span class='ocrx_word' id='word_1_51' title='bbox 804 867 968 922; x_wconf 84' lang='lat' dir='ltr'>nostrarum</span> <span class='ocrx_word' id='word_1_52' title='bbox 988 867 1112 920; x_wconf 87' lang='lat' dir='ltr'>utemur.</span> <span class='ocrx_word' id='word_1_53' title='bbox 1130 859 1175 919; x_wconf 80' lang='lat' dir='ltr'>Sic</span> <span class='ocrx_word' id='word_1_54' title='bbox 1195 861 1276 920; x_wconf 89' lang='lat' dir='ltr'>enim</span> 
     </span>
     <span class='ocr_line' id='line_1_8' title="bbox 222 943 1276 1022; baseline -0.009 -10"><span class='ocrx_word' id='word_1_55' title='bbox 222 953 295 1012; x_wconf 85' lang='lat' dir='ltr'>baec</span> <span class='ocrx_word' id='word_1_56' title='bbox 308 952 483 1011; x_wconf 87' lang='lat' dir='ltr'>instituimus</span> <span class='ocrx_word' id='word_1_57' title='bbox 497 949 712 1016; x_wconf 85' lang='lat' dir='ltr'>commentaria,</span> <span class='ocrx_word' id='word_1_58' title='bbox 724 952 757 1007; x_wconf 92' lang='lat' dir='ltr'>ut</span> <span class='ocrx_word' id='word_1_59' title='bbox 767 947 902 1007; x_wconf 84' lang='lat' dir='ltr'>scientiae</span> <span class='ocrx_word' id='word_1_60' title='bbox 912 945 1055 1022; x_wconf 88' lang='lat' dir='ltr'>adeptioni</span> <span class='ocrx_word' id='word_1_61' title='bbox 1069 949 1099 1004; x_wconf 93' lang='lat' dir='ltr'>et</span> <span class='ocrx_word' id='word_1_62' title='bbox 1112 943 1276 1005; x_wconf 88' lang='lat' dir='ltr'>adolescen-</span> 
     </span>
     <span class='ocr_line' id='line_1_9' title="bbox 223 1029 1275 1107; baseline -0.004 -13"><span class='ocrx_word' id='word_1_63' title='bbox 223 1035 298 1094; x_wconf 89' lang='lat' dir='ltr'>tium</span> <span class='ocrx_word' id='word_1_64' title='bbox 312 1035 428 1095; x_wconf 81' lang='lat' dir='ltr'>utilitati</span> <span class='ocrx_word' id='word_1_65' title='bbox 442 1040 557 1094; x_wconf 85' lang='lat' dir='ltr'>cautum</span> <span class='ocrx_word' id='word_1_66' title='bbox 570 1049 633 1093; x_wconf 86' lang='lat' dir='ltr'>osso</span> <span class='ocrx_word' id='word_1_67' title='bbox 642 1033 764 1093; x_wconf 82' lang='lat' dir='ltr'>velimus</span> <span class='ocrx_word' id='word_1_68' title='bbox 774 1045 861 1107; x_wconf 88' lang='lat' dir='ltr'>quam</span> <span class='ocrx_word' id='word_1_69' title='bbox 875 1031 1012 1091; x_wconf 81' lang='lat' dir='ltr'>maxime.</span> <span class='ocrx_word' id='word_1_70' title='bbox 1023 1029 1064 1090; x_wconf 82' lang='lat' dir='ltr'>id</span> <span class='ocrx_word' id='word_1_71' title='bbox 1075 1029 1162 1090; x_wconf 86' lang='grc' dir='ltr'>ιιιιιιιι</span> <span class='ocrx_word' id='word_1_72' title='bbox 1176 1030 1275 1104; x_wconf 85' lang='lat' dir='ltr'>itaque</span> 
     </span>
     <span class='ocr_line' id='line_1_10' title="bbox 223 1117 840 1193; baseline -0.006 -13"><span class='ocrx_word' id='word_1_73' title='bbox 223 1119 378 1180; x_wconf 88' lang='lat' dir='ltr'>nonnullas</span> <span class='ocrx_word' id='word_1_74' title='bbox 391 1120 555 1180; x_wconf 74' lang='lat' dir='ltr'>satiendas</span> <span class='ocrx_word' id='word_1_75' title='bbox 568 1118 646 1193; x_wconf 76' lang='lat' dir='ltr'>leges</span> <span class='ocrx_word' id='word_1_76' title='bbox 660 1117 840 1178; x_wconf 85' lang='lat' dir='ltr'>accedamus.</span> 
     </span>
    </p>
   </div>
   <div class='ocr_carea' id='block_1_3' title="bbox 635 1287 913 1362">
    <p class='ocr_par' dir='ltr' id='par_1_3' title="bbox 635 1287 913 1362">
     <span class='ocr_line' id='line_1_11' title="bbox 635 1287 913 1362; baseline -0.004 -14"><span class='ocrx_word' id='word_1_77' title='bbox 635 1287 764 1349; x_wconf 74' lang='lat' dir='ltr'>disibodi</span> <span class='ocrx_word' id='word_1_78' title='bbox 778 1287 859 1362; x_wconf 64' lang='lat' dir='ltr'>lepis</span> <span class='ocrx_word' id='word_1_79' title='bbox 911 1317 913 1320; x_wconf 95' lang='lat'>·</span> 
     </span>
    </p>
   </div>
   <div class='ocr_carea' id='block_1_4' title="bbox 257 1455 1274 1538">
    <p class='ocr_par' dir='ltr' id='par_1_4' title="bbox 257 1455 1274 1538">
     <span class='ocr_line' id='line_1_12' title="bbox 257 1455 1274 1538; baseline -0.007 -16"><span class='ocrx_word' id='word_1_80' title='bbox 257 1461 278 1522; x_wconf 92' lang='lat' dir='ltr'>l.</span> <span class='ocrx_word' id='word_1_81' title='bbox 289 1459 341 1520; x_wconf 84' lang='lat' dir='ltr'>lies</span> <span class='ocrx_word' id='word_1_82' title='bbox 354 1459 546 1538; x_wconf 61' lang='lat' dir='ltr'>diceptooda</span> <span class='ocrx_word' id='word_1_83' title='bbox 554 1457 889 1536; x_wconf 78' lang='lat' dir='ltr'>diiaeidepropoaatae,</span> <span class='ocrx_word' id='word_1_84' title='bbox 902 1466 936 1515; x_wconf 83' lang='lat' dir='ltr'>oe</span> <span class='ocrx_word' id='word_1_85' title='bbox 946 1455 1123 1531; x_wconf 69' lang='lat' dir='ltr'>definitione,</span> <span class='ocrx_word' id='word_1_86' title='bbox 1136 1469 1213 1531; x_wconf 82' lang='lat' dir='ltr'>quoa</span> <span class='ocrx_word' id='word_1_87' title='bbox 1221 1471 1274 1516; x_wconf 86' lang='lat' dir='ltr'>ao·</span> 
     </span>
    </p>
   </div>
   <div class='ocr_carea' id='block_1_5' title="bbox 225 1539 1376 1622">
    <p class='ocr_par' dir='ltr' id='par_1_5' title="bbox 225 1539 1376 1622">
     <span class='ocr_line' id='line_1_13' title="bbox 225 1539 1376 1622; baseline -0.005 -17"><span class='ocrx_word' id='word_1_88' title='bbox 225 1547 465 1622; x_wconf 65' lang='lat' dir='ltr'>messapiam</span> <span class='ocrx_word' id='word_1_89' title='bbox 482 1545 583 1604; x_wconf 68' lang='lat' dir='ltr'>cotem</span> <span class='ocrx_word' id='word_1_90' title='bbox 597 1549 779 1601; x_wconf 78' lang='lat' dir='ltr'>secernatur.</span> <span class='ocrx_word' id='word_1_91' title='bbox 791 1541 916 1600; x_wconf 86' lang='lat' dir='ltr'>lit.enim</span> <span class='ocrx_word' id='word_1_92' title='bbox 931 1541 1005 1600; x_wconf 81' lang='lat' dir='ltr'>scite</span> <span class='ocrx_word' id='word_1_93' title='bbox 1015 1539 1131 1614; x_wconf 77' lang='lat' dir='ltr'>titilius,</span> <span class='ocrx_word' id='word_1_94' title='bbox 1145 1541 1272 1615; x_wconf 75' lang='lat' dir='ltr'>«omnis,</span> <span class='ocrx_word' id='word_1_95' title='bbox 1375 1565 1376 1568; x_wconf 38' lang='lat'>¹</span> 
     </span>
    </p>
   </div>
   <div class='ocr_carea' id='block_1_6' title="bbox 227 1625 1278 3139">
    <p class='ocr_par' dir='ltr' id='par_1_6' title="bbox 227 1625 1274 1956">
     <span class='ocr_line' id='line_1_14' title="bbox 230 1625 1274 1705; baseline 0.002 -22"><span class='ocrx_word' id='word_1_96' title='bbox 230 1654 241 1683; x_wconf 77' lang='grc' dir='ltr'>ι</span> <span class='ocrx_word' id='word_1_97' title='bbox 257 1635 331 1705; x_wconf 81' lang='lat' dir='ltr'>q‘uae</span> <span class='ocrx_word' id='word_1_98' title='bbox 345 1647 362 1690; x_wconf 88' lang='lat' dir='ltr'>a</span> <span class='ocrx_word' id='word_1_99' title='bbox 375 1632 485 1690; x_wconf 87' lang='lat' dir='ltr'>ratione</span> <span class='ocrx_word' id='word_1_100' title='bbox 500 1626 665 1701; x_wconf 88' lang='lat' dir='ltr'>suscipitur,</span> <span class='ocrx_word' id='word_1_101' title='bbox 681 1626 718 1685; x_wconf 90' lang='lat' dir='ltr'>de</span> <span class='ocrx_word' id='word_1_102' title='bbox 733 1626 874 1700; x_wconf 87' lang='lat' dir='ltr'>aliquare</span> <span class='ocrx_word' id='word_1_103' title='bbox 889 1625 1029 1685; x_wconf 89' lang='lat' dir='ltr'>institutio</span> <span class='ocrx_word' id='word_1_104' title='bbox 1042 1625 1128 1684; x_wconf 86' lang='lat' dir='ltr'>debet</span> <span class='ocrx_word' id='word_1_105' title='bbox 1141 1641 1158 1684; x_wconf 87' lang='lat' dir='ltr'>a</span> <span class='ocrx_word' id='word_1_106' title='bbox 1173 1625 1274 1685; x_wconf 87' lang='lat' dir='ltr'>delini·</span> 
     </span>
     <span class='ocr_line' id='line_1_15' title="bbox 231 1709 1272 1788; baseline -0.005 -15"><span class='ocrx_word' id='word_1_107' title='bbox 231 1740 242 1765; x_wconf 74' lang='grc' dir='ltr'>ι</span> <span class='ocrx_word' id='word_1_108' title='bbox 260 1715 335 1773; x_wconf 92' lang='lat' dir='ltr'>tione</span> <span class='ocrx_word' id='word_1_109' title='bbox 348 1712 505 1788; x_wconf 82' lang='lat' dir='ltr'>proticisc13</span> <span class='ocrx_word' id='word_1_110' title='bbox 517 1717 550 1771; x_wconf 90' lang='lat' dir='ltr'>ut</span> <span class='ocrx_word' id='word_1_111' title='bbox 561 1710 736 1784; x_wconf 79' lang='lat' dir='ltr'>intelligatur</span> <span class='ocrx_word' id='word_1_112' title='bbox 750 1709 820 1784; x_wconf 92' lang='lat' dir='ltr'>quid</span> <span class='ocrx_word' id='word_1_113' title='bbox 829 1709 866 1768; x_wconf 90' lang='lat' dir='ltr'>sit</span> <span class='ocrx_word' id='word_1_114' title='bbox 874 1710 913 1784; x_wconf 90' lang='lat' dir='ltr'>id,</span> <span class='ocrx_word' id='word_1_115' title='bbox 925 1710 961 1769; x_wconf 91' lang='lat' dir='ltr'>de</span> <span class='ocrx_word' id='word_1_116' title='bbox 974 1725 1032 1784; x_wconf 91' lang='lat' dir='ltr'>quo</span> <span class='ocrx_word' id='word_1_117' title='bbox 1047 1709 1207 1784; x_wconf 82' lang='lat' dir='ltr'>disputatur</span> <span class='ocrx_word' id='word_1_118' title='bbox 1220 1713 1246 1768; x_wconf 80' lang='grc' dir='ltr'>ι.</span> <span class='ocrx_word' id='word_1_119' title='bbox 1260 1731 1272 1761; x_wconf 78' lang='grc' dir='ltr'>ι</span> 
     </span>
     <span class='ocr_line' id='line_1_16' title="bbox 227 1795 1274 1870; baseline -0.003 -14"><span class='ocrx_word' id='word_1_120' title='bbox 227 1799 262 1856; x_wconf 84' lang='lat' dir='ltr'>Et</span> <span class='ocrx_word' id='word_1_121' title='bbox 275 1813 344 1858; x_wconf 87' lang='lat' dir='ltr'>sane</span> <span class='ocrx_word' id='word_1_122' title='bbox 357 1799 414 1856; x_wconf 89' lang='lat' dir='ltr'>nisi</span> <span class='ocrx_word' id='word_1_123' title='bbox 427 1798 458 1856; x_wconf 89' lang='lat' dir='ltr'>id</span> <span class='ocrx_word' id='word_1_124' title='bbox 472 1801 539 1857; x_wconf 85' lang='lat' dir='ltr'>ante</span> <span class='ocrx_word' id='word_1_125' title='bbox 552 1795 727 1870; x_wconf 86' lang='lat' dir='ltr'>constiterit,</span> <span class='ocrx_word' id='word_1_126' title='bbox 742 1796 852 1855; x_wconf 82' lang='lat' dir='ltr'>incerta</span> <span class='ocrx_word' id='word_1_127' title='bbox 874 1801 903 1855; x_wconf 90' lang='lat' dir='ltr'>et</span> <span class='ocrx_word' id='word_1_128' title='bbox 924 1795 1051 1870; x_wconf 85' lang='lat' dir='ltr'>caligans</span> <span class='ocrx_word' id='word_1_129' title='bbox 1066 1799 1124 1854; x_wconf 87' lang='lat' dir='ltr'>tota</span> <span class='ocrx_word' id='word_1_130' title='bbox 1142 1795 1196 1854; x_wconf 88' lang='lat' dir='ltr'>erit</span> <span class='ocrx_word' id='word_1_131' title='bbox 1217 1795 1274 1854; x_wconf 88' lang='lat' dir='ltr'>dis-</span> 
     </span>
     <span class='ocr_line' id='line_1_17' title="bbox 229 1884 358 1956; baseline 0.016 -17"><span class='ocrx_word' id='word_1_132' title='bbox 229 1884 358 1956; x_wconf 89' lang='lat' dir='ltr'>ceptatio.</span> 
     </span>
    </p>

    <p class='ocr_par' dir='ltr' id='par_1_7' title="bbox 229 1964 1275 2294">
     <span class='ocr_line' id='line_1_18' title="bbox 264 1964 1275 2042; baseline 0 -18"><span class='ocrx_word' id='word_1_133' title='bbox 264 1967 297 2024; x_wconf 89' lang='lat' dir='ltr'>li.</span> <span class='ocrx_word' id='word_1_134' title='bbox 314 1967 448 2036; x_wconf 79' lang='lat' dir='ltr'>Quaestio</span> <span class='ocrx_word' id='word_1_135' title='bbox 461 1966 617 2040; x_wconf 83' lang='lat' dir='ltr'>diiipeater</span> <span class='ocrx_word' id='word_1_136' title='bbox 631 1965 835 2025; x_wconf 80' lang='lat' dir='ltr'>distribuatur</span> <span class='ocrx_word' id='word_1_137' title='bbox 852 1965 886 2024; x_wconf 87' lang='lat' dir='ltr'>ia</span> <span class='ocrx_word' id='word_1_138' title='bbox 900 1973 1009 2042; x_wconf 82' lang='lat' dir='ltr'>portes,</span> <span class='ocrx_word' id='word_1_139' title='bbox 1021 1979 1098 2040; x_wconf 82' lang='lat' dir='ltr'>quos</span> <span class='ocrx_word' id='word_1_140' title='bbox 1117 1964 1275 2040; x_wconf 79' lang='lat' dir='ltr'>complecti·</span> 
     </span>
     <span class='ocr_line' id='line_1_19' title="bbox 230 2049 1275 2125; baseline -0.002 -15"><span class='ocrx_word' id='word_1_141' title='bbox 230 2057 291 2110; x_wconf 84' lang='lat' dir='ltr'>tar.</span> <span class='ocrx_word' id='word_1_142' title='bbox 306 2051 367 2110; x_wconf 89' lang='lat' dir='ltr'>Non</span> <span class='ocrx_word' id='word_1_143' title='bbox 382 2052 461 2110; x_wconf 91' lang='lat' dir='ltr'>enim</span> <span class='ocrx_word' id='word_1_144' title='bbox 479 2051 612 2111; x_wconf 79' lang='lat' dir='ltr'>disduets</span> <span class='ocrx_word' id='word_1_145' title='bbox 628 2050 671 2110; x_wconf 92' lang='lat' dir='ltr'>rei</span> <span class='ocrx_word' id='word_1_146' title='bbox 689 2051 791 2110; x_wconf 91' lang='lat' dir='ltr'>notitia</span> <span class='ocrx_word' id='word_1_147' title='bbox 810 2050 919 2124; x_wconf 85' lang='lat' dir='ltr'>acquiri</span> <span class='ocrx_word' id='word_1_148' title='bbox 938 2055 1047 2125; x_wconf 86' lang='lat' dir='ltr'>potest,</span> <span class='ocrx_word' id='word_1_149' title='bbox 1064 2049 1120 2108; x_wconf 89' lang='lat' dir='ltr'>nisi</span> <span class='ocrx_word' id='word_1_150' title='bbox 1135 2049 1275 2108; x_wconf 85' lang='lat' dir='ltr'>elementa</span> 
     </span>
     <span class='ocr_line' id='line_1_20' title="bbox 229 2133 1275 2210; baseline -0.002 -16"><span class='ocrx_word' id='word_1_151' title='bbox 229 2135 343 2210; x_wconf 77' lang='lat' dir='ltr'>singula</span> <span class='ocrx_word' id='word_1_152' title='bbox 355 2135 584 2210; x_wconf 61' lang='lat' dir='ltr'>considerantum</span> <span class='ocrx_word' id='word_1_153' title='bbox 601 2135 743 2194; x_wconf 87' lang='lat' dir='ltr'>elementa</span> <span class='ocrx_word' id='word_1_154' title='bbox 757 2139 853 2194; x_wconf 88' lang='lat' dir='ltr'>autem</span> <span class='ocrx_word' id='word_1_155' title='bbox 867 2134 1042 2194; x_wconf 87' lang='lat' dir='ltr'>considerari</span> <span class='ocrx_word' id='word_1_156' title='bbox 1051 2139 1206 2207; x_wconf 89' lang='lat' dir='ltr'>nequeunt,</span> <span class='ocrx_word' id='word_1_157' title='bbox 1218 2133 1275 2193; x_wconf 91' lang='lat' dir='ltr'>nisi</span> 
     </span>
     <span class='ocr_line' id='line_1_21' title="bbox 230 2219 1189 2294; baseline -0.001 -17"><span class='ocrx_word' id='word_1_158' title='bbox 230 2219 382 2294; x_wconf 84' lang='lat' dir='ltr'>separatim</span> <span class='ocrx_word' id='word_1_159' title='bbox 396 2221 548 2280; x_wconf 85' lang='lat' dir='ltr'>constituta</span> <span class='ocrx_word' id='word_1_160' title='bbox 562 2219 599 2278; x_wconf 87' lang='lat' dir='ltr'>ed</span> <span class='ocrx_word' id='word_1_161' title='bbox 613 2235 644 2279; x_wconf 89' lang='lat' dir='ltr'>se</span> <span class='ocrx_word' id='word_1_162' title='bbox 658 2219 749 2279; x_wconf 87' lang='lat' dir='ltr'>animi</span> <span class='ocrx_word' id='word_1_163' title='bbox 764 2219 1032 2294; x_wconf 86' lang='lat' dir='ltr'>contemplationem</span> <span class='ocrx_word' id='word_1_164' title='bbox 1045 2222 1189 2278; x_wconf 84' lang='lat' dir='ltr'>revocent.</span> 
     </span>
    </p>

    <p class='ocr_par' dir='ltr' id='par_1_8' title="bbox 227 2302 1278 2798">
     <span class='ocr_line' id='line_1_22' title="bbox 264 2302 1273 2380; baseline 0 -18"><span class='ocrx_word' id='word_1_165' title='bbox 264 2303 308 2362; x_wconf 90' lang='lat' dir='ltr'>lli.</span> <span class='ocrx_word' id='word_1_166' title='bbox 326 2303 405 2373; x_wconf 76' lang='lat' dir='ltr'>Oeae</span> <span class='ocrx_word' id='word_1_167' title='bbox 411 2310 512 2379; x_wconf 76' lang='lat' dir='ltr'>portes</span> <span class='ocrx_word' id='word_1_168' title='bbox 527 2303 567 2362; x_wconf 84' lang='lat' dir='ltr'>od</span> <span class='ocrx_word' id='word_1_169' title='bbox 580 2304 761 2378; x_wconf 73' lang='lat' dir='ltr'>quaestionis</span> <span class='ocrx_word' id='word_1_170' title='bbox 774 2303 974 2362; x_wconf 79' lang='lat' dir='ltr'>substantiam</span> <span class='ocrx_word' id='word_1_171' title='bbox 982 2302 1106 2362; x_wconf 81' lang='lat' dir='ltr'>minimo</span> <span class='ocrx_word' id='word_1_172' title='bbox 1115 2303 1273 2380; x_wconf 78' lang='lat' dir='ltr'>pertineat,</span> 
     </span>
     <span class='ocr_line' id='line_1_23' title="bbox 227 2387 1276 2464; baseline 0 -17"><span class='ocrx_word' id='word_1_173' title='bbox 227 2397 401 2461; x_wconf 68' lang='lat' dir='ltr'>raamias,</span> <span class='ocrx_word' id='word_1_174' title='bbox 414 2395 441 2447; x_wconf 89' lang='lat' dir='ltr'>et</span> <span class='ocrx_word' id='word_1_175' title='bbox 456 2387 491 2447; x_wconf 86' lang='lat' dir='ltr'>ia</span> <span class='ocrx_word' id='word_1_176' title='bbox 503 2387 601 2446; x_wconf 77' lang='lat' dir='ltr'>cliton</span> <span class='ocrx_word' id='word_1_177' title='bbox 610 2389 711 2464; x_wconf 82' lang='lat' dir='ltr'>potios</span> <span class='ocrx_word' id='word_1_178' title='bbox 726 2388 1096 2447; x_wconf 68' lang='lat' dir='ltr'>bomomittoatordum</span> <span class='ocrx_word' id='word_1_179' title='bbox 1107 2389 1185 2446; x_wconf 92' lang='lat' dir='ltr'>enim</span> <span class='ocrx_word' id='word_1_180' title='bbox 1195 2401 1276 2448; x_wconf 86' lang='lat' dir='ltr'>mens</span> 
     </span>
     <span class='ocr_line' id='line_1_24' title="bbox 228 2471 1276 2547; baseline 0 -15"><span class='ocrx_word' id='word_1_181' title='bbox 228 2477 326 2532; x_wconf 82' lang='lat' dir='ltr'>nostra</span> <span class='ocrx_word' id='word_1_182' title='bbox 341 2473 410 2532; x_wconf 88' lang='lat' dir='ltr'>satis</span> <span class='ocrx_word' id='word_1_183' title='bbox 424 2473 553 2547; x_wconf 80' lang='lat' dir='ltr'>angsrstis</span> <span class='ocrx_word' id='word_1_184' title='bbox 566 2473 705 2532; x_wconf 87' lang='lat' dir='ltr'>limitibus</span> <span class='ocrx_word' id='word_1_185' title='bbox 716 2471 980 2547; x_wconf 77' lang='lat' dir='ltr'>circumscribatur3</span> <span class='ocrx_word' id='word_1_186' title='bbox 1003 2473 1028 2532; x_wconf 90' lang='lat' dir='ltr'>si</span> <span class='ocrx_word' id='word_1_187' title='bbox 1043 2471 1159 2532; x_wconf 85' lang='lat' dir='ltr'>attentio</span> <span class='ocrx_word' id='word_1_188' title='bbox 1168 2471 1199 2532; x_wconf 88' lang='lat' dir='ltr'>in</span> <span class='ocrx_word' id='word_1_189' title='bbox 1216 2471 1276 2546; x_wconf 91' lang='lat' dir='ltr'>piu-</span> 
     </span>
     <span class='ocr_line' id='line_1_25' title="bbox 229 2555 1278 2631; baseline -0.001 -16"><span class='ocrx_word' id='word_1_190' title='bbox 229 2571 263 2615; x_wconf 89' lang='lat' dir='ltr'>ra</span> <span class='ocrx_word' id='word_1_191' title='bbox 276 2557 456 2631; x_wconf 69' lang='lat' dir='ltr'>dispergitis,</span> <span class='ocrx_word' id='word_1_192' title='bbox 473 2556 597 2615; x_wconf 89' lang='lat' dir='ltr'>nimium</span> <span class='ocrx_word' id='word_1_193' title='bbox 605 2556 769 2615; x_wconf 81' lang='lat' dir='ltr'>debilitatur</span> <span class='ocrx_word' id='word_1_194' title='bbox 777 2559 806 2615; x_wconf 91' lang='lat' dir='ltr'>et</span> <span class='ocrx_word' id='word_1_195' title='bbox 819 2555 1010 2615; x_wconf 82' lang='lat' dir='ltr'>confunditur.</span> <span class='ocrx_word' id='word_1_196' title='bbox 1023 2557 1113 2625; x_wconf 84' lang='lat' dir='ltr'>Quare</span> <span class='ocrx_word' id='word_1_197' title='bbox 1128 2555 1278 2630; x_wconf 79' lang='lat' dir='ltr'>diligenter</span> 
     </span>
     <span class='ocr_line' id='line_1_26' title="bbox 230 2639 1276 2714; baseline 0.001 -17"><span class='ocrx_word' id='word_1_198' title='bbox 230 2639 389 2698; x_wconf 88' lang='lat' dir='ltr'>curandum</span> <span class='ocrx_word' id='word_1_199' title='bbox 403 2645 447 2698; x_wconf 90' lang='lat' dir='ltr'>est</span> <span class='ocrx_word' id='word_1_200' title='bbox 465 2643 498 2699; x_wconf 91' lang='lat' dir='ltr'>ut</span> <span class='ocrx_word' id='word_1_201' title='bbox 511 2639 621 2713; x_wconf 87' lang='lat' dir='ltr'>questio</span> <span class='ocrx_word' id='word_1_202' title='bbox 634 2653 774 2714; x_wconf 89' lang='lat' dir='ltr'>quaeque,</span> <span class='ocrx_word' id='word_1_203' title='bbox 791 2653 878 2713; x_wconf 91' lang='lat' dir='ltr'>quam</span> <span class='ocrx_word' id='word_1_204' title='bbox 898 2639 934 2698; x_wconf 85' lang='lat' dir='ltr'>sd</span> <span class='ocrx_word' id='word_1_205' title='bbox 945 2639 1183 2700; x_wconf 83' lang='lat' dir='ltr'>considerandum</span> <span class='ocrx_word' id='word_1_206' title='bbox 1199 2653 1276 2699; x_wconf 87' lang='lat' dir='ltr'>assu·</span> 
     </span>
     <span class='ocr_line' id='line_1_27' title="bbox 230 2723 1037 2798; baseline 0.005 -18"><span class='ocrx_word' id='word_1_207' title='bbox 230 2723 345 2796; x_wconf 91' lang='lat' dir='ltr'>mimus,</span> <span class='ocrx_word' id='word_1_208' title='bbox 363 2725 457 2797; x_wconf 91' lang='lat' dir='ltr'>quoad</span> <span class='ocrx_word' id='word_1_209' title='bbox 472 2723 536 2783; x_wconf 89' lang='lat' dir='ltr'>lieri</span> <span class='ocrx_word' id='word_1_210' title='bbox 549 2729 649 2798; x_wconf 86' lang='lat' dir='ltr'>potest,</span> <span class='ocrx_word' id='word_1_211' title='bbox 666 2723 880 2798; x_wconf 87' lang='lat' dir='ltr'>simplicissima</span> <span class='ocrx_word' id='word_1_212' title='bbox 892 2723 1037 2784; x_wconf 88' lang='lat' dir='ltr'>reddatur.</span> 
     </span>
    </p>

    <p class='ocr_par' dir='ltr' id='par_1_9' title="bbox 228 2806 1276 3139">
     <span class='ocr_line' id='line_1_28' title="bbox 265 2806 1276 2882; baseline 0.003 -16"><span class='ocrx_word' id='word_1_213' title='bbox 265 2806 307 2866; x_wconf 74' lang='lat' dir='ltr'>ll.</span> <span class='ocrx_word' id='word_1_214' title='bbox 328 2806 504 2867; x_wconf 83' lang='lat' dir='ltr'>diioatotim</span> <span class='ocrx_word' id='word_1_215' title='bbox 527 2808 682 2882; x_wconf 79' lang='lat' dir='ltr'>stomoma,</span> <span class='ocrx_word' id='word_1_216' title='bbox 705 2821 782 2882; x_wconf 85' lang='lat' dir='ltr'>qaae</span> <span class='ocrx_word' id='word_1_217' title='bbox 800 2816 968 2882; x_wconf 80' lang='lat' dir='ltr'>ramaneat,</span> <span class='ocrx_word' id='word_1_218' title='bbox 990 2809 1276 2869; x_wconf 71' lang='lat' dir='ltr'>considerationem</span> 
     </span>
     <span class='ocr_line' id='line_1_29' title="bbox 228 2883 1276 2969; baseline 0.001 -16"><span class='ocrx_word' id='word_1_219' title='bbox 228 2901 327 2969; x_wconf 81' lang='lat' dir='ltr'>portes</span> <span class='ocrx_word' id='word_1_220' title='bbox 345 2907 445 2952; x_wconf 80' lang='lat' dir='ltr'>omnes</span> <span class='ocrx_word' id='word_1_221' title='bbox 461 2907 557 2967; x_wconf 80' lang='lat' dir='ltr'>verso,</span> <span class='ocrx_word' id='word_1_222' title='bbox 574 2892 789 2968; x_wconf 75' lang='lat' dir='ltr'>eapaodmttm.</span> <span class='ocrx_word' id='word_1_223' title='bbox 801 2893 921 2952; x_wconf 78' lang='lat' dir='ltr'>lantum</span> <span class='ocrx_word' id='word_1_224' title='bbox 936 2883 1013 2952; x_wconf 81' lang='lat' dir='ltr'>enim</span> <span class='ocrx_word' id='word_1_225' title='bbox 1032 2893 1168 2954; x_wconf 85' lang='lat' dir='ltr'>claritatis</span> <span class='ocrx_word' id='word_1_226' title='bbox 1181 2895 1276 2969; x_wconf 84' lang='lat' dir='ltr'>cogni-</span> 
     </span>
     <span class='ocr_line' id='line_1_30' title="bbox 229 2977 1275 3054; baseline 0.001 -17"><span class='ocrx_word' id='word_1_227' title='bbox 229 2979 267 3037; x_wconf 91' lang='lat' dir='ltr'>tio</span> <span class='ocrx_word' id='word_1_228' title='bbox 283 2977 367 3037; x_wconf 91' lang='lat' dir='ltr'>totius</span> <span class='ocrx_word' id='word_1_229' title='bbox 381 2977 512 3052; x_wconf 89' lang='lat' dir='ltr'>babebit,</span> <span class='ocrx_word' id='word_1_230' title='bbox 528 2983 668 3052; x_wconf 87' lang='lat' dir='ltr'>quantum</span> <span class='ocrx_word' id='word_1_231' title='bbox 683 2979 714 3038; x_wconf 89' lang='lat' dir='ltr'>iu</span> <span class='ocrx_word' id='word_1_232' title='bbox 724 2993 789 3037; x_wconf 87' lang='lat' dir='ltr'>eam</span> <span class='ocrx_word' id='word_1_233' title='bbox 798 2979 925 3038; x_wconf 84' lang='lat' dir='ltr'>conferet</span> <span class='ocrx_word' id='word_1_234' title='bbox 934 2978 1059 3054; x_wconf 82' lang='lat' dir='ltr'>cognitio</span> <span class='ocrx_word' id='word_1_235' title='bbox 1073 2980 1275 3054; x_wconf 74' lang='lat' dir='ltr'>pertundes</span> 
     </span>
     <span class='ocr_line' id='line_1_31' title="bbox 228 3063 1276 3139; baseline 0 -17"><span class='ocrx_word' id='word_1_236' title='bbox 228 3077 296 3122; x_wconf 81' lang='lat' dir='ltr'>vero</span> <span class='ocrx_word' id='word_1_237' title='bbox 305 3063 438 3122; x_wconf 89' lang='lat' dir='ltr'>satiserit</span> <span class='ocrx_word' id='word_1_238' title='bbox 448 3067 543 3137; x_wconf 87' lang='lat' dir='ltr'>partes</span> <span class='ocrx_word' id='word_1_239' title='bbox 557 3063 588 3122; x_wconf 93' lang='lat' dir='ltr'>in</span> <span class='ocrx_word' id='word_1_240' title='bbox 602 3079 633 3122; x_wconf 87' lang='lat' dir='ltr'>se</span> <span class='ocrx_word' id='word_1_241' title='bbox 642 3063 844 3138; x_wconf 87' lang='lat' dir='ltr'>contemplari,</span> <span class='ocrx_word' id='word_1_242' title='bbox 861 3063 911 3123; x_wconf 86' lang='lat' dir='ltr'>sed</span> <span class='ocrx_word' id='word_1_243' title='bbox 921 3063 1008 3123; x_wconf 88' lang='lat' dir='ltr'>otiam</span> <span class='ocrx_word' id='word_1_244' title='bbox 1018 3063 1159 3139; x_wconf 88' lang='lat' dir='ltr'>oportebit</span> <span class='ocrx_word' id='word_1_245' title='bbox 1168 3068 1200 3123; x_wconf 90' lang='lat' dir='ltr'>ut</span> <span class='ocrx_word' id='word_1_246' title='bbox 1209 3064 1276 3123; x_wconf 89' lang='lat' dir='ltr'>ordo</span> 
     </span>
    </p>
   </div>
   <div class='ocr_carea' id='block_1_7' title="bbox 105 3131 1275 3310">
    <p class='ocr_par' dir='ltr' id='par_1_10' title="bbox 105 3131 1275 3310">
     <span class='ocr_line' id='line_1_32' title="bbox 105 3131 1039 3208; baseline 0.003 -3"><span class='ocrx_word' id='word_1_247' title='bbox 105 3165 109 3170; x_wconf 70' lang='grc'><strong><em>’</em></strong></span> <span class='ocrx_word' id='word_1_248' title='bbox 142 3131 145 3134; x_wconf 57' lang='grc'><strong><em>’</em></strong></span> <span class='ocrx_word' id='word_1_249' title='bbox 229 3150 258 3205; x_wconf 90' lang='lat' dir='ltr'>et</span> <span class='ocrx_word' id='word_1_250' title='bbox 270 3146 369 3207; x_wconf 83' lang='lat' dir='ltr'>relatio</span> <span class='ocrx_word' id='word_1_251' title='bbox 383 3147 470 3206; x_wconf 91' lang='lat' dir='ltr'>unius</span> <span class='ocrx_word' id='word_1_252' title='bbox 484 3147 521 3205; x_wconf 90' lang='lat' dir='ltr'>ad</span> <span class='ocrx_word' id='word_1_253' title='bbox 536 3147 656 3205; x_wconf 85' lang='lat' dir='ltr'>alteram</span> <span class='ocrx_word' id='word_1_254' title='bbox 665 3153 798 3207; x_wconf 86' lang='lat' dir='ltr'>accurate</span> <span class='ocrx_word' id='word_1_255' title='bbox 814 3148 1039 3208; x_wconf 87' lang='lat' dir='ltr'>considerentur.</span> 
     </span>
     <span class='ocr_line' id='line_1_33' title="bbox 139 3231 1275 3310; baseline 0.004 -22"><span class='ocrx_word' id='word_1_256' title='bbox 139 3270 144 3275; x_wconf 86' lang='lat'>-</span> <span class='ocrx_word' id='word_1_257' title='bbox 264 3231 296 3288; x_wconf 80' lang='lat' dir='ltr'>V.</span> <span class='ocrx_word' id='word_1_258' title='bbox 307 3232 393 3290; x_wconf 80' lang='lat' dir='ltr'>Abiis</span> <span class='ocrx_word' id='word_1_259' title='bbox 405 3231 592 3307; x_wconf 76' lang='lat' dir='ltr'>principiam</span> <span class='ocrx_word' id='word_1_260' title='bbox 604 3232 668 3306; x_wconf 79' lang='lat' dir='ltr'>fiat,</span> <span class='ocrx_word' id='word_1_261' title='bbox 680 3247 757 3306; x_wconf 84' lang='lat' dir='ltr'>quoe</span> <span class='ocrx_word' id='word_1_262' title='bbox 772 3233 873 3292; x_wconf 80' lang='lat' dir='ltr'>tornea</span> <span class='ocrx_word' id='word_1_263' title='bbox 883 3234 1008 3309; x_wconf 80' lang='lat' dir='ltr'>reliquis</span> <span class='ocrx_word' id='word_1_264' title='bbox 1019 3233 1149 3309; x_wconf 73' lang='lat' dir='ltr'>affectent</span> <span class='ocrx_word' id='word_1_265' title='bbox 1161 3241 1187 3294; x_wconf 89' lang='lat' dir='ltr'>ct</span> <span class='ocrx_word' id='word_1_266' title='bbox 1198 3249 1275 3310; x_wconf 79' lang='lat' dir='ltr'>pone</span> 
     </span>
    </p>
   </div>
   <div class='ocr_carea' id='block_1_8' title="bbox 229 3313 1277 3478">
    <p class='ocr_par' dir='ltr' id='par_1_11' title="bbox 229 3313 1277 3478">
     <span class='ocr_line' id='line_1_34' title="bbox 230 3313 1277 3394; baseline 0.003 -20"><span class='ocrx_word' id='word_1_267' title='bbox 230 3315 356 3374; x_wconf 72' lang='grc' dir='ltr'>ιαιιοιιι</span> <span class='ocrx_word' id='word_1_268' title='bbox 370 3317 502 3375; x_wconf 79' lang='lat' dir='ltr'>notiones</span> <span class='ocrx_word' id='word_1_269' title='bbox 519 3313 719 3392; x_wconf 75' lang='lat' dir='ltr'>iappsditaat.</span> <span class='ocrx_word' id='word_1_270' title='bbox 735 3318 777 3375; x_wconf 88' lang='lat' dir='ltr'>lta</span> <span class='ocrx_word' id='word_1_271' title='bbox 794 3318 873 3376; x_wconf 90' lang='lat' dir='ltr'>enim</span> <span class='ocrx_word' id='word_1_272' title='bbox 891 3319 1062 3392; x_wconf 84' lang='lat' dir='ltr'>quibusdam</span> <span class='ocrx_word' id='word_1_273' title='bbox 1081 3319 1169 3378; x_wconf 84' lang='lat' dir='ltr'>veluti</span> <span class='ocrx_word' id='word_1_274' title='bbox 1187 3319 1277 3394; x_wconf 84' lang='lat' dir='ltr'>gradi-</span> 
     </span>
     <span class='ocr_line' id='line_1_35' title="bbox 229 3399 1275 3478; baseline 0.004 -20"><span class='ocrx_word' id='word_1_275' title='bbox 229 3399 284 3458; x_wconf 89' lang='lat' dir='ltr'>bus</span> <span class='ocrx_word' id='word_1_276' title='bbox 297 3411 379 3457; x_wconf 88' lang='lat' dir='ltr'>mens</span> <span class='ocrx_word' id='word_1_277' title='bbox 394 3399 430 3457; x_wconf 91' lang='lat' dir='ltr'>ad</span> <span class='ocrx_word' id='word_1_278' title='bbox 443 3400 625 3475; x_wconf 89' lang='lat' dir='ltr'>perspicuam</span> <span class='ocrx_word' id='word_1_279' title='bbox 639 3399 724 3458; x_wconf 89' lang='lat' dir='ltr'>totius</span> <span class='ocrx_word' id='word_1_280' title='bbox 742 3401 918 3474; x_wconf 89' lang='lat' dir='ltr'>quaestionis</span> <span class='ocrx_word' id='word_1_281' title='bbox 937 3403 1115 3477; x_wconf 89' lang='lat' dir='ltr'>solutionem,</span> <span class='ocrx_word' id='word_1_282' title='bbox 1128 3417 1201 3478; x_wconf 89' lang='lat' dir='ltr'>quse</span> <span class='ocrx_word' id='word_1_283' title='bbox 1213 3414 1275 3477; x_wconf 91' lang='lat' dir='ltr'>pro-</span> 
     </span>
    </p>
   </div>
   <div class='ocr_carea' id='block_1_9' title="bbox 142 3482 981 3558">
    <p class='ocr_par' dir='ltr' id='par_1_12' title="bbox 142 3482 981 3558">
     <span class='ocr_line' id='line_1_36' title="bbox 142 3482 981 3558; baseline 0.004 -16"><span class='ocrx_word' id='word_1_284' title='bbox 142 3500 146 3506; x_wconf 89' lang='lat'>·</span> <span class='ocrx_word' id='word_1_285' title='bbox 229 3483 290 3557; x_wconf 87' lang='lat' dir='ltr'>prie</span> <span class='ocrx_word' id='word_1_286' title='bbox 304 3482 492 3543; x_wconf 86' lang='lat' dir='ltr'>scientificam</span> <span class='ocrx_word' id='word_1_287' title='bbox 505 3485 637 3544; x_wconf 88' lang='lat' dir='ltr'>notitiam</span> <span class='ocrx_word' id='word_1_288' title='bbox 650 3483 784 3558; x_wconf 83' lang='lat' dir='ltr'>praestet,</span> <span class='ocrx_word' id='word_1_289' title='bbox 801 3486 981 3558; x_wconf 89' lang='lat' dir='ltr'>perducetur</span> 
     </span>
    </p>
   </div>
   <div class='ocr_carea' id='block_1_10' title="bbox 265 3545 1376 3648">
    <p class='ocr_par' dir='ltr' id='par_1_13' title="bbox 265 3545 1376 3648">
     <span class='ocr_line' id='line_1_37' title="bbox 265 3545 1376 3648; baseline 0.006 -24"><span class='ocrx_word' id='word_1_290' title='bbox 265 3567 714 3644; x_wconf 76' lang='lat' dir='ltr'>t1.dasoooproprio,oooe</span> <span class='ocrx_word' id='word_1_291' title='bbox 737 3569 889 3645; x_wconf 78' lang='lat' dir='ltr'>dimanat,</span> <span class='ocrx_word' id='word_1_292' title='bbox 911 3571 1275 3648; x_wconf 76' lang='lat' dir='ltr'>obiectiaotiopirraotur</span> <span class='ocrx_word' id='word_1_293' title='bbox 1375 3545 1376 3584; x_wconf 25' lang='lat' dir='ltr'><strong>f</strong></span> 
     </span>
    </p>
   </div>
   <div class='ocr_carea' id='block_1_11' title="bbox 231 3649 1277 3818">
    <p class='ocr_par' dir='ltr' id='par_1_14' title="bbox 231 3649 1274 3818">
     <span class='ocr_line' id='line_1_38' title="bbox 231 3649 1274 3732; baseline 0.005 -22"><span class='ocrx_word' id='word_1_294' title='bbox 231 3649 303 3710; x_wconf 84' lang='lat' dir='ltr'>ilinc</span> <span class='ocrx_word' id='word_1_295' title='bbox 316 3651 341 3708; x_wconf 85' lang='lat' dir='ltr'>si</span> <span class='ocrx_word' id='word_1_296' title='bbox 354 3651 391 3710; x_wconf 90' lang='lat' dir='ltr'>de</span> <span class='ocrx_word' id='word_1_297' title='bbox 404 3652 476 3711; x_wconf 90' lang='lat' dir='ltr'>reali</span> <span class='ocrx_word' id='word_1_298' title='bbox 490 3653 602 3712; x_wconf 90' lang='lat' dir='ltr'>obiecto</span> <span class='ocrx_word' id='word_1_299' title='bbox 609 3653 708 3728; x_wconf 90' lang='lat' dir='ltr'>,quod</span> <span class='ocrx_word' id='word_1_300' title='bbox 725 3653 889 3714; x_wconf 88' lang='lat' dir='ltr'>immediate</span> <span class='ocrx_word' id='word_1_301' title='bbox 903 3656 1092 3732; x_wconf 87' lang='lat' dir='ltr'>percipiatur,</span> <span class='ocrx_word' id='word_1_302' title='bbox 1108 3663 1206 3718; x_wconf 86' lang='lat' dir='ltr'>sermo</span> <span class='ocrx_word' id='word_1_303' title='bbox 1220 3661 1274 3732; x_wconf 84' lang='lat' dir='ltr'>est;</span> 
     </span>
     <span class='ocr_line' id='line_1_39' title="bbox 231 3713 1277 3818; baseline 0.006 -22"><span class='ocrx_word' id='word_1_304' title='bbox 231 3749 269 3797; x_wconf 85' lang='lat' dir='ltr'>ex</span> <span class='ocrx_word' id='word_1_305' title='bbox 284 3713 457 3796; x_wconf 84' lang='lat' dir='ltr'>conserentis</span> <span class='ocrx_word' id='word_1_306' title='bbox 470 3737 517 3798; x_wconf 82' lang='lat' dir='ltr'>vel</span> <span class='ocrx_word' id='word_1_307' title='bbox 530 3753 569 3797; x_wconf 82' lang='lat' dir='ltr'>es</span> <span class='ocrx_word' id='word_1_308' title='bbox 578 3738 777 3814; x_wconf 82' lang='lat' dir='ltr'>experimento</span> <span class='ocrx_word' id='word_1_309' title='bbox 786 3753 923 3801; x_wconf 87' lang='lat' dir='ltr'>sensuum</span> <span class='ocrx_word' id='word_1_310' title='bbox 933 3742 1133 3818; x_wconf 76' lang='lat' dir='ltr'>explicationis</span> <span class='ocrx_word' id='word_1_311' title='bbox 1147 3743 1210 3804; x_wconf 88' lang='lat' dir='ltr'>eius</span> <span class='ocrx_word' id='word_1_312' title='bbox 1223 3741 1277 3803; x_wconf 89' lang='lat' dir='ltr'>ini·</span> 
     </span>
    </p>
   </div>
   <div class='ocr_carea' id='block_1_12' title="bbox 275 3917 624 3990">
    <p class='ocr_par' dir='ltr' id='par_1_15' title="bbox 275 3917 624 3990">
     <span class='ocr_line' id='line_1_40' title="bbox 275 3917 624 3990; baseline -0.011 -14"><span class='ocrx_word' id='word_1_313' title='bbox 275 3917 343 3976; x_wconf 66' lang='lat' dir='ltr'>isse</span> <span class='ocrx_word' id='word_1_314' title='bbox 359 3919 507 3986; x_wconf 66' lang='lat' dir='ltr'>mantia</span> <span class='ocrx_word' id='word_1_315' title='bbox 524 3921 545 3990; x_wconf 87' lang='lat' dir='ltr'>t,</span> <span class='ocrx_word' id='word_1_316' title='bbox 562 3937 583 3973; x_wconf 87' lang='lat' dir='ltr'>o.</span> <span class='ocrx_word' id='word_1_317' title='bbox 600 3923 624 3972; x_wconf 77' lang='lat'>2.</span> 
     </span>
    </p>
   </div>
   <div class='ocr_carea' id='block_1_13' title="bbox 0 0 1394 4492">
    <p class='ocr_par' dir='ltr' id='par_1_16' title="bbox 0 0 1394 4492">
     <span class='ocr_line' id='line_1_41' title="bbox 0 0 1394 4492; baseline 0 0"><span class='ocrx_word' id='word_1_318' title='bbox 0 0 1394 4492; x_wconf 95' lang='lat' dir='ltr'> </span> 
     </span>
    </p>
   </div>
  </div>
 </body>
</html>
