2767 4492
239 293 293 354 296
568 303 797 350 nnrmnrsruar
810 303 959 349 saucians

294 391 376 463 ltesp.
401 389 476 449 Haeo
494 389 647 448 dittiorltas
668 387 900 462 interpretatione
913 387 1015 446 nititur
1035 387 1135 462 inepta
1154 385 1289 463 Bayliani

239 475 317 536 iltius
331 473 427 533 edati:
447 471 626 533 mmoruotr'o
644 480 685 530 ert
703 472 880 532 continuato
896 472 1015 531 creatio.
1031 472 1066 531 Ut
1074 472 1153 531 enim
1165 488 1230 533 mos
1243 480 1289 534 est

241 575 356 632 eornm,
371 558 421 634 qui
437 557 474 616 ad
490 557 636 618 scribtam
650 571 709 615 non
723 556 922 617 illustrandam
936 557 987 615 sed
999 556 1210 617 obscurandam
1222 557 1288 634 phi·

239 644 442 719 losopbautur,
467 641 681 716 pronuntiatum
705 639 777 700 iilud
790 641 875 715 napta
887 640 1007 716 perinde
1020 640 1176 716 inteiligit,
1204 643 1288 718 quasi

239 743 337 790 rerum
355 727 507 788 existentia
525 742 576 801 per
601 726 846 786 conservationem
867 725 971 800 iugiter
990 730 1143 786 renovetur
1158 728 1185 786 ⁴.
1205 728 1286 795 Quod

239 815 316 874 idem
331 813 420 872 terme
435 817 529 886 esset,
551 811 625 870 acsi
642 825 688 870 res
704 809 794 870 semel
816 810 948 870 counitae
967 810 1082 870 assidue
1105 811 1139 869 iu
1161 811 1287 871 nibilum

239 897 403 960 laberentur
422 903 451 957 et
464 897 568 956 iterum
588 895 686 955 diviua
700 909 754 970 ope
767 896 804 954 ad
817 893 1001 954 existendum
1018 894 1154 955 redirent.
1171 896 1204 955 ld
1220 911 1285 970 pro

238 985 311 1044 teoto
325 984 350 1044 si
366 984 405 1044 ita
424 983 617 1058 contingeret,
634 982 746 1042 obieeta
758 980 919 1041 absmditas
932 981 1017 1041 vitari
1036 996 1094 1041 nou
1110 987 1214 1056 posset
1234 983 1285 1041 te

237 1085 301 1128 rum
317 1069 435 1128 effatum
449 1069 520 1128 iilud
534 1067 617 1142 longe
631 1067 714 1128 aliter
727 1065 944 1141 intelligendum
966 1070 1019 1125 est.
1045 1066 1106 1126 Nou
1123 1066 1192 1126 etim
1206 1066 1284 1127 aliud

238 1153 340 1227 sancit,
357 1153 412 1213 uisi
423 1154 499 1229 quod
510 1153 628 1227 positiva
641 1151 827 1225 conservatio,
843 1166 931 1226 qnam
944 1151 1087 1210 adrerum
1100 1166 1284 1226 perseveran-

240 1239 309 1296 tiam
319 1254 381 1298 esse
391 1238 582 1298 necessariam
592 1237 726 1310 vidimus,
742 1237 891 1310 cogitanda
901 1236 939 1295 sit
948 1241 1096 1311 tamquam
1108 1237 1282 1296 continuatio

239 1323 357 1382 actionis
368 1323 445 1382 itlius
459 1339 516 1397 qua
529 1322 603 1382 Deus
617 1327 762 1382 creaturas
775 1320 876 1380 edrmit
888 1335 905 1380 c
919 1319 1026 1393 nihilo,
1041 1334 1077 1380 ac
1094 1319 1215 1400 proinde
1228 1320 1282 1380 rir-

240 1411 328 1465 tutem
346 1407 443 1480 exigat
456 1407 608 1466 infinitam.

273 1491 402 1550 Ceterum
417 1493 426 1566 (
434 1491 578 1566 superiore
593 1505 679 1550 seusu
692 1505 780 1565 quem
793 1467 902 1550 modo
892 1491 1042 1549 innuimus
1061 1491 1200 1565 excepto)
1207 1505 1281 1550 -·cou

238 1579 360 1636 servatio
375 1593 392 1636 a
405 1577 548 1636 creatione
562 1575 670 1649 differt,
687 1580 720 1634 ut
733 1591 772 1635 ex
784 1575 935 1650 utriusque
948 1590 1068 1635 numere
1078 1580 1108 1634 et
1121 1575 1227 1635 etiectu
1239 1574 1280 1635 tu-

237 1665 365 1722 culenter
379 1665 505 1736 apparet.
517 1662 588 1722 Nam
597 1659 704 1720 creatio
713 1660 898 1719 existentiam
911 1660 964 1733 rei,
976 1675 1050 1734 quae
1060 1665 1128 1718 ante
1137 1675 1197 1719 uon
1210 1664 1278 1732 erat,

236 1746 362 1820 primum
378 1745 489 1818 tribuit,
501 1751 530 1804 at
544 1744 724 1804 conservatio
734 1759 796 1803 rem
807 1744 866 1803 iam
880 1748 1042 1803 exstantem
1052 1743 1197 1816 subaudit,
1214 1758 1280 1802 can-

237 1830 360 1904 demque
381 1831 482 1904 ipsam,
499 1843 572 1903 quae
586 1829 665 1902 prius
680 1834 756 1902 erat,
772 1829 804 1886 in
823 1827 977 1887 existentia
994 1827 1107 1886 retinet.
1127 1827 1205 1901 Quod
1219 1827 1282 1900 qui·

238 1913 304 1973 dem
326 1914 460 1972 intimum
480 1912 634 1987 quemdam
652 1913 797 1972 intluxum
811 1912 843 1971 in
858 1912 951 1986 ipsam
966 1911 1008 1970 rei
1029 1911 1211 1970 existentiam
1226 1910 1282 1969 im·

237 2004 341 2072 portat:
359 1999 409 2058 sed
422 1999 515 2073 ipsam
529 2013 587 2057 uun
601 2002 720 2058 renovat
732 2012 787 2056 nec
801 1997 941 2070 producit.
959 1996 1005 2054 Sic
1026 1994 1167 2070 explicata
1184 2010 1233 2054 res
1250 1994 1283 2054 in

239 2076 406 2142 certissimis
419 2082 552 2143 habenda
566 2087 621 2151 est,
638 2082 745 2141 nedum
760 2081 966 2158 absurditatem
980 2079 1069 2138 ultam
1082 2079 1218 2138 involvat.
1236 2079 1280 2137 bt-

239 2183 294 2240 que
309 2167 362 2226 bac
380 2167 612 2242 interpretatione
627 2166 736 2242 posita,
755 2171 812 2224 tota
825 2181 943 2239 prorsus
956 2164 1101 2224 evanescit
1114 2163 1279 2222 difficultas.

240 2251 377 2320 Quoniam
392 2268 458 2311 vero
473 2257 567 2312 cetera
578 2247 673 2323 etiam,
687 2266 761 2326 quae
774 2250 924 2322 itleaddit,
940 2249 1059 2324 ancipiti
1073 2248 1206 2308 laborant
1220 2263 1280 2308 sen·

239 2351 287 2409 su,
303 2336 333 2395 id
348 2352 460 2411 quoque
474 2341 572 2395 notare
595 2335 761 2410 praestabit.
774 2335 875 2410 ,ltaque
889 2350 955 2393 cum
969 2333 1064 2408 inquit
1082 2348 1130 2392 res
1153 2332 1280 2392 conditas

239 2437 297 2481 uua
312 2436 382 2504 ¹cnm
400 2421 552 2481 exisoeutia
568 2420 789 2493 modosetiam,
812 2420 916 2492 quibus
935 2418 1113 2491 afficiuntur,
1136 2418 1277 2490 mutuari,

238 2521 338 2566 rernm
352 2506 382 2566 id
395 2521 457 2566 esse
475 2505 644 2580 reponimus
654 2506 689 2564 de
704 2505 812 2578 modis,
829 2504 878 2578 qui
892 2509 1026 2562 naturam
1041 2503 1136 2576 ipsam
1147 2502 1279 2562 determi-

238 2596 309 2650 nnut
326 2591 534 2665 definiuutque3
549 2605 607 2648 nou
622 2593 719 2647 antem
740 2589 776 2647 de
789 2587 839 2660 iis,
856 2586 906 2662 qni
926 2587 1074 2648 adventitii
1090 2593 1158 2647 sunt
1171 2593 1202 2646 et
1215 2601 1280 2647 cum

237 2675 280 2734 rei
295 2680 396 2734 natura
414 2674 574 2734 nemssario
587 2672 703 2733 viuculo
716 2687 776 2732 uon
793 2672 926 2732 connexi,
939 2671 981 2731 lta
995 2677 1039 2731 est
1052 2671 1088 2731 de
1103 2672 1277 2739 actionibus,

237 2775 309 2834 quas
324 2759 414 2834 tangit
423 2758 559 2831 obiectio;
573 2773 645 2831 quae
656 2766 789 2816 naturam
797 2757 856 2816 iam
870 2757 1089 2816 determinatam
1103 2757 1279 2816 subaudiunt

238 2861 276 2903 ex
290 2845 408 2918 eiusque
423 2842 530 2901 viribus
545 2843 773 2917 proficiscuntur.
785 2842 843 2901 Hae
857 2841 935 2900 enim
947 2842 1073 2901 actiones
1087 2841 1141 2900 etsi
1153 2841 1204 2901 Dei
1214 2855 1277 2900 con-

238 2943 354 2986 cursum
363 2928 515 3001 exquirant
526 2926 780 3000 (quemadmodum
789 2941 847 2985 uon
862 2927 950 2984 mutto
960 2933 1024 3000 post
1034 2925 1139 2984 dicturi
1149 2926 1277 2998 sumus);

238 3016 360 3070 tamena
371 3010 426 3069 Deo
441 3011 523 3069 unice
539 3011 626 3070 tribui
640 3017 753 3084 atquea
767 3010 870 3068 creatis
884 3008 1052 3068 substantiis
1061 3009 1152 3083 recipi
1168 3014 1279 3069 tantum

238 3093 553 3168 distorqueamus
576 3095 654 3153 enim
671 3111 710 3154 ex
729 3108 828 3153 earum
844 3093 873 3153 ri
893 3099 921 3152 et
939 3094 1085 3152 activitate
1106 3092 1276 3166 dimanant,

239 3195 423 3255 quamquam,
438 3186 468 3238 ut
481 3183 645 3252 exerantur,
662 3193 812 3252 supremae
826 3193 937 3238 causae
943 3178 1110 3237 comitatum
1124 3177 1279 3308 quemdam

239 3269 267 3325 et
281 3264 436 3340 impulsum
451 3262 603 3338 postulent.

272 3348 392 3408 Instant:
409 3346 615 3424 Demonstratio
624 3347 722 3422 istaec,
734 3364 780 3408 res
794 3348 925 3408 conditae
939 3353 1052 3408 exstare
1066 3352 1213 3422 nequeunt
1225 3303 1278 3422 per

238 3449 281 3494 se·
275 3449 382 3509 „ergo
398 3418 548 3508 postquam
563 3437 677 3492 exstant
684 3448 760 3507 ,per
773 3449 804 3492 se
818 3448 935 3493 manere
949 3448 1007 3493 non
1028 3438 1163 3507 possunt,
1187 3431 1278 3490 turbis

281 3629 293 3676 t
310 3633 411 3682 Dtctr'ort.
424 3632 471 3680 aa.
486 3634 606 3691 Pprrtroo.
623 3637 645 3679 et
659 3633 722 3680 aliar.
737 3634 807 3696 Atque
822 3633 863 3681 boc
877 3631 925 3681 looo
940 3633 1008 3681 vetuti
1023 3647 1062 3696 per
1078 3636 1224 3679 muranum
1238 3629 1281 3675 ad·

235 3705 348 3772 vertimur,
364 3723 389 3756 aa
403 3723 458 3771 quae
472 3713 548 3755 rauba
562 3713 664 3756 rtatntm
679 3724 692 3754 a
707 3708 770 3754 nobis
785 3709 897 3756 raritatem
912 3709 1009 3772 disputat
1022 3710 1115 3754 Cromna
1131 3711 1228 3765 (Burs.
1246 3705 1281 3751 da

233 3783 354 3842 Pprrbon.
370 3789 422 3830 rect.
438 3783 476 3848 xl)
493 3784 583 3832 nonnisi
596 3783 671 3830 eadam
685 3783 747 3832 affati
760 3783 820 3833 illios
834 3793 973 3851 praepostera
985 3783 1168 3848 interpretatione
1182 3783 1242 3846 uiti,
1256 3784 1283 3829 nt

234 3873 290 3922 opus
304 3857 374 3922 ipsios
388 3859 511 3912 oomaimti
525 3865 599 3926 patero
613 3865 693 3927 potest.
