2767 4492
240 379 294 439 aad
316 453 320 462 .
577 385 804 434 pertransiens
818 380 965 435 sraeucrs

237 491 320 534 secus
336 474 400 532 iden
415 473 464 532 Dei
487 471 693 546 suppeditanda
709 478 785 531 essct
803 473 921 545 archus
942 472 1054 543 creatis,
1069 472 1145 545 quod
1165 475 1224 531 tam
1239 487 1286 532 re·

239 567 356 631 pugnat,
374 572 459 629 quam
474 562 613 628 repugnat
628 556 772 614 inlinitum
787 556 902 612 afinitis
915 555 1107 628 progenerari.
1123 556 1286 614 Deinderes

239 649 349 701 creatae
363 641 392 698 in
409 657 439 697 se
454 640 523 712 ipsis
545 640 690 712 inspectae
711 639 825 712 propria
841 644 939 697 carent
956 638 1194 711 intelligibilitate,
1210 654 1286 712 quae

240 724 355 784 nonnisi
369 723 400 781 in
421 722 550 780 absoluta
564 722 682 780 veritate
704 726 841 781 moratur.
858 722 888 781 ln
903 722 958 779 hac
975 721 1062 794 igitur
1076 722 1153 780 cerni
1167 721 1284 794 dehent,

239 811 263 868 si
274 807 394 880 intelligi
410 807 508 864 velint.
525 805 625 879 Tertio,
643 806 710 880 quia
724 807 850 878 primum
864 805 1007 865 obiectum
1024 805 1203 878 eupatoris
1217 821 1284 866 con-

240 898 350 966 cretum
363 895 415 962 est,
433 894 518 962 atque
533 889 683 962 eiusmodi,
700 895 732 947 ut
753 890 790 947 ad
810 889 906 962 ipsum
921 888 1105 961 cogitationes
1122 903 1222 948 omnes
1239 904 1285 947 re·

239 981 385 1035 vocentur.
403 973 472 1031 Cum
483 972 569 1046 igitur
579 973 696 1047 quaevis
710 973 841 1046 cogitatio
855 973 890 1030 ad
904 972 1000 1030 ideam
1012 972 1058 1030 vel
1068 971 1128 1044 Dei,
1145 971 1286 1029 reimun-

239 1061 278 1133 di,
295 1058 339 1116 vel
350 1057 501 1116 creationis
516 1057 681 1129 reducatur3
699 1057 730 1113 in
741 1056 795 1113 hac
810 1055 912 1128 triplici
927 1054 1053 1113 realitate
1066 1055 1192 1128 primum
1205 1053 1284 1114 obie-

240 1157 319 1202 ctum
329 1139 489 1200 intuitionis
499 1139 587 1198 animi
601 1140 702 1214 reponi
710 1137 803 1198 dehet.
815 1139 921 1207 Quibus
936 1138 1109 1212 argumentis
1119 1138 1238 1209 accedit,
1251 1143 1285 1196 ut
1373 1128 1374 1151 ff

240 1229 281 1286 sic
291 1226 381 1284 mirus
396 1229 549 1282 concentus
564 1223 704 1282 habeatur
717 1223 925 1297 philosophiam
939 1222 1014 1280 inter
1027 1228 1056 1280 et
1068 1219 1282 1295 revelationem,

240 1325 313 1386 quae
332 1309 419 1366 aDeo
434 1313 489 1364 eta
505 1307 647 1365 creatione
662 1307 691 1364 in
708 1307 768 1365 suis
781 1306 965 1379 dogmatibus·
975 1303 1131 1364 exorditur.

277 1392 337 1451 itt.
352 1393 480 1466 systema
489 1390 816 1449 hoclialehranchianae
826 1389 948 1447 outonis
957 1389 991 1447 iu
1001 1389 1055 1446 Deo
1065 1387 1211 1446 renovatio
1220 1402 1284 1446 esse

239 1477 361 1548 uidetur,
378 1474 523 1548 praesenti
537 1473 778 1533 rationalistarum
792 1474 953 1548 progressui
968 1471 1205 1531 accommodatae.
1217 1471 1283 1538 Oni-

238 1561 293 1619 bus
307 1574 373 1617 vero
389 1557 464 1616 vitiis
479 1563 577 1630 peccet
591 1557 758 1630 singillatim
773 1557 976 1615 indicabimus.

275 1642 426 1715 Principio,
447 1641 512 1714 plus
531 1657 620 1714 aequo
637 1642 824 1714 psychotogos
849 1641 1006 1714 generatim
1026 1644 1124 1711 vexat,
1147 1643 1232 1712 atque
1246 1639 1282 1697 iis
1373 1642 1375 1669 l

232 1727 365 1799 ..aspergit
375 1723 504 1795 maculis,
518 1723 649 1796 aquibus
663 1725 793 1797 plerique
802 1740 902 1783 eorum
911 1723 1018 1796 detergi
1027 1727 1151 1796 possent.
1164 1723 1194 1781 Si
1203 1723 1282 1781 enim

237 1811 375 1869 sensistao
386 1808 445 1864 veri
455 1807 578 1864 nominis
589 1807 779 1880 excipiantur,
789 1807 839 1880 qui
849 1808 1044 1881 philosophiae
1053 1805 1191 1865 radicitus
1199 1806 1282 1864 vitia·

238 1899 282 1952 tac
293 1893 394 1950 merito
404 1896 575 1964 arguuntur,
592 1890 696 1964 reliqui
706 1891 833 1950 saniores
843 1892 943 1949 saltem
953 1889 1118 1964 psychologi
1133 1889 1216 1962 longe
1229 1889 1281 1948 ab·

237 1981 304 2034 sum
311 1975 346 2032 ab
354 1973 507 2046 erroribus,
518 1988 589 2046 quos
597 1973 718 2032 Giohcrti
729 1975 766 2033 ad
776 1990 860 2036 suum
871 1980 995 2048 systema
1005 1973 1184 2032 suadendum
1193 1988 1281 2046 exag-

236 2067 325 2132 gerat.
339 2059 397 2116 Nou
407 2057 484 2115 enim
495 2057 685 2114 communiter
699 2058 741 2115 sie
754 2058 789 2115 ad
803 2058 962 2116 subiectum
972 2057 1099 2129 cogitans
1109 2057 1281 2129 contempla-

238 2142 343 2199 tionem
358 2145 500 2212 revocant,
518 2147 552 2197 ut
564 2140 631 2198 iude
645 2140 818 2214 principium
835 2141 997 2199 effectivum
1012 2139 1150 2197 scientiae
1163 2145 1192 2197 et
1205 2139 1282 2197 idea·

236 2239 301 2281 rum
316 2225 445 2282 exhiheri
465 2228 579 2296 putent;
602 2224 650 2281 sed
666 2225 861 2296 suimetipsius
882 2224 1098 2295 conscientiam,
1116 2223 1153 2281 ad
1170 2238 1282 2296 proces·

215 2321 301 2380 ¹sum
324 2305 550 2380 philosophicum
574 2307 649 2379 quod
667 2307 777 2378 attinet,
801 2313 948 2380 tamquam
968 2307 1096 2380 primam
1120 2306 1235 2380 aliquod
1252 2308 1282 2364 in

236 2391 335 2448 ordine
349 2391 443 2464 potius
454 2389 655 2464 chronologico
666 2405 754 2463 quam
769 2391 860 2464 loquo
874 2390 1060 2448 constituunt.
1073 2383 1156 2456 Quod
1165 2390 1211 2448 vel
1221 2388 1282 2463 ipse

237 2475 384 2546 cortesius,
402 2475 467 2532 licet
481 2489 583 2546 parum
594 2473 649 2531 sibl
665 2473 855 2546 consentiens,
873 2473 995 2532 voluisse
1009 2473 1066 2531 dici
1080 2477 1188 2546 posset;
1200 2474 1281 2546 quip

236 2574 273 2632 pe
288 2561 337 2633 qui
351 2564 501 2632 postquam
511 2572 541 2614 se
556 2557 679 2628 cogitare
693 2562 722 2614 et
732 2556 855 2615 existere
869 2556 1079 2628 animadvertit,
1096 2557 1231 2615 continuo
1245 2557 1281 2614 ad

240 2643 328 2714 ideas,
340 2657 411 2715 quae
421 2642 517 2699 animo
527 2641 650 2712 inerant,
662 2641 801 2698 obiective
812 2638 1044 2714 contemplandas
1054 2644 1179 2698 mentem
1190 2645 1281 2698 trans

238 2727 313 2784 lerre
327 2725 483 2795 contendit3
501 2725 531 2782 in
554 2739 612 2797 qua
634 2724 871 2797 contemplatione
892 2739 950 2782 non
972 2728 1030 2782 tam
1050 2722 1209 2782 subiectiva
1226 2722 1281 2782 ele-

237 2815 342 2880 ruente,
359 2823 445 2880 quam
459 2808 599 2867 obiectiva
612 2807 707 2880 potins
723 2807 904 2881 conquisivit.

273 2893 327 2951 Sed
342 2891 481 2965 quidquid
500 2892 535 2950 de
556 2890 679 2949 Certesio
701 2896 752 2949 aut
772 2890 836 2948 aliis
857 2891 903 2963 sit,
921 2905 1043 2964 quorum
1062 2890 1190 2949 defensio
1208 2888 1281 2948 nihil

238 2977 272 3032 ad
294 2975 442 3032 scientiam
465 2975 596 3047 interest,
619 2975 718 3048 procul
736 2973 822 3033 dubio
842 2979 945 3033 natura
962 2974 1089 3033 methodi
1104 2972 1283 3047 psychologi-

238 3075 289 3118 eae
307 3073 412 3131 perse,
429 3059 511 3116 modo
528 3059 582 3116 rito
603 3063 766 3132 usrrrpetur,
787 3059 871 3131 notis,
893 3073 964 3131 quas
985 3057 1026 3115 illi
1044 3055 1168 3116 (lidberti
1182 3055 1283 3129 appin-

238 3141 288 3214 git,
313 3140 391 3199 inuri
405 3156 462 3199 nou
478 3141 571 3199 debet.
589 3141 648 3208 Qua
665 3142 696 3197 in
715 3157 756 3213 re,
773 3157 810 3198 ue
829 3140 952 3200 nimium
970 3154 1066 3213 vager,
1087 3139 1143 3197 duo
1165 3139 1281 3197 adnoto.

238 3225 380 3297 Primum,
404 3240 438 3282 ea
456 3223 589 3282 methodo
612 3224 799 3282 reflexionem
820 3223 917 3281 induci
941 3223 1099 3296 generatim
1119 3224 1280 3294 acceptam,

238 3313 322 3380 prout
341 3307 464 3365 reditum
479 3306 583 3364 mentis
597 3321 655 3364 nou
672 3307 703 3362 in
719 3306 793 3364 solas
807 3305 896 3364 animi
909 3305 1134 3364 modificationes
1147 3303 1281 3375 adstmit,

240 3393 289 3448 sed
306 3391 335 3449 in
346 3391 523 3464 cognitiones
538 3403 645 3460 omnes,
658 3389 751 3462 quoad
760 3389 878 3462 obiecta,
891 3404 964 3462 quae
978 3390 1114 3461 referunt,
1124 3389 1280 3461 inspectas.

237 3475 352 3546 Deinde,
376 3475 400 3532 si
420 3491 436 3532 a
455 3472 679 3533 consideratione
703 3473 748 3530 sui
770 3477 799 3529 et
817 3473 946 3531 idearum
963 3473 1120 3531 subiective
1139 3473 1282 3544 inspecta·

238 3572 303 3613 rum
319 3559 525 3616 exordiendum
540 3555 690 3630 praecipit,
708 3555 747 3625 id,
763 3560 796 3612 ut
809 3556 880 3628 dixi,
897 3555 1003 3629 aliquid
1013 3555 1282 3629 chrortoiogicepri-
1373 3546 1375 3607 ἶ

239 3653 328 3710 marm,
347 3657 405 3700 non
424 3657 490 3700 uero
506 3641 601 3712 topice,
618 3639 649 3697 in
661 3637 818 3696 rellexioue
839 3639 993 3697 constituit.
1011 3639 1187 3699 Conscientia
1201 3639 1283 3696 enim

239 3721 379 3781 eiusmodi
400 3740 458 3783 non
472 3723 638 3799 proponitur
653 3727 799 3794 tamquam
816 3723 979 3781 lons-totius
993 3722 1171 3782 certitudinis
1184 3727 1214 3780 et
1223 3721 1283 3780 evi·

239 3805 361 3878 dentiae,
379 3807 428 3864 sed
443 3813 588 3881 tamquam
602 3809 682 3864 achas
696 3804 836 3878 praehens
850 3812 1012 3865 concretam
1026 3807 1187 3879 materiam,
1203 3805 1284 3864 eirca

239 3902 326 3962 quam
344 3889 470 3962 primum
492 3888 691 3962 contemplatio
701 3888 820 3951 reflexa
837 3895 1014 3951 exerceaau.
1030 3890 1095 3962 Seu,
1111 3892 1144 3948 ut
1160 3887 1202 3948 ait
1219 3888 1283 3949 Bal-
