2767 4492
1 555 12 608 s
114 532 242 607 operanti
263 532 338 608 quod
358 529 517 604 expeditior
537 534 565 591 et
588 527 708 596 celerior
728 528 779 597 red

593 317 594 320 ,
637 278 664 324 rc
1125 261 1142 324 p

114 358 281 438 peditiorem
294 355 516 436 celerioremque
530 271 917 436 etnffglnodr'n'oparauamn
930 361 1085 441 prgppipmj
1099 251 1163 427 mg

114 447 202 523 porei.
219 447 249 510 id
264 445 457 514 verebamini
472 443 663 506 emotumento
679 449 736 516 ,est3
757 443 896 586 signidem
911 444 1103 512 emolumento
1117 447 1162 511 est

801 535 865 597 atur
885 546 956 596 psus
977 527 1161 608 instrumenti

114 617 189 690 qnod
200 615 316 680 adhibet
328 615 357 678 ht
372 612 585 693 operationibus
599 611 673 686 suis3
692 627 747 678 trec
765 611 915 688 qnisquam
931 615 1044 688 ignorat
1058 629 1161 688 corpus

114 702 232 774 eiusque
255 715 363 773 organa
388 698 497 766 homiui
512 697 577 758 data
597 711 659 758 esso
676 702 822 772 nmquam
837 691 1036 770 instrumenta,
1056 696 1161 775 quibos

115 785 338 860 adoperandum
353 789 458 848 utatur.
475 781 751 856 Quererigidissima
764 781 835 847 haec
846 779 1003 850 Stoicorum
1020 781 1158 857 doctrina,

115 875 210 944 utpote
227 876 346 932 naturae
371 867 513 931 contraria
532 872 560 926 et
575 865 755 942 passionibus
779 865 956 940 expellendis
976 863 1082 940 inepto,
1101 882 1161 931 non

114 953 191 1012 aliud
206 953 320 1018 induxit
338 953 369 1015 in
384 968 449 1015 suos
468 956 622 1018 sectatores
641 951 699 1010 nisi
714 949 888 1026 hypocrisim
903 955 932 1010 ct
945 949 1097 1011 ridiculam
1112 965 1160 1011 ro·

115 1053 182 1108 enm
197 1039 365 1098 novitatem.

150 1123 218 1185 inde
242 1134 335 1185 tameo
358 1137 415 1182 non
434 1119 563 1199 sequitur
586 1119 764 1198 probandam
785 1135 848 1183 esse
870 1119 1014 1193 insaniam
1034 1115 1162 1186 toariert

115 1205 292 1280 aliorumque
312 1205 372 1281 qui,
393 1205 417 1264 si
438 1205 669 1282 supersapere,
686 1205 781 1267 carnis
805 1205 998 1280 redemptores
1022 1199 1160 1280 appellari

111 1291 219 1354 retunt.
241 1291 309 1350 itam
329 1291 486 1370 passiones,
507 1295 603 1372 utpote
618 1306 655 1348 ex
672 1305 811 1352 sensuum
831 1288 1057 1364 apprehensione
1071 1301 1161 1349 emer·

115 1381 222 1448 gentos,
245 1390 294 1451 per
308 1391 338 1435 se
358 1390 459 1434 caecae
474 1380 540 1435 sunt
554 1381 583 1434 et
597 1375 727 1434 ordinem
743 1389 801 1434 non
816 1373 990 1449 percipiunt3
1008 1372 1057 1434 sed
1071 1387 1162 1446 ouan-

116 1464 176 1522 tnm
189 1465 308 1534 possunt
322 1460 356 1524 ad
374 1460 517 1534 peculiare
533 1477 617 1525 suunt
638 1460 780 1520 obiectum
797 1460 882 1520 unice
896 1459 1062 1536 affiguntur.
1081 1448 1162 1523 Unde

114 1542 201 1609 etiam
221 1543 251 1602 in
267 1559 317 1605 suo
332 1551 411 1605 motu
427 1544 515 1606 limite
537 1549 650 1618 careum
668 1544 848 1620 potissimum
862 1543 894 1610 in
914 1541 1041 1615 bomine,
1059 1540 1090 1602 in
1105 1556 1162 1616 qno

77 1637 81 1643 ·
114 1626 382 1702 propterinttuxum
398 1629 485 1702 partis
507 1629 708 1702 intellectione,
725 1627 868 1692 obiectum
884 1625 1049 1702 passionum
1064 1623 1163 1687 indetr-

114 1710 205 1778 nitam
219 1713 374 1792 quamdam
393 1712 610 1788 amptitudinem
636 1719 664 1772 et
681 1712 860 1780 durationem
885 1709 988 1780 induit.
1012 1705 1113 1782 Quare,
1133 1707 1159 1769 si

115 1792 205 1854 libera
220 1793 385 1862 ittistraeua
400 1796 548 1870 texentum
560 1813 618 1862 non
634 1796 816 1868 sniumundo,
827 1793 992 1877 otthonum
1002 1799 1045 1854 est
1058 1791 1163 1853 mentis

115 1885 143 1938 et
166 1879 231 1944 duis
251 1881 360 1946 homini
378 1897 395 1943 a
411 1888 514 1948 nature
528 1882 697 1958 propositus,
714 1881 831 1942 omuino
846 1877 1012 1953 destruitur,
1028 1877 1078 1938 sed
1095 1877 1159 1952 ipsa

114 1963 246 2030 animatis
260 1966 318 2032 rite
331 1967 539 2048 pessumdatur.
557 1967 633 2036 Quod
650 1966 721 2027 adeo
740 1981 839 2035 rernm
855 1969 907 2038 cst.
924 1970 956 2028 nt
970 1963 1071 2035 brutis,
1084 1965 1162 2038 'quae

114 2047 150 2108 ob
166 2049 285 2111 rationis
298 2051 456 2112 carentiam
477 2051 623 2125 passiones
638 2051 772 2118 ordinare
787 2049 902 2125 propria
918 2048 1023 2111 uirtute
1039 2063 1096 2112 aun
1112 2063 1160 2121 po·

115 2137 217 2206 terant,
239 2139 341 2193 natura
361 2134 520 2208 providerit
543 2135 692 2206 instinctu,
709 2134 759 2211 pai
773 2149 822 2194 eas
835 2133 927 2205 limite
951 2132 1047 2208 aliquo
1067 2131 1162 2206 quoad

115 2223 227 2290 tempus
237 2218 395 2282 durationis
408 2223 437 2278 et
450 2219 566 2279 modum
582 2219 712 2283 exercitii
728 2218 844 2294 physice
859 2217 1056 2292 adstringeret.
1072 2215 1163 2276 Atho·

114 2302 196 2375 mini,
213 2303 262 2378 qui
273 2303 391 2372 rationis
401 2309 444 2362 est
457 2305 608 2380 particeps,
620 2304 778 2370 consimilis
787 2304 953 2367 oeconomia
967 2305 1087 2367 minime
1098 2319 1173 2374 com,

114 2387 481 2460 grunhat.1senimdirina
497 2390 561 2450 tuce
578 2391 706 2466 rationis,
728 2407 785 2473 pua
799 2392 930 2463 donatur,
946 2391 1053 2470 optime
1071 2394 1163 2463 potest

115 2477 250 2546 concepto
275 2474 374 2535 ordine
394 2475 542 2549 passiones
563 2475 685 2551 diripere
710 2482 740 2537 et
761 2482 929 2550 temperare,
952 2480 1011 2532 tum
1030 2479 1162 2546 respectu

115 2555 218 2618 obiecti
233 2555 308 2618 circa
318 2559 394 2634 quod
404 2559 575 2636 excitantur,
589 2567 649 2630 tom
664 2567 796 2636 respectu
807 2560 885 2623 modi
898 2556 1071 2625 redebitum
1083 2571 1161 2622 men·

116 2656 212 2704 suram
225 2644 374 2708 excedant.
386 2644 464 2714 Quod
478 2647 502 2706 si
517 2645 547 2706 tn
562 2645 616 2707 hoc
631 2662 728 2728 pugna
738 2661 823 2724 saepe
834 2659 892 2704 non
908 2642 978 2727 teris
993 2639 1160 2702 sustinenda

114 2731 169 2800 est;
186 2729 284 2803 procat
297 2729 384 2790 dubio
397 2731 445 2791 hic
463 2731 524 2808 ipse
540 2731 689 2794 condictus
711 2732 741 2797 in
758 2743 895 2802 magnum
909 2725 1035 2786 hominis
1055 2723 1161 2785 emptu·

113 2815 243 2872 mentum
257 2812 405 2874 redundat.
424 2814 533 2875 Exinde
555 2815 632 2882 euim
648 2814 827 2888 potissimum
842 2809 970 2882 exstrrgit
985 2809 1034 2870 itta
1044 2808 1158 2869 virtutis

114 2893 264 2968 palaestra,
280 2911 353 2970 quae
366 2897 475 2964 homini
490 2898 519 2964 in
534 2897 588 2961 hac
603 2897 662 2962 rita
680 2898 716 2962 ad
731 2896 900 2962 merendum
918 2893 1061 2973 proposita
1076 2897 1162 2956 estet

115 2977 332 3046 destinationem
355 2979 417 3040 eius
441 2979 630 3054 inpraesenti
652 2981 807 3043 constituit.
833 2980 982 3040 Passiones
1002 2978 1089 3054 igitur
1107 2994 1159 3053 pro

114 3060 253 3128 libertatis
264 3077 316 3124 usu
333 3062 369 3122 ad
383 3062 491 3124 bonum
502 3069 531 3122 et
543 3063 651 3144 matuta
663 3065 789 3140 torqueri
804 3070 931 3142 possum,
942 3070 971 3125 et
984 3064 1094 3130 homini
1112 3063 1161 3125 da·

116 3151 161 3204 tae
180 3151 248 3206 sunt
267 3151 413 3225 tamqnam
431 3148 619 3210 dominatibus
643 3151 720 3226 equi,
740 3156 772 3213 ut
786 3149 868 3225 qnasi
882 3150 914 3208 in
931 3165 1033 3227 gyrum
1048 3149 1159 3220 ductae,

115 3230 268 3309 traeuoque
292 3232 441 3309 edomitae,
467 3233 586 3300 rationis
609 3233 726 3297 seruitio
751 3235 1010 3299 accommodentur.
1028 3233 1083 3297 sed
1102 3232 1161 3294 iam

1 3361 2 3366 1
113 3331 266 3391 pergamus
277 3316 313 3380 ad
328 3318 414 3379 aliam
425 3325 535 3396 partem
551 3320 710 3396 propositae
726 3320 911 3398 quaestionis.

151 3399 195 3466 tt.
220 3401 366 3466 Passiones
389 3403 511 3464 induere
530 3410 648 3484 possunt
669 3404 699 3466 in
729 3411 825 3472 actum
845 3403 996 3467 voluntatis
1020 3407 1161 3482 maternus

115 3487 277 3545 vehementi
302 3489 532 3566 coucupiscentia
553 3491 674 3554 alicuius
699 3490 767 3557 boni
790 3505 907 3561 sensnm
922 3487 1098 3561 oblectantis,
1115 3487 1161 3548 uel

116 3571 225 3644 trepida
240 3573 308 3646 tuga
329 3573 365 3632 ab
382 3573 477 3648 atiquo
491 3575 572 3647 gravi
585 3583 614 3634 et
624 3575 785 3634 imminenti
800 3575 875 3634 mato
885 3573 1023 3633 indicium
1039 3571 1159 3631 rationis

116 3654 282 3732 obscurent;
304 3663 354 3716 aut
366 3657 569 3728 voluntatatem
585 3658 621 3716 ad
640 3659 747 3734 atinum
768 3658 903 3732 adiiciant,
920 3657 996 3737 ptrod
1010 3656 1060 3716 itta
1078 3671 1160 3732 secus

115 3747 302 3802 aversaretur·
319 3743 397 3804 Unde
411 3743 465 3802 sub
479 3743 534 3803 hoc
548 3749 675 3817 respecta
687 3743 723 3802 ad
733 3743 995 3818 concupiscentium
1010 3747 1038 3800 et
1046 3749 1160 3802 nutum

116 3821 214 3888 reduci
223 3825 323 3889 soient.
340 3827 469 3906 htprobe
483 3827 695 3890 observandum
709 3833 766 3906 est,
786 3824 1091 3906 concupiscentiarum
1106 3842 1161 3892 cn·
