2767 4492
511 310 589 356 mars
608 310 751 355 utrumn
1101 300 1154 361 illst

134 398 274 473 Principio
298 394 551 456 animadvertimus
576 399 664 453 totam
682 394 737 453 hac
757 394 787 453 io
803 410 834 455 re
858 396 1059 456 confusionem
1085 398 1153 459 indo

100 486 255 561 prolectam
278 499 354 556 esse,
377 482 451 555 quod
470 480 588 539 iuristae
610 479 652 537 illi
676 480 786 537 Statum
802 480 951 554 politicum
966 482 1154 557 cogitaverint

102 578 247 646 tamqnam
261 566 468 643 omnipotentia
483 566 607 640 quadam
622 566 805 640 instructum,
823 567 853 626 vi
868 567 951 627 cuius
965 568 1029 627 iura
1044 571 1151 643 omnin,

102 672 174 732 quae
188 656 299 715 civibus
314 654 472 726 inhaerent,
489 650 641 726 progignat
655 656 870 727 conservetque.
887 652 917 713 ld
927 658 1022 714 autem
1037 653 1154 715 falsissi-

106 757 187 800 mum
203 748 257 801 est.
597 776 601 781 -

137 828 208 885 llam
223 828 316 886 Status
330 826 423 887 civilis
437 840 496 884 uon
510 822 585 882 aliud
603 822 659 881 sibi
673 822 810 897 vindicat,
827 824 884 884 nisi
906 828 938 883 ut
951 840 1053 899 pacem
1069 830 1155 886 terre-

103 928 170 971 nam
186 917 214 970 et
232 911 371 971 iustitiam
391 911 466 969 inter
479 908 571 967 socios
586 914 731 981 procuret,
749 909 797 966 sed
822 908 914 967 multa
937 910 1000 969 iura
1021 912 1156 972 subaudit

103 999 161 1057 iam
177 997 351 1068 exsistentia,
377 996 481 1069 qulbus
501 1010 560 1053 nou
574 994 719 1052 internam
735 994 795 1052 vim
809 993 861 1052 sed
877 1001 1027 1054 externam
1043 1003 1154 1055 tontum

105 1081 222 1142 tutelam
246 1082 382 1155 impertit.
406 1080 466 1147 Qua
486 1079 517 1137 in
536 1094 568 1137 re
591 1084 623 1137 ut
646 1094 727 1137 error
745 1080 865 1152 vitetur,
884 1080 1093 1154 dispiciendum
1113 1088 1157 1140 est

104 1168 186 1226 euius
200 1167 313 1239 generis
328 1165 387 1223 sint
400 1164 464 1221 iura
478 1164 629 1237 dequibus
644 1163 747 1235 agitur.
767 1164 881 1222 Praeter
891 1165 969 1223 enim
986 1166 1049 1224 iura
1065 1168 1154 1225 socin-

105 1254 152 1324 lia,
164 1268 238 1325 quae
248 1268 285 1309 ex
296 1251 371 1308 iacto
386 1250 534 1308 societatis
548 1249 679 1323 politicae
693 1253 877 1322 enascuntur,
890 1249 994 1307 adsunt
1004 1250 1156 1310 iuramero

104 1336 301 1406 iruliridualia,
318 1335 422 1393 adsunt
441 1334 504 1392 iura
526 1333 691 1405 domestica,
712 1333 816 1392 adsunt
830 1332 893 1391 iura
914 1334 1065 1408 religiosa,
1083 1352 1156 1409 quae

106 1423 235 1480 altiorem
250 1425 278 1477 et
292 1435 309 1477 a
323 1419 456 1478 societate
477 1418 554 1476 cirili
575 1418 815 1491 independentem
830 1417 939 1475 habeut
957 1419 1107 1491 originem.
1124 1420 1156 1478 ln

107 1508 177 1564 llaec
192 1521 222 1563 se
237 1505 365 1577 ingerere
381 1504 473 1562 ciuilis
493 1508 617 1577 potestus
635 1502 756 1561 minime
775 1507 876 1577 potest,
895 1503 966 1577 quin
981 1503 1012 1561 iu
1032 1504 1156 1563 alienam

12 1664 15 1670 Ι
108 1590 350 1663 segetem‘ialcem
365 1586 486 1661 inliciat;
504 1588 553 1646 sed
570 1602 619 1646 eos
634 1587 709 1646 solos
724 1594 869 1661 respectus
888 1587 980 1661 quoad
994 1588 1043 1646 illa
1061 1589 1157 1647 mode·

107 1683 197 1746 ratur,
213 1675 263 1748 qui
277 1690 314 1731 ex
324 1673 426 1731 iisdem
440 1679 589 1747 tamquam
604 1672 712 1731 surculi
723 1672 759 1730 ab
775 1672 870 1731 radice
885 1678 1050 1732 enascentes
1065 1674 1159 1732 ordini

108 1760 186 1819 cirili
208 1775 239 1817 se
255 1759 437 1830 interserunt,
466 1764 551 1832 atque
573 1757 637 1817 ideo
652 1757 752 1815 civiles
772 1757 890 1816 ellectus
910 1764 1057 1817 vocantur.
1078 1758 1158 1817 Tales

108 1849 177 1903 sunt
191 1860 238 1901 ex.
254 1858 296 1915 gr.
313 1842 438 1900 conlinia
459 1842 606 1916 potestatis
620 1848 764 1916 paternae,
782 1842 810 1899 ui
825 1847 944 1901 naturae
958 1843 1097 1902 nonsatis
1112 1844 1159 1901 tle·

110 1928 281 1999 terminata,
301 1927 369 1985 ordo
394 1927 582 1985 successionis
607 1926 637 1984 in
661 1926 836 1985 haereditate
858 1928 1015 2002 capienda,
1043 1934 1156 2003 tempus

108 2012 310 2086 emancipandi
331 2012 414 2084 lilios,
440 2012 528 2070 tutela
551 2010 667 2085 publica
682 2010 854 2083 coniugibus
869 2012 1039 2085 praestanda
1054 2018 1082 2071 et
1100 2014 1157 2071 alia

109 2096 283 2160 huiusmodi.
299 2095 510 2173 ltispraeiactls
520 2099 687 2169 sequentem
697 2094 1156 2173 constabilimuspropositionem.

538 2262 729 2326 Pnorosrrro.

165 2437 402 2510 Matrimonium,
415 2436 536 2511 exeeptis
552 2434 694 2511 effectibus
709 2450 788 2494 onero
802 2435 947 2510 etutlttnr,
957 2436 991 2497 in
1006 2438 1105 2499 ceteris

397 2525 533 2602 potestati
551 2522 632 2583 ciuili
650 2519 874 2581 constrictior.

148 2700 234 2759 Prob.
250 2701 275 2759 t.
292 2700 394 2774 Nequit
408 2697 509 2758 subiici
525 2696 657 2771 potestati
672 2695 751 2755 civili
765 2694 804 2767 id,
818 2693 894 2771 quod
909 2694 945 2753 ad
960 2692 1024 2753 iura
1037 2694 1163 2768 pertinet

108 2802 191 2846 mere
210 2786 374 2856 domestica,
392 2782 562 2857 personalia,
574 2781 719 2855 religiosa.
734 2780 816 2853 lltqui
829 2780 882 2837 tale
893 2782 936 2839 est
947 2780 1164 2839 matrimonium

109 2872 142 2931 vl
158 2874 285 2927 naturae.
302 2870 374 2939 Ergo
390 2875 446 2926 etc.

149 2953 272 3011 Societas
296 2952 388 3010 civilis
409 2950 545 3009 subaudit
569 2951 735 3009 societatem
761 2950 964 3025 domesticam
993 2964 1025 3009 ao
1046 2950 1165 3025 proinde

111 3039 176 3098 eius
186 3038 249 3095 iura
264 3051 321 3095 non
336 3040 422 3109 creat,
440 3035 489 3093 sed
500 3035 630 3107 agnoseit
643 3040 672 3093 et
687 3038 790 3093 tuetur.
809 3036 901 3103 Quare
916 3051 950 3095 ea
965 3036 1072 3109 omnia,
1091 3050 1166 3111 quae

112 3122 150 3180 ad
165 3121 397 3180 constitutionem
413 3120 505 3193 ipsam
529 3118 665 3191 familiae,
683 3124 768 3193 atque
788 3119 850 3178 eius
872 3120 1017 3179 internum
1037 3120 1167 3193 regimen

116 3211 255 3279 spectant,
278 3219 461 3277 nequaquam
485 3202 563 3261 civili
582 3204 713 3276 potestati
738 3203 945 3277 subiciuntur,
968 3204 1110 3278 siqnidem
1124 3204 1165 3278 id,

115 3290 192 3366 quod
209 3295 312 3347 nattrra
326 3305 378 3349 sna
389 3288 530 3347 antecedit
541 3287 628 3360 aliud,
646 3288 843 3361 independens
858 3288 958 3347 abillo
973 3294 1026 3347 est.
1039 3290 1166 3348 lamrero

114 3375 330 3437 matrimonium
347 3375 382 3433 ad
397 3374 493 3448 ipsam
510 3373 740 3433 constitutionem
756 3373 882 3432 familiae
896 3368 1036 3448 pertinet3
1061 3374 1168 3447 quippe

115 3461 192 3535 quod
203 3460 422 3518 tundamentum
437 3464 518 3517 estet
532 3474 650 3531 germen
663 3459 807 3517 societatis
821 3458 1004 3531 domesticae,
1020 3473 1094 3532 quae
1109 3463 1166 3516 sta·

113 3546 168 3604 bili
183 3544 284 3604 unioni
297 3544 393 3601 virum
408 3544 483 3601 inter
497 3549 525 3601 et
538 3544 690 3602 mulierem
704 3543 920 3617 superstruitur.

152 3631 287 3705 Itemque,
304 3630 424 3688 societas
444 3629 537 3687 civilis
551 3629 686 3687 subaudit
701 3644 868 3703 personum,
885 3634 970 3703 atque
981 3629 1045 3688 ideo
1056 3643 1090 3686 ea
1101 3629 1166 3687 iura

114 3722 230 3788 tangere
246 3715 353 3788 nequit,
372 3730 445 3787 elnae
463 3714 693 3787 personalitatem
709 3714 801 3788 ipsam
817 3714 968 3785 attingunt.
986 3714 1121 3786 lamvero,
1131 3721 1164 3770 ut

117 3801 248 3872 superios
259 3798 667 3871 ostendimus,matrimonium
678 3799 714 3857 ad
725 3799 816 3873 ipsam
827 3798 1044 3870 integrationem
1054 3802 1165 3855 eteom·

119 3882 295 3956 plementuru
311 3884 520 3958 personalitatis
534 3884 677 3946 liumanae
699 3884 829 3943 retertur.
847 3883 918 3958 Ergo
939 3882 970 3940 in
985 3898 1016 3943 se
1030 3888 1058 3943 et
1073 3882 1167 3957 quoad
