2767 4492
216 377 269 436 nat
545 372 772 424 unrmnvsrcnre
785 369 933 418 semmam

251 475 285 530 nt
297 466 410 544 inquies
423 467 497 525 banc
511 459 666 524 illationem
679 505 685 533 ,
706 457 843 533 quidquid
864 455 901 513 sit
914 454 949 513 de
962 450 1124 526 principio,
1146 448 1216 509 satis
1229 449 1264 510 ln

216 559 369 632 systemate
383 549 477 622 vitavi,
491 547 599 607 ratione
613 543 738 620 partium
752 542 856 616 quibem
870 540 990 597 censat.
1006 535 1077 595 llam
1090 549 1138 630 pes
1148 540 1264 594 cmatae

216 637 397 698 substantioe
411 633 601 709 appellantur,
617 640 792 702 quamquam
804 622 949 695 relativae3
966 625 994 680 et
1007 623 1219 678 consutuuntur
1233 623 1266 677 ut

218 723 367 782 distinctae
386 718 498 778 intinito
517 712 665 775 intervallo
686 725 704 768 a
722 709 788 768 lieo
807 705 984 766 demetiam
1003 703 1159 762 adstruitur
1171 702 1267 761 libera

218 807 332 872 creatio,
354 817 410 878 qua
425 806 572 860 creaturae
586 813 603 856 c
617 794 708 854 nihilo
721 793 889 852 educantur.
904 789 979 848 Deus
994 787 1116 861 denique
1130 787 1266 860 proponi-

218 897 265 950 tur
277 894 309 948 nt
322 889 452 948 intinitns
466 889 494 945 et
509 879 739 957 simplicissimus
753 882 782 936 et
794 875 926 935 libertate
940 879 1065 932 ornatis.

253 970 504 1045 Fateorequidem
524 965 596 1024 haec
611 967 640 1022 et
654 960 759 1020 similia
771 960 935 1032 frequenter
947 955 1045 1014 verbis
1057 955 1215 1028 inculcari;
1236 959 1267 1013 at

218 1073 284 1117 cunt
299 1057 335 1116 ad
349 1069 448 1114 sorum
462 1054 630 1123 conceptum
645 1043 848 1117 explicandum
867 1039 1035 1106 devenitur,
1054 1044 1165 1097 tantum
1185 1038 1268 1098 abest

219 1147 252 1200 nt
269 1138 428 1215 periculum
443 1132 615 1210 pentheismi
633 1132 821 1198 removeatur,
836 1129 869 1183 ut
881 1125 975 1198 potins
988 1123 1184 1182 confirmetnn
1195 1123 1266 1182 llam

220 1223 395 1284 substantiae
408 1221 473 1280 illae
488 1209 624 1278 relativae
638 1213 764 1273 insidere
779 1211 914 1269 dicuntur
923 1208 954 1268 iu
966 1207 1125 1266 substantia
1134 1206 1229 1281 prima
1238 1211 1268 1265 et

222 1309 359 1380 absoluta,
375 1321 448 1380 unae
458 1301 625 1364 earumdem
639 1299 678 1364 sit
690 1297 814 1355 inlcvum
830 1296 855 1367 ⁴3
875 1299 937 1351 tum
947 1292 979 1350 in
990 1295 1099 1350 tantm
1118 1291 1209 1349 creari
1224 1291 1266 1349 ai-

221 1392 381 1463 firmantur,
397 1390 428 1448 in
438 1392 577 1462 mantum
585 1383 744 1442 redduntur
753 1376 927 1450 individuae3
948 1389 999 1434 seu
1008 1379 1148 1448 quaemus
1156 1375 1187 1432 in
1196 1374 1267 1448 ipsis

220 1475 285 1534 idea
299 1474 439 1550 generalis
452 1469 665 1538 determinatur,
681 1479 755 1538 qnae
769 1463 801 1521 in
810 1460 924 1534 radice,
941 1473 992 1518 sen
1009 1463 1093 1532 prout
1109 1459 1269 1517 intuitione

223 1559 451 1635 apprehenditur,
464 1559 507 1614 est
515 1553 610 1627 ipsum
620 1551 676 1609 bns
687 1548 847 1607 absolutum
857 1559 961 1616 nempe
975 1542 1049 1603 Deus
1064 1543 1089 1601 ².
1105 1541 1195 1601 immo
1209 1559 1267 1602 non

132 1665 143 1684 ’
224 1648 344 1708 obscure
358 1639 534 1702 substantiae
548 1638 603 1695 hae
617 1633 753 1693 relativae
776 1629 953 1704 appellantur
970 1628 1196 1687 modificationes
1209 1627 1267 1702 pri-

223 1745 288 1790 mae
303 1724 496 1795 substantiae,
513 1735 579 1780 cum
594 1722 747 1790 conceptus
764 1727 867 1773 causae
881 1712 1023 1772 secundae
1037 1727 1095 1769 non
1109 1711 1185 1769 aliud
1204 1724 1266 1770 essa

224 1817 344 1883 dicatur,
364 1822 451 1883 quam
464 1803 636 1865 modificatio
650 1803 803 1872 conceptus
818 1811 921 1855 causae
934 1794 1044 1868 primae
1060 1796 1095 1868 ὃς
1115 1801 1268 1868 conceptus

226 1903 322 1956 autem
334 1894 377 1952 rei
391 1906 457 1950 cum
471 1905 502 1948 re
516 1890 579 1963 ipsa
593 1887 670 1946 ident
680 1897 800 1958 prorsus
814 1882 864 1939 liat
879 1883 904 1936 ⁴.

260 1977 366 2038 Deinde
380 1975 487 2034 creatio
501 1989 519 2031 a
534 1969 720 2046 productione
734 1967 883 2025 modomm
897 1964 928 2022 in
943 1968 1053 2022 unbrm
1068 1963 1207 2038 distingui
1222 1979 1266 2022 as-

226 2065 338 2135 seritur,
354 2060 385 2119 in
400 2062 538 2133 quantum
553 2055 626 2114 actio
641 2054 678 2112 sit
691 2065 765 2126 quae
779 2065 797 2109 a
812 2065 899 2109 cansa
917 2052 1085 2107 exerceatur
1105 2063 1156 2121 per
1182 2047 1266 2106 virtu-

272 2247 281 2290 l
305 2245 439 2288 ehennae
458 2242 529 2303 prime
544 2241 556 2285 i
570 2236 669 2285 eziandio
689 2239 788 2280 eostanra
807 2234 887 2295 prima,
904 2233 951 2278 aiod
971 2235 1071 2292 scampno
1089 2231 1145 2276 della
1162 2234 1268 2293 eostam,

228 2342 236 2362 ι
255 2321 345 2382 riepetto
365 2317 407 2363 alle
424 2316 488 2378 quale
506 2313 529 2360 la
548 2327 598 2360 cesa
619 2311 758 2358 eiieltnatab
775 2313 873 2355 eostam
893 2306 994 2382 emenda
1007 2305 1134 2352 solamente.
1151 2327 1159 2348 ι
1177 2306 1267 2353 lettred.

224 2395 268 2443 voi.
284 2395 299 2440 2
342 2392 419 2438 .t88.
658 2439 663 2448 ¹

152 2470 155 2476 ’
270 2471 286 2516 2
301 2429 313 2512 ’e
324 2411 350 2516 lil
365 2465 465 2529 generale
480 2463 617 2524 considerato
631 2461 655 2508 in
670 2464 695 2507 ad
707 2460 827 2506 medasimo
841 2473 854 2504 e
868 2458 926 2504 nella
945 2473 985 2504 ana
1004 2457 1078 2504 radice
1097 2459 1111 2502 b
1129 2456 1146 2502 l’
1157 2457 1213 2503 Ente
1232 2471 1270 2502 ne·

228 2567 237 2588 ι
256 2545 357 2605 macario,
375 2541 472 2602 infinite,
490 2537 626 2598 universale,
641 2534 713 2597 reela,
729 2536 753 2579 in
768 2549 851 2580 sommo
869 2533 936 2593 praelo
951 2532 1099 2594 intelligente,
1117 2531 1269 2594 intelligibile,

221 2643 237 2664 a
257 2626 361 2682 creatore,
378 2621 455 2667 eventa
469 2616 493 2661 in
508 2617 531 2660 ab
546 2613 567 2660 le
582 2613 630 2658 ideo
644 2611 667 2657 dt
682 2611 733 2656 tutti
747 2611 756 2655 i
770 2609 878 2672 possibili,
893 2625 906 2654 e
919 2605 944 2654 la'
955 2609 1013 2656 virtvi
1029 2608 1051 2654 di
1065 2607 1192 2654 eltetumli.
1207 2608 1270 2654 L’in-

229 2717 237 2738 ι
256 2693 385 2742 ‹lividuaiiti
407 2691 546 2750 contingente
561 2690 573 2734 b
586 2687 602 2733 l’
614 2685 734 2747 eeietenza,
755 2684 795 2730 cho
809 2700 854 2730 non
868 2684 960 2730 mundo
974 2699 1002 2729 na
1018 2684 1114 2746 petendo
1130 2699 1201 2730 essere
1217 2682 1271 2729 infi-

230 2792 238 2813 ι
258 2771 316 2833 reita,
331 2771 448 2814 contenire
462 2764 483 2810 la
498 2778 537 2810 aue
551 2761 618 2808 realta
633 2762 656 2807 in
672 2776 703 2806 un
717 2763 787 2822 punto
802 2759 952 2805 determinato.
969 2759 993 2805 Ι]
1004 2759 1118 2806 individuo
1134 2759 1199 2805 linito
1213 2759 1271 2805 tiene

229 2866 237 2888 ι
255 2847 270 2891 il
285 2860 354 2891 meam
370 2843 403 2888 ira
417 2840 489 2886 l'Eute
504 2837 546 2885 eil
563 2838 645 2883 niente.
658 2834 740 2890 Quinti
757 2837 769 2880 d
783 2833 823 2880 ebe
837 2834 864 2879 ad
879 2849 958 2882 averna
972 2834 993 2880 la
1007 2833 1134 2894 cognitione
1145 2835 1165 2880 ai
1175 2834 1271 2881 ricbiede

230 2940 238 2962 ι
257 2920 353 2964 l'intuite
371 2915 421 2962 ‹loll’
430 2921 474 2961 atto
492 2913 598 2974 amative,
614 2910 630 2956 tl
646 2911 710 2972 quale
724 2909 890 2956 individualirra
904 2909 977 2956 l'idea
991 2909 1091 2970 generale
1105 2909 1223 2957 reeandola
1237 2910 1271 2956 al-

230 3014 239 3036 ι
257 2993 385 3038 l'eeietenna.
401 2987 594 3036 Indiuidualizeare
608 2989 620 3032 ὁ
636 3001 717 3033 creare.
738 3007 747 3027 ι
766 2987 801 3032 lb.
817 3001 841 3047 p.
858 2985 912 3031 2tt.

275 3068 304 3112 ,lc
319 3065 425 3111 inierint:
447 3061 608 3110 eb’individue
623 3063 635 3106 ὲ
649 3064 773 3107 veramente
786 3059 925 3106 l’attnariene
939 3059 991 3106 dell’
1001 3061 1069 3122 ielea3
1086 3075 1122 3108 ma
1135 3060 1202 3108 l'velea
1217 3063 1230 3106 b
1245 3061 1272 3107 ad
1297 3053 1301 3058 ’

232 3162 240 3184 ι
259 3157 290 3186 nrt
308 3144 380 3201 tempo
397 3137 412 3183 l’
423 3141 544 3184 attuarione
561 3135 612 3182 eell’
623 3135 755 3198 individue,
772 3135 866 3182 seconde
882 3135 898 3181 l’
908 3135 1090 3197 interpretatione
1105 3136 1144 3198 pit
1158 3135 1273 3198 probabile

233 3237 241 3258 a
260 3215 317 3262 lette
337 3213 432 3260 dottrina
452 3209 600 3274 aristoteliee3
623 3211 711 3272 piaocbb
723 3210 745 3257 la
759 3211 827 3256 realtb
843 3225 944 3273 suprema
957 3211 982 3255 in
998 3209 1071 3272 quella
1088 3226 1101 3256 a
1117 3225 1162 3256 non
1175 3210 1200 3255 in
1214 3225 1274 3271 qne-

232 3312 241 3332 ι
260 3298 293 3336 eto
308 3293 319 3335 d
333 3291 422 3351 riperta.
445 3286 527 3343 Quinti
542 3289 554 3332 d
569 3286 608 3332 ebe
622 3285 644 3331 la
660 3286 729 3332 reniti
744 3284 879 3333 individuale
898 3301 943 3331 non
958 3288 970 3330 d
984 3285 1012 3331 eia
1033 3287 1071 3331 noi
1084 3286 1163 3333 redata
1177 3284 1273 3346 sempli-

232 3385 240 3408 ι
259 3369 356 3411 cernente
370 3365 394 3408 in
410 3365 433 3408 ab
448 3366 524 3424 almae,
539 3376 575 3407 ma
590 3360 647 3406 nella
663 3375 737 3423 caum,
753 3361 800 3406 eiob
818 3360 927 3407 nell’Ente
940 3359 980 3406 ebe
995 3360 1016 3406 la
1031 3375 1079 3407 crea
1093 3377 1106 3406 e
1121 3361 1216 3407 eostiene
1230 3376 1273 3407 eon

232 3458 241 3480 ι
260 3439 377 3486 nn’aeiene
392 3437 494 3483 continua
509 3452 521 3482 e
535 3437 676 3481 immanendo.
696 3455 705 3476 ι
724 3435 771 3481 Huc
787 3435 851 3499 adele,
867 3436 926 3497 qnod
939 3436 962 3481 in
978 3435 1138 3496 Prolepomenia
1155 3436 1203 3482 ait:
1222 3435 1274 3481 elte-

229 3512 327 3558 leelieam
340 3515 364 3559 in
379 3513 496 3564 humentem
511 3513 533 3557 et
546 3510 644 3556 divinam
658 3509 760 3573 dispesci,
772 3510 869 3556 divinem
883 3516 955 3556 antam
969 3525 1019 3556 enm
1032 3512 1142 3557 emtione
1156 3510 1270 3556 oeniandi.

277 3587 291 3631 5
311 3607 319 3626 e
338 3587 434 3632 siccome
448 3586 464 3631 il
479 3589 577 3632 eoncetto
592 3584 649 3631 dalle
660 3585 745 3645 cepioni
759 3585 858 3630 manlio
872 3585 998 3632 recondaria
1007 3601 1020 3631 e
1029 3585 1092 3631 linita
1102 3585 1190 3647 involpe
1199 3584 1274 3647 quelle

235 3678 243 3700 ι
263 3658 284 3702 eli
300 3675 343 3704 una
357 3661 446 3721 capione
459 3661 530 3722 prime
545 3659 650 3720 infinita,
667 3658 694 3704 eti
709 3661 722 3704 b
736 3675 779 3705 una
793 3659 896 3722 seanpiice
909 3662 1029 3707 anemone
1043 3677 1057 3707 o
1071 3661 1235 3708 modificazione
1251 3661 1274 3706 eli

235 3753 244 3774 ι
263 3747 318 3794 esee,
336 3748 363 3780 ne
380 3749 444 3794 segne
463 3733 503 3780 cbe
521 3733 587 3780 l’idea
601 3732 623 3778 eli
640 3734 751 3780 crearione
765 3736 777 3779 b
791 3734 815 3779 in
829 3736 882 3796 operi
896 3751 945 3782 eaeo
960 3736 1105 3798 inseparabile
1119 3735 1147 3782 de
1161 3735 1235 3798 quella
1252 3736 1275 3780 di

235 3827 244 3851 a
263 3807 366 3854 cluniilb
382 3829 401 3853 ι.
421 3812 456 3857 Ii·

277 3885 292 3936 4
310 3903 318 3924 ι
332 3883 388 3946 Oppi
403 3899 452 3930 eoae
466 3887 479 3931 δ
492 3901 523 3931 nn
538 3888 644 3947 concello,
660 3901 672 3933 e
686 3886 738 3950 opni
752 3893 851 3937 concello
865 3893 878 3939 d
890 3904 934 3937 ana
948 3906 1006 3939 eota.
1027 3911 1035 3932 ·
1054 3894 1089 3938 Il.
