2767 4492
297 367 301 374 .
333 333 408 377 raas
422 314 914 378 murra-nmonoo'nuxrunxms
1091 318 1147 376 257

137 417 170 476 lit
179 429 248 476 sane
264 415 300 474 ad
316 421 517 489 argumentum
530 415 723 487 >analogicum
738 417 750 464 t
764 416 840 491 quod
853 416 984 490 pertinet,
1000 414 1088 474 varus
1101 431 1145 474 ra·

100 503 226 562 tionibus
240 501 365 561 ostendit
381 516 439 558 non
459 516 541 575 posse
561 499 744 559 existentiam
763 516 801 560 ex
821 500 1006 574 possibilitate
1020 500 1141 575 deduci,

98 601 194 661 neque
208 586 296 646 solius
311 585 420 644 ordinis
444 583 545 644 idealis
566 583 740 642 adminiculo
759 584 887 642 ordinem
904 586 1012 644 realem
1032 585 1142 644 inferri.

137 672 342 743 Argumentum
358 684 425 728 vero
445 668 667 742 cosmologicum
682 667 714 726 in
733 666 924 740 ontologicum
941 669 1055 729 retundi
1070 687 1144 730 asse-

97 753 147 813 rit.
164 755 202 814 llo
217 754 312 827 enim,
330 759 437 812 statuta
452 752 542 811 semel
562 751 715 810 existentia
729 750 804 811 eutis
825 753 995 823 necessarii,
1012 755 1144 814 continuo

98 839 213 898 adeius
228 838 398 898 infinitatem
414 835 621 896 ostendendam
640 835 817 908 proceditur,
833 833 1012 907 habeturque
1026 838 1145 908 proinde

96 922 170 980 haec
187 922 355 996 propositio:
377 936 426 978 aas
451 920 651 979 accusantum
671 927 711 977 cst
732 916 899 990 infinitum.
922 919 996 976 llaec
1016 934 1083 978 vero
1104 921 1145 980 sic

57 1027 62 1044 ·
97 1006 226 1066 converti
242 1011 334 1079 potest
348 1005 430 1064 iuxta
448 1004 627 1063 dialecticos:
644 1003 800 1077 infinitam
815 1010 855 1060 est
873 1017 922 1060 cos
936 1003 1143 1077 ruccssoriana,

96 1107 149 1149 seu
164 1090 262 1148 astant
277 1088 449 1148 accessorio.
460 1090 493 1145 lt
506 1087 537 1146 in
552 1093 696 1160 postrema
709 1087 765 1146 hac
783 1086 974 1159 propositione
988 1101 1072 1145 nemo
1087 1102 1145 1146 non

95 1175 176 1233 ridet
196 1173 380 1233 existentiam
394 1188 429 1230 ex
448 1172 522 1230 entis
542 1171 696 1230 necessarii
712 1171 826 1229 notione
845 1169 956 1228 deduci.
974 1171 1046 1244 Ergo
1060 1187 1144 1244 argu·

94 1265 229 1320 mentum
250 1257 470 1330 cosmologicum
492 1256 521 1314 in
544 1255 736 1326 ontologicum
751 1254 867 1312 tandem
885 1253 1044 1313 resolvitur.
1061 1257 1142 1314 Prae-

96 1347 178 1418 terea
188 1343 237 1401 lex
252 1341 427 1400 causalitatis
442 1339 557 1398 nonnisi
572 1339 701 1412 regulam
715 1339 870 1412 quamdam
884 1339 1044 1410 suppeditat
1057 1340 1143 1411 plrae-

93 1440 297 1498 nomenorum,
310 1430 339 1482 et
351 1425 482 1482 ordinem
498 1424 647 1481 dumtaxat
662 1422 853 1481 subiectirum
868 1421 994 1495 respicit.
1007 1422 1076 1480 Cum
1090 1423 1143 1497 igi·

95 1516 145 1568 tur
160 1509 197 1567 ad
213 1508 396 1568 existentiam
417 1507 594 1566 inserendum
614 1506 784 1579 assumitur,
807 1505 980 1579 principium
1001 1505 1142 1579 reputati·

91 1609 169 1651 oum
185 1593 215 1652 in
229 1593 452 1651 coristttuttmtnt
472 1595 676 1650 transmutatur
689 1610 696 1664 ς
714 1591 767 1650 lroc
782 1595 876 1648 autem
896 1589 1040 1663 subreptio
1055 1605 1140 1663 quae·

92 1677 163 1734 dam
179 1676 284 1735 mentis
298 1683 342 1734 est
357 1682 386 1733 et
402 1675 522 1734 fallacia.

134 1761 255 1820 Tandem
280 1766 480 1834 argumentum
503 1759 812 1834 physicotlreologicum
825 1775 884 1819 non
897 1759 961 1831 plus
975 1758 1085 1818 roboris
1099 1777 1141 1819 re·

94 1845 176 1904 tinet.
192 1845 263 1904 Nam
277 1845 308 1902 in
326 1845 426 1918 primis
443 1860 479 1902 ex
500 1861 596 1903 rerum
618 1845 717 1903 ordine
740 1845 897 1917 finiumque
922 1849 1058 1903 contextu
1079 1845 1140 1903 exi·

94 1929 199 1988 steutia
213 1943 316 1987 causae
333 1928 453 1986 alicuius
469 1928 511 1988 illi
533 1929 763 1988 accommodatae
778 1929 880 1986 inlerri
895 1934 1006 1986 tantum
1028 1934 1136 2002 potest,

92 2029 153 2071 non
168 2029 235 2072 vero
246 2019 341 2070 certae
357 2012 504 2070 cuiusdam
517 2018 545 2070 et
559 2013 675 2087 quidem
689 2013 820 2072 infinitae
830 2013 1045 2085 intelligentiae.
1055 2013 1139 2071 Dein-

93 2097 130 2155 de
141 2113 175 2155 ea
186 2096 364 2155 ratiocinatio
375 2113 412 2154 ex
428 2096 559 2169 analogia
575 2098 765 2170 quorumdam
779 2104 898 2155 naturae
912 2097 1076 2172 ellectuum,
1089 2099 1139 2172 qui

92 2186 158 2240 arte
166 2181 292 2240 humana
307 2182 493 2254 perficiuntur
503 2182 608 2256 quique
619 2182 837 2255 intelligentiam
848 2183 999 2255 postulant,
1011 2183 1047 2240 ad
1060 2183 1137 2242 idem

9 2309 11 2312 .
90 2265 129 2322 de
145 2262 251 2322 mundo
270 2265 451 2323 inferendum
474 2270 698 2338 argumentatur.
715 2267 820 2324 lterum
833 2265 864 2326 id
881 2266 958 2324 eitici
972 2266 1084 2340 nequit3
1101 2266 1138 2325 si·

89 2348 210 2423 quidem
223 2348 324 2408 mundi
340 2365 397 2408 nou
412 2365 512 2408 omnes
528 2355 631 2423 partes,
646 2354 673 2408 et
688 2364 789 2408 causas
803 2355 966 2424 perspectas
983 2349 1134 2410 habemus.

90 2433 135 2491 Ab
147 2430 295 2492 allectione
310 2432 396 2506 igitur
410 2449 564 2492 causarum
578 2433 660 2492 nobis
670 2439 738 2493 nota
747 2433 784 2492 ad
798 2433 934 2493 obscuras
944 2439 972 2493 et
982 2449 1041 2491 uon
1055 2439 1136 2491 notas

89 2515 276 2589 explicandas
291 2517 392 2591 pergit.
409 2518 536 2591 Denique
551 2517 600 2592 qui
615 2533 648 2577 eo
663 2523 781 2577 utuntur
800 2525 980 2592 argumento,
998 2516 1034 2572 ab
1050 2531 1135 2587 expe·

88 2600 196 2659 rientia
210 2602 323 2674 quidem
341 2603 489 2661 exordium
510 2608 642 2676 sumunt3
659 2602 795 2676 deinceps
808 2617 876 2661 vero
890 2602 983 2674 ipsam
1001 2599 1136 2656 deserunt

87 2692 122 2743 ut
138 2679 174 2742 ad
190 2701 241 2744 ens
255 2687 447 2745 necessarium
469 2689 701 2760 progrediantur,
718 2703 756 2744 ex
767 2702 824 2760 quo
841 2685 928 2744 solius
953 2682 1071 2740 rationis
1086 2698 1136 2756 pu·

85 2783 138 2827 rae
153 2769 325 2829 adminiculo
346 2771 488 2828 inlinitum
503 2773 566 2830 eius
583 2771 788 2844 perlectionem
807 2769 944 2826 inserunt.
960 2766 1032 2838 Ergo
1051 2781 1132 2837 argu-

86 2861 218 2912 mentum
234 2854 543 2929 plrysicottreologicnm
554 2855 589 2910 ad
605 2852 796 2923 ontologicum
810 2851 966 2919 reducitur,
980 2848 1027 2906 cui
1042 2849 1133 2907 solum

87 2936 127 2994 ad
140 2937 379 2996 introductionem
394 2935 547 3007 quamdam
563 2935 691 2992 inservit.

131 3113 141 3156 l
163 3111 320 3169 Argumentum
336 3108 385 3168 hoo,
403 3108 460 3170 quod
475 3123 487 3154 a
502 3108 542 3154 nai
557 3108 605 3154 idm
620 3107 655 3154 vel
671 3106 825 3170 possibilitate,
840 3107 938 3154 eiusdem
952 3109 1088 3154 existentiam
1103 3111 1136 3156 in·

79 3188 133 3247 lert,
150 3185 246 3246 primurn
261 3184 389 3245 excogitavit
404 3186 426 3228 S.
444 3183 568 3243 Anselruus,
585 3182 664 3228 deinde
680 3183 788 3228 Cartesius
804 3188 826 3229 et
840 3183 962 3229 leibnitius
976 3185 1134 3230 instaurarunt.

79 3259 191 3308 cortesius
213 3258 375 3305 epimenides
392 3259 448 3306 entis
465 3274 548 3305 summo
568 3258 658 3320 perlecti
678 3258 815 3304 existentiam
829 3261 861 3305 sic
876 3258 974 3304 derivat:
997 3280 1005 3299 ι
1025 3258 1136 3320 Quidquid

83 3357 93 3379 α
113 3337 136 3382 iu
152 3335 200 3381 ideo
216 3334 275 3380 clara
289 3339 311 3380 ct
325 3335 428 3380 distincta
443 3334 522 3381 obiecti
539 3335 631 3382 alicuius
646 3335 790 3396 continetur,
806 3334 962 3380 affirmandum
979 3333 1005 3379 de
1026 3334 1074 3395 ipso
1094 3338 1134 3379 est.

84 3433 93 3454 a
113 3412 178 3474 xtpai
195 3411 218 3457 in
233 3410 282 3456 idon
297 3411 354 3456 entis
369 3423 453 3458 summo
467 3411 557 3474 perlecti
573 3411 698 3457 continetur
717 3411 850 3474 existentia,
867 3426 929 3457 saeua
945 3427 990 3456 non
1005 3415 1061 3456 esset
1075 3411 1136 3456 eius-

85 3507 93 3528 ·
113 3485 180 3532 modi.
199 3487 254 3548 Ergo
269 3486 313 3531 Ena
328 3503 412 3533 summe
427 3487 547 3550 perlectum
561 3502 635 3533 revers
650 3487 722 3532 existit
739 3507 759 3531 ι.
779 3486 870 3550 (Prisce.
886 3487 948 3548 pttt.
961 3503 984 3549 p.
994 3486 1021 3548 l,
1034 3501 1054 3530 c.
1072 3484 1132 3549 tt).

81 3562 203 3608 Leibuitius
218 3577 269 3608 vero
284 3563 429 3624 possibilitate
444 3564 483 3609 nat
498 3563 587 3610 innixus
601 3564 632 3610 sio
647 3564 790 3610 ratiocinatus
805 3568 849 3610 est:
873 3583 881 3605 ι
899 3562 1006 3610 Possibila
1020 3568 1052 3608 est
1066 3562 1136 3608 Deum

85 3656 94 3678 s
113 3637 222 3698 existero3
239 3637 300 3684 nulla
321 3639 429 3701 siqnidem
445 3641 467 3685 in
484 3639 524 3685 hoe
539 3639 657 3686 involvitur
679 3640 831 3702 repugnantis.
855 3639 896 3686 Sed
912 3641 930 3685 si
946 3640 1003 3686 Deus
1025 3638 1136 3701 passibilis

87 3733 96 3754 ι
115 3717 164 3776 ost,
180 3713 270 3776 existit3
289 3715 478 3762 exisuntia'euim
495 3716 517 3761 in
535 3716 582 3778 ipso
597 3731 645 3762 cum
661 3715 805 3778 possibilitate
826 3715 975 3761 confunditur.
999 3716 1056 3775 Ergo
1077 3714 1135 3760 Deus

86 3807 94 3829 ·
113 3802 190 3850 reapse
206 3788 287 3836 existit.
304 3811 313 3832 ι
334 3790 377 3853 (De
393 3793 418 3839 ta
431 3794 558 3841 demortttr.
573 3794 723 3840 Curtdeieam
739 3793 767 3838 de
782 3793 868 3837 texor.
881 3792 909 3837 ds
925 3789 997 3853 mea)
1014 3791 1055 3853 Op.
1075 3794 1092 3836 t.
1110 3790 1134 3851 2,

899 3937 933 3996 tt
