2767 4492
227 315 279 375 lto
552 321 942 372 xnnmmsrcunsnncurrs

224 412 378 488 applicant.
394 409 437 470 Ex
451 421 506 486 quo
521 415 607 486 patet,
617 425 666 470 eas
680 409 745 468 sine
758 423 900 468 concursu
909 406 1008 482 organi
1024 407 1153 482 corporei
1166 409 1271 470 intrin—

225 513 308 558 secus
322 496 460 569 exerceri,
477 510 511 555 ac
524 510 575 568 pro
585 493 643 554 bne
656 491 763 553 babere
777 508 836 553 non
850 507 953 568 corpus
961 491 1022 566 ,vita
1035 491 1201 552 donandum
1216 495 1269 554 sed

225 583 320 656 ipsum
339 581 469 640 animum
492 579 610 639 scientia
625 584 654 638 ct
667 578 773 638 rirbrte
793 577 1009 654 perficiendum.
1025 577 1099 652 Ergo
1112 593 1206 653 neque
1219 594 1273 654 po-

225 667 326 726 sterior
339 664 477 739 pereundi
491 664 593 724 modus
608 663 640 722 in
654 663 786 723 animum
800 663 941 737 quadrare
954 667 1056 737 potest.
1072 663 1143 722 Cum
1163 663 1269 738 igitur,

226 756 338 822 praeter
347 749 513 822 recensitos,
523 748 621 807 nullus
638 747 737 808 tertius
746 747 848 806 modus
856 747 940 818 adsit,
949 762 1006 820 quo
1014 747 1129 806 animus
1137 747 1270 822 intereat,

226 839 311 907 alque
325 848 423 894 eorum
433 833 504 892 alter
517 848 556 892 cx
570 831 762 906 simplicitate,
774 831 845 890 aller
859 846 897 890 ex
911 829 1110 904 spiritualitate
1123 846 1271 891 removea-

227 924 287 990 tur,
302 916 425 990 animae,
441 923 538 991 utpote
553 916 676 991 simplex
685 921 714 975 et
728 913 894 990 spiritualis,
906 915 986 974 nulla
999 915 1110 976 ratione
1125 917 1272 991 corrumpi

225 1001 271 1061 vel
283 1001 400 1061 interire
415 1015 499 1075 posse
512 1000 650 1060 dicendus
665 1006 717 1060 est.

597 1155 602 1166 '
633 1169 812 1231 Pnorosrnro
826 1170 859 1258 ll,

286 1341 413 1430 Animos
424 1355 444 1400 o
457 1353 576 1415 corpore
588 1347 745 1415 separatae
757 1337 930 1434 spirituales
944 1355 1016 1399 suus
1029 1341 1211 1416 operationes

621 1439 752 1483 acescere
760 1431 871 1499 perpet.

265 1594 325 1654 103.
343 1595 422 1663 duod
436 1594 560 1654 secundo
575 1595 636 1654 loeo
650 1600 712 1654 erat
726 1595 917 1670 propositum,
930 1595 1060 1656 animum
1074 1601 1238 1670 separabam
1251 1613 1271 1656 a

226 1694 343 1754 corpore
357 1680 416 1738 vita
425 1693 487 1738 esse
503 1680 669 1752 frulurmm,
682 1694 721 1737 ex
729 1678 765 1737 iis
776 1693 850 1752 quae
863 1679 1027 1753 dictasunt,
1037 1679 1189 1739 manifeste
1202 1695 1270 1739 cou-

227 1765 364 1839 sequitu'r.
376 1765 446 1824 Nam
457 1764 555 1838 sipost
568 1763 695 1838 corporis
705 1763 920 1823 dissolutionem
929 1779 1083 1822 mansurus
1091 1770 1134 1822 est
1143 1765 1267 1837 animus,

228 1854 418 1909 consentanea
433 1847 488 1907 sibi
505 1849 683 1922 operatione,
701 1847 819 1922 quaein
842 1847 991 1920 cogitando
1009 1848 1064 1907 sita
1084 1852 1140 1920 est,
1155 1847 1270 1906 viduari

226 1931 336 2004 nequit.
353 1931 481 2004 Operatio
496 1932 583 2004 enim,
595 1937 628 1990 ut
642 1932 697 1990 lert
711 1931 839 2005 effatum,
849 1931 1032 1991 existentiam
1045 1931 1181 2005 sequitur,
1192 1937 1222 1990 et
1231 1932 1271 1990 ad

228 2015 290 2074 eius
304 2015 493 2074 conditionem
509 2015 749 2074 accommodatur.
898 2091 901 2095 ,

262 2099 319 2158 Hoc
332 2099 511 2173 potissimum
524 2098 624 2171 elucet,
641 2099 666 2158 si
681 2114 824 2172 quaenam
837 2098 969 2173 cogitatio
983 2104 1103 2174 naturae
1122 2099 1213 2158 animi
1230 2100 1269 2160 sit

226 2184 353 2242 maxime
362 2179 683 2257 propriaconsiderebrr.
693 2183 830 2242 Namnon
839 2184 923 2243 modo
932 2199 1069 2244 sensuum
1077 2190 1269 2259 repraesenta·

226 2269 274 2339 tio,
290 2281 363 2340 quae
376 2281 414 2325 ex
422 2263 608 2338 impressione
626 2265 657 2324 in
673 2265 788 2338 organis
802 2268 878 2324 iacta
894 2267 1009 2341 pendet,
1021 2269 1151 2326 animum
1164 2268 1267 2342 allicit3

226 2351 520 2410 verumetiamrerum
529 2354 588 2406 turn
597 2363 795 2422 corporearum
805 2359 866 2408 tum
871 2350 997 2410 maxime
1004 2365 1063 2409 non
1069 2366 1269 2424 corporearum

225 2435 422 2509 conceptiones
430 2432 680 2507 iudiciaqne‚quae
688 2433 823 2492 sensilem
831 2434 941 2493 nullam
947 2435 1103 2508 imaginem
1113 2434 1170 2492 sibi
1178 2434 1270 2508 impli-

226 2525 301 2577 cent.
316 2519 406 2579 lmrno
418 2532 485 2576 vero
496 2516 581 2575 iubis
593 2516 752 2589 cogitandis
762 2517 959 2590 maximopere
970 2518 1100 2576 activitas
1111 2519 1270 2592 explicatur

225 2603 361 2672 humana,
374 2603 411 2674 ad
424 2615 545 2674 eamque
556 2599 705 2659 scientiam
719 2602 940 2674 comparandam
955 2602 1067 2660 amanus
1081 2602 1269 2661 vehementis-

225 2687 298 2744 simo
317 2699 414 2743 amore
437 2683 589 2758 pellicitur.
606 2682 773 2742 Huiusmodi
792 2690 888 2743 autem
901 2685 1073 2744 intellectiva
1087 2686 1222 2759 operatio,
1238 2688 1271 2742 ut

225 2785 310 2843 saepe
325 2767 462 2840 diximus,
479 2766 590 2826 nullam
604 2767 791 2826 intrinsecum
808 2767 1028 2842 dependentium
1043 2768 1079 2826 ab
1090 2768 1205 2842 organis
1219 2767 1269 2824 ba·

225 2853 283 2926 bet,
300 2854 350 2911 sed
364 2851 425 2910 sola
440 2851 582 2909 activitate
608 2851 698 2910 animi
713 2858 873 2911 exercetur.
891 2851 969 2919 Quod
984 2853 1009 2910 si
1023 2867 1111 2925 nunc,
1126 2853 1196 2911 dunr
1210 2851 1270 2910 ani·

225 2951 291 2994 mus
301 2936 412 3008 corpori
423 2935 591 2994 coniunctus
606 2943 657 3009 est,
677 2951 761 2995 mens
773 2935 1006 3010 imaginationem
1020 2951 1135 3010 semper
1148 2936 1271 3010 pedisse-

227 3035 314 3092 quum
324 3024 352 3076 et
363 3020 444 3092 qnasi
456 3019 654 3078 administram
663 3020 720 3079 sibi
734 3020 874 3094 vindicat3
885 3021 939 3080 boc
954 3037 1012 3080 non
1025 3020 1210 3080 intrinsecam
1224 3021 1271 3078 de

229 3101 421 3177 pendentium,
439 3103 489 3161 sed
503 3103 695 3164 extrinsecam
711 3110 821 3162 tantum
844 3105 991 3179 impostae
1003 3120 1057 3164 nec
1071 3121 1109 3164 ex
1128 3103 1272 3178 cogItatio·

229 3187 275 3245 nis
293 3186 355 3245 eius
374 3191 476 3244 natura
494 3187 544 3246 sed
559 3203 596 3246 ex
611 3189 754 3262 praesenti
772 3195 848 3248 statu
869 3189 983 3248 unionis
997 3189 1125 3248 resultat.
1146 3186 1271 3259 cognitio

229 3271 315 3346 eninr,
326 3285 399 3345 quae
413 3270 444 3328 in
458 3270 577 3329 obiectis
591 3286 670 3331 mere
684 3272 911 3346 intelligibilibus
922 3280 1058 3345 versatur,
1071 3269 1194 3344 corporis
1204 3284 1273 3328 con-

227 3355 401 3415 iunctionem
415 3355 445 3412 vi
459 3369 528 3413 suae
542 3361 662 3414 naturae
672 3371 731 3415 non
745 3358 877 3432 postulat.
895 3357 971 3425 Quae
988 3357 1068 3416 enim
1082 3369 1169 3414 causa
1186 3354 1272 3413 ratio

228 3453 282 3514 qne
297 3440 372 3498 banc
386 3439 583 3498 necessitatem
598 3439 725 3500 efficiens
739 3443 860 3516 proferri
874 3441 985 3514 posset?
1000 3441 1078 3499 Certe
1092 3440 1172 3512 haec,
1184 3453 1271 3511 quae-

229 3537 350 3597 cumque
371 3523 504 3595 tingatur,
521 3523 674 3596 repetenda
693 3531 768 3584 esset
781 3541 819 3583 ex
833 3524 995 3584 conditione
1013 3530 1064 3583 aul
1082 3522 1204 3582 subiecti
1221 3527 1273 3580 aut

229 3606 342 3681 obiecti,
358 3608 434 3681 quod
447 3606 605 3679 attingitur.
621 3607 729 3667 llornm
748 3615 844 3666 autmn
857 3609 930 3666 nibil
944 3609 1033 3668 asseri
1053 3607 1208 3680 prudenter
1221 3620 1271 3678 po·

229 3696 293 3749 test.
310 3692 473 3752 Subiectum
488 3693 565 3750 enim
581 3693 617 3750 ad
631 3693 772 3752 eiusmodi
787 3694 978 3767 cognitionem
992 3692 1163 3753 eliciendam
1177 3691 1214 3749 ab
1227 3690 1274 3748 in·

227 3774 333 3834 fluente
353 3790 470 3848 corpore
489 3774 673 3835 determinari
695 3789 754 3834 non
774 3778 1136 3851 eget:siquiden1eorpus
1154 3773 1272 3834 nonnisi
