2767 4492
421 355 823 406 causamn-cosmopoeia
1109 346 1148 410 at

100 450 208 526 plicatu
221 445 337 506 difficile
351 447 403 504 est.
420 444 491 502 Nam
505 448 537 502 ut
550 443 650 502 modos
669 443 795 517 aliquos,
813 444 863 518 qui
883 445 973 504 menti
992 455 1146 508 occurrunt

99 535 230 601 ianuam,
245 531 276 590 in
291 529 392 604 primis
407 542 474 586 cum
489 543 591 586 causae
608 532 728 599 creatae,
744 532 777 585 nt
789 527 860 586 alies
870 529 974 588 dicturi
988 545 1098 604 sumus,
1115 547 1147 590 0-

99 618 195 692 perari
216 619 378 688 nequeant,
395 613 453 672 nisi
473 617 659 672 concurrente
675 611 731 670 Deo
745 618 830 685 atque
843 613 880 671 ad
893 613 1035 674 actionem
1053 616 1145 689 opitu-

99 702 190 775 lante;
208 701 232 759 si
247 700 321 758 Deus
336 698 482 756 inlluuum
494 701 612 771 negaret
627 712 722 770 suum,
739 698 873 756 continuo
887 713 987 757 earum
1001 701 1074 759 actio
1084 716 1145 762 ces·

99 790 184 847 seret.
200 784 316 855 Deinde,
331 783 355 842 si
369 783 424 842 hoc
437 781 530 842 omitti
540 781 619 854 velit,
636 781 747 856 concipi
760 782 885 856 prolecto
896 787 987 856 potest
1000 785 1083 858 Deus,
1094 787 1146 860 qui

98 871 212 930 infinita
225 871 254 929 vi
264 869 359 942 pollet,
373 867 458 926 talem
472 867 513 926 rei
529 867 615 926 alicui
628 869 678 940 pro
689 871 816 940 tempore
827 866 950 926 tribuere
960 869 1143 944 activitatern,

98 961 130 1016 ut
138 956 245 1015 actioni
254 953 389 1014 contrarii
400 951 510 1026 agentis
519 953 634 1011 resistat
643 951 828 1024 eiusdemque
839 951 991 1010 frustretur
1000 953 1144 1014 ellectum.

97 1042 174 1100 llaec
189 1039 306 1114 qudem
321 1053 402 1097 mens
413 1043 509 1096 nostra
523 1039 628 1112 optime
643 1037 777 1110 concipit.
789 1037 821 1094 ld
835 1052 902 1095 vero
913 1037 1025 1096 abunde
1041 1039 1146 1098 sunsit

97 1133 130 1186 ut
147 1143 166 1185 a
180 1125 327 1184 miraculis
341 1123 482 1182 eiusmodi
496 1124 597 1182 abesse
611 1121 834 1196 repugnantiam
847 1122 1020 1182 ostendatur.
1036 1124 1108 1183 llam
1120 1123 1147 1183 si

97 1217 228 1270 nocuum
244 1208 387 1268 tantidem
396 1209 546 1283 ingenium
559 1208 659 1266 modos
669 1207 780 1280 aliquos
789 1207 939 1279 exceptat,
951 1207 1055 1280 ombus
1068 1208 1147 1267 nullo

96 1296 211 1369 negotio
221 1311 238 1354 a
247 1295 304 1356 Deo
318 1293 458 1352 miracula
472 1297 634 1365 patrentur,
651 1291 742 1348 multo
756 1291 848 1361 magis
857 1305 939 1349 mens
949 1292 1056 1364 diuina
1073 1308 1147 1365 quae

96 1379 211 1439 infinita
225 1378 413 1451 intelligentia
428 1376 542 1446 lruitur,
555 1376 678 1448 aptiores
691 1375 791 1432 modos
806 1375 988 1447 excogitabit.
1000 1375 1146 1447 Perspicu-

95 1479 150 1524 um
164 1467 207 1521 est
217 1463 305 1536 igitur
314 1463 401 1520 etiam
415 1461 446 1518 in
461 1459 586 1518 meando
596 1459 650 1517 hoc
661 1475 731 1518 essu
744 1459 917 1518 miraculum
931 1474 993 1517 esse
1001 1459 1145 1533 possibile.

134 1546 262 1620 Denique
284 1545 455 1605 musculum
471 1544 540 1602 inde
559 1543 659 1602 haberi
678 1544 796 1617 poterit,
814 1544 890 1617 quod
903 1543 981 1616 leges
999 1549 1093 1602 motus
1112 1545 1149 1603 ad

97 1635 211 1705 tompus
225 1630 413 1698 invertantur,
431 1634 480 1687 aut
501 1644 629 1701 corpora,
646 1643 720 1700 quae
736 1629 860 1702 cientur,
877 1629 922 1686 sui
935 1628 1060 1704 impetus
1073 1629 1148 1688 uelo

96 1717 216 1776 citatem
232 1716 277 1774 vel
292 1715 479 1774 directionem
494 1714 656 1772 immutent.
672 1714 720 1772 Sic
734 1713 920 1786 contingeret,
930 1715 955 1772 si
965 1715 1007 1773 eol
1016 1716 1048 1772 in
1062 1729 1147 1788 appa·

95 1801 172 1860 renn'
182 1817 238 1860 ,suo
254 1815 340 1860 cursu
353 1809 509 1859 retrorsum
524 1797 637 1857 cederet
646 1803 697 1856 aut
710 1797 795 1857 illum
809 1798 937 1870 longiore
954 1799 1087 1873 temporis
1101 1800 1147 1858 in-

98 1885 217 1945 tervallo
231 1886 392 1944 conticeret.
413 1885 503 1958 Atque
519 1884 566 1942 hio
586 1883 673 1942 etiam
692 1883 810 1942 effectus
830 1883 911 1942 nulla
924 1899 963 1942 ex
980 1889 1061 1957 parte
1079 1899 1147 1942 cum

95 1969 282 2044 possibilitate
297 1973 414 2043 pugnat,
431 1968 601 2042 praesertim
616 1968 640 2026 si
657 1968 688 2026 iu
706 1983 776 2026 casu
790 1967 916 2040 quodam
932 1967 1070 2040 peculiari
1084 1973 1145 2026 ten·

97 2065 159 2113 tum
173 2054 321 2128 cogitetur.
338 2055 409 2114 llam
423 2058 456 2112 ut
468 2058 573 2126 motus,
590 2051 631 2112 sic
646 2052 734 2112 etiam
748 2053 811 2111 eius
823 2052 902 2125 leges
916 2052 1053 2112 materiae
1068 2068 1146 2126 pror·
1185 2085 1189 2097 ·

96 2155 146 2198 sne
161 2137 332 2197 adventitiae
347 2143 414 2196 sunt
429 2143 513 2210 atque
523 2138 553 2194 in
568 2137 661 2210 ipsam
675 2137 791 2196 aduade
804 2136 958 2210 proiectae.
971 2137 1146 2210 Quapropter

94 2227 128 2280 ut
143 2226 324 2295 praesentes,
341 2222 383 2279 sic
398 2221 487 2278 etiam
508 2221 666 2280 contrariae
688 2228 849 2295 competere
861 2221 904 2281 illi
925 2227 1052 2295 possunt.
1068 2222 1145 2280 lleus

96 2306 196 2379 igitur,
209 2321 247 2363 ex
262 2305 345 2363 cuius
359 2304 498 2363 arbitratu
512 2311 675 2377 manarunt,
687 2305 770 2364 facile
784 2306 886 2379 poterit
900 2306 936 2364 ob
951 2308 1039 2366 linem
1049 2323 1147 2381 quem·

97 2391 167 2448 dam
183 2388 312 2447 altiorem
327 2403 376 2446 eas
391 2389 532 2448 invertere
547 2395 595 2448 aut
608 2405 659 2463 pro
674 2389 763 2449 lubito
779 2391 862 2450 aliter
875 2396 1043 2465 temperare.
1064 2393 1147 2450 Prae·

95 2473 199 2532 sertim
213 2487 281 2531 cum
295 2472 400 2532 exinde
415 2473 591 2546 perturbatio
606 2475 685 2533 nulla
699 2476 844 2549 contingat
858 2477 889 2534 in
903 2477 1006 2534 ceteris
1026 2479 1146 2532 naturae

94 2555 226 2630 legibus,
243 2561 292 2614 aut
306 2557 336 2631 in
354 2557 453 2616 ordine
469 2559 637 2632 universali,
654 2560 705 2618 sed
719 2561 864 2634 derogatio
878 2560 929 2619 uni
945 2563 1057 2618 tantum
1071 2559 1145 2618 acci·

95 2642 155 2715 dat,
172 2647 200 2700 et
214 2657 313 2700 casum
326 2643 500 2716 peculiarem
514 2644 657 2718 respiciat.
675 2645 747 2718 Ergo
766 2647 790 2704 si
805 2645 905 2704 tertius
919 2645 967 2704 iric
980 2645 1084 2704 modus
1097 2661 1146 2720 pe·

97 2726 193 2785 nandi
208 2727 336 2801 prodigia
350 2733 505 2803 spectetur,
514 2745 548 2788 ea
558 2729 589 2788 in
604 2731 785 2804 possibilium
795 2729 897 2788 haberi
910 2745 1031 2788 numero
1044 2732 1146 2803 negari

95 2811 205 2884 nequit.
690 2833 693 2841 Α

133 2895 294 2956 Generatim
303 2916 311 2962 ε,
325 2912 461 2970 suprema
482 2912 569 2956 causa
583 2896 678 2954 ordini
693 2911 711 2952 a
725 2911 756 2952 se
770 2895 802 2953 in
816 2895 904 2953 rebus
922 2894 1025 2954 creatis
1043 2894 1146 2954 consti·

96 2983 157 3039 tuto
171 2995 230 3038 non
243 2981 403 3038 subiicitur.
419 2981 516 3051 Ipsum
530 2979 618 3048 igitur
631 2981 725 3049 potest
739 2983 823 3048 prout
840 2978 920 3036 lubet
933 2976 1146 3052 interrumpere

94 3067 147 3124 aut
165 3067 350 3121 commutare.
373 3062 521 3119 nativitate
536 3059 614 3116 enim
628 3060 734 3132 gaudet
746 3061 877 3134 infinita,
894 3070 968 3135 quae
982 3063 1101 3136 proinde
1114 3079 1144 3122 o

93 3161 180 3206 mnes
194 3149 390 3203 creaturarum
404 3145 480 3204 vires
496 3143 609 3202 excedit
624 3159 677 3202 aec
689 3143 755 3202 ullis
768 3151 888 3205 naturae
901 3148 1012 3221 legibus
1022 3149 1144 3207 adstrin-

95 3232 183 3304 gitur.
199 3229 322 3289 Effectus
332 3229 419 3302 igitur
432 3235 577 3303 praestare
590 3233 683 3303 potest
697 3230 826 3289 insolitos
835 3231 870 3290 ad
885 3248 958 3306 uaros
970 3233 1051 3292 nulla
1066 3247 1145 3290 crea-

98 3321 126 3374 ta
141 3316 186 3374 ris
207 3314 379 3389 porrigatur.
401 3315 473 3388 Ergo
491 3312 696 3374 miraculorum
717 3315 891 3390 possibilitas
908 3317 1009 3391 negari
1025 3316 1142 3390 nequit,

97 3399 167 3474 qma
183 3399 271 3460 simul
285 3399 359 3460 Deus
373 3405 423 3460 aut
437 3399 499 3460 eins
514 3398 720 3473 omnipotentia
732 3400 903 3463 destruatur.

410 3639 417 3652 ἱ
436 3572 804 3647 Solmtetuadtsltoultctar.

134 3742 179 3801 te.
195 3743 422 3818 Repugneutiam
435 3743 639 3804 mireoadorum
663 3745 812 3805 ostendere
826 3751 967 3806 conantur
981 3761 998 3804 e
1012 3748 1142 3820 panthei-

101 3829 209 3885 starum
223 3842 256 3886 ac
271 3829 425 3887 deistamm
440 3843 525 3902 grege
539 3845 598 3888 non
612 3831 706 3903 pauci,
719 3845 841 3904 quorum
855 3837 1025 3903 argumente
1034 3834 1142 3907 praeci·

98 3924 156 3984 pua
171 3909 219 3971 hic
234 3912 270 3970 ad
286 3912 422 3972 trutimm
436 3913 643 3972 revocabimus.
