2767 4492
412 419 487 468 bans
502 417 851 468 utram-Pavonumom
1101 407 1154 466 ‘217

110 505 205 581 ptione
219 503 359 582 primaria
379 507 407 566 et
421 503 646 572 fundamental,
662 505 693 563 in
708 519 765 578 qna
778 511 806 563 et
818 519 870 578 per
883 518 970 578 oriam
984 505 1041 564 alia
1055 507 1156 565 omnia

110 591 219 650 obiecta
233 588 417 664 percipienda
432 589 498 662 sint,
516 588 758 662 quemadmodum
772 589 876 648 accidit
890 589 1034 648 intuitioni
1048 589 1085 648 dc
1095 603 1153 662 qua

109 673 260 748 loquimur.
278 673 337 740 Qua
347 673 377 731 in
391 687 423 732 re
438 671 695 732 considerationem
706 677 832 730 meretur
845 673 1017 733 instauratae
1031 672 1153 747 philoso

109 757 193 831 phiae
213 770 393 831 progressus,
410 756 461 830 oui
482 756 623 830 incipiens
638 769 690 830 per
708 755 864 814 cortesium
878 755 915 813 ab
936 756 1154 830 exaggeratione

110 839 316 912 conscientiae,
333 855 412 898 nnnc
425 855 477 914 per
491 838 755 900 transcendentales
771 839 803 898 in
824 839 954 898 eiusdem
971 841 1153 912 negationem

111 923 288 982 terminatur.
305 923 337 981 ll.
354 923 434 983 Notio
448 922 589 996 absoluti,
607 939 695 998 quam
709 922 844 996 exhibet,
862 922 939 981 alind
954 923 1080 996 proiecto
1094 939 1153 981 non

108 1007 206 1079 refert,
222 1005 280 1064 nisi
294 1005 416 1064 informe
432 1005 540 1080 aliquid
555 1012 583 1064 et
599 1007 872 1077 indeterminatum,
890 1006 966 1079 qnod
980 1004 1154 1063 contundere

110 1104 177 1148 cum
190 1089 247 1147 lieo
261 1087 382 1163 impium
401 1093 429 1147 et
444 1089 601 1148 absurdum
615 1095 658 1148 est
673 1091 699 1147 l.
715 1090 760 1148 til.
777 1089 942 1148 Pessumdat
961 1095 1095 1148 natruam
1108 1103 1153 1146 co

110 1171 262 1244 gnitionis,
280 1171 363 1230 cuins
381 1170 492 1231 obieeta
504 1177 585 1245 putat
599 1187 661 1230 esse
676 1187 713 1230 ex
733 1187 810 1245 penu
825 1172 944 1231 rationis
962 1172 1102 1244 eruenda,
1119 1186 1153 1229 eo

110 1255 201 1313 ferme
216 1255 370 1328 modoque
385 1270 491 1314 aranea
501 1271 538 1314 ex
548 1256 613 1336 sinu
627 1271 678 1314 sno
695 1256 810 1314 deducit
825 1255 919 1314 telmn.
931 1255 1001 1314 l'nm
1015 1256 1101 1314 etiam
1110 1255 1153 1313 in-

109 1336 195 1394 vertit
208 1337 337 1396 ordinem
346 1338 574 1411 pbilosophandi,
586 1339 618 1397 in
632 1355 688 1412 quo
703 1354 792 1397 nona
806 1338 861 1396 lieo
871 1339 908 1396 ad
921 1354 968 1396 res
982 1344 1091 1397 creatas
1105 1339 1152 1397 de-

111 1420 292 1493 scendimus,
309 1421 360 1480 sed
380 1427 478 1480 oontm
492 1438 509 1480 a
523 1423 609 1482 rebus
631 1423 735 1482 creatis
749 1423 786 1481 ad
800 1423 890 1480 Deum
902 1420 1098 1481 ratiocinando
1111 1437 1156 1478 ns·

110 1505 265 1577 surgimus.
280 1503 325 1562 iv.
342 1505 551 1579 Turpissimum
565 1507 692 1566 continet
706 1507 936 1581 pantheismnm,
953 1511 985 1563 ut
998 1505 1029 1563 in
1045 1505 1155 1563 cosmo·

110 1586 186 1660 logia
200 1585 335 1661 diximus,
347 1604 437 1662 eoque
454 1593 544 1648 totum
555 1596 696 1664 quantum
706 1596 749 1649 est
763 1589 977 1664 superstmitur.
989 1590 1080 1656 Quare
1095 1594 1157 1646 tnn-

112 1676 140 1728 ta
154 1671 327 1730 absurditate
341 1677 438 1745 scatet,
455 1678 563 1746 quanta
576 1673 799 1733 deliramentum
818 1673 888 1732 illnd
905 1677 1044 1746 turpatur.

145 1755 248 1813 lisdem
263 1756 353 1815 terme
368 1757 557 1816 incommodis
572 1763 691 1832 urgetur
705 1757 798 1829 Hegel.
818 1757 905 1829 Nam,
921 1757 943 1816 l.
959 1756 1064 1814 Eodem
1083 1756 1155 1815 falso

109 1839 293 1898 fundamento
309 1841 419 1914 nititur,
436 1856 492 1914 quo
507 1857 608 1900 omnes
623 1841 831 1914 rationalistae3
847 1841 986 1900 nimirum
1000 1842 1096 1899 omnia
1110 1857 1154 1900 es-

110 1937 140 1981 se
155 1938 193 1980 ex
207 1923 294 1982 londo
315 1925 435 1984 rationis
456 1926 620 1984 derivanda.
637 1926 670 1984 ll.
687 1925 822 1984 Ordinem
843 1925 965 1984 idealem
979 1931 1009 1983 et
1026 1925 1151 1999 realem,

109 2019 155 2063 res
170 2007 239 2066 adeo
254 2007 391 2082 diversas,
407 2023 557 2083 perperam
571 2009 647 2068 inter
662 2025 693 2068 se
712 2009 814 2068 miscet
827 2024 862 2067 ae
875 2015 1054 2068 monstruoso
1069 2010 1153 2083 plane

108 2091 217 2149 ratione
232 2091 388 2150 contundit.
405 2092 449 2150 lll.
465 2093 506 2151 lo
518 2093 591 2166 idea,
605 2107 678 2167 qnae
692 2093 772 2151 nullo
781 2093 812 2151 in
823 2091 933 2152 obiecto
941 2099 1069 2152 versetur
1077 2094 1152 2152 etad
1243 2147 1246 2153 ,

108 2174 220 2232 nullum
234 2175 395 2232 subiectum
409 2176 559 2247 pertineat,
576 2175 753 2249 principium
766 2176 860 2249 ducit,
878 2191 951 2250 quae
966 2176 1079 2236 sanein
1094 2176 1154 2236 obi-

106 2257 213 2314 maeris
231 2255 362 2314 habenda
377 2261 429 2314 est.
445 2256 511 2316 ldea
530 2257 617 2330 enim,
634 2272 701 2315 eum
714 2257 855 2316 visionem
874 2264 902 2317 et
919 2261 1153 2333 repraesentatio

107 2353 175 2396 nem
191 2337 246 2397 sibi
261 2338 404 2412 implicet,
422 2339 566 2398 obiectum
589 2339 721 2414 aliquod,
738 2341 814 2416 qnod
828 2348 937 2416 spectat
950 2349 979 2400 et
993 2345 1153 2403 subiectum

108 2422 156 2480 cui
178 2422 345 2490 inhaereat,
361 2439 460 2482 revera
473 2425 604 2497 posorlat.
627 2425 943 2500 radasponensium
961 2428 1151 2486 abstractione

108 2511 277 2580 conceptam
292 2521 358 2565 cum
373 2507 512 2568 obiectiva
533 2510 661 2569 realitate
675 2511 848 2585 contuderit,
865 2510 939 2568 banc
954 2510 985 2567 in
1000 2525 1051 2567 ens
1070 2510 1152 2567 abso-

107 2589 208 2663 lutam,
227 2591 302 2664 quod
315 2592 489 2667 principium
504 2599 533 2653 et
547 2610 635 2654 causa
649 2595 686 2654 sit
700 2601 861 2654 ceterarum
874 2608 985 2664 rerum,
1002 2593 1150 2651 convertit.

108 2671 168 2740 Oua
182 2674 216 2732 de
231 2689 262 2733 re
276 2675 332 2734 duo
346 2671 467 2736 incurrit
482 2679 614 2738 absurda.
631 2679 775 2751 Primum',
792 2677 869 2737 reale
885 2693 923 2735 ex
937 2673 1023 2734 ideali
1042 2675 1152 2735 exscul-

106 2756 161 2829 pit3
178 2757 291 2831 deinde,
307 2760 466 2818 realitatem
481 2762 574 2834 ipsam
589 2762 699 2820 endum
714 2761 861 2818 finitorum
875 2759 1018 2832 propriam
1032 2805 1038 2829 ,
1053 2766 1151 2832 quate-

106 2854 161 2898 nus
175 2841 363 2900 abstractione
377 2844 503 2900 limitum
518 2859 569 2915 per
585 2859 615 2900 ee
631 2844 781 2912 cogitatur,
793 2843 824 2898 in
833 2857 886 2900 ens
900 2841 1045 2898 inlinitum
1054 2857 1106 2914 per
1121 2857 1152 2898 so

106 2923 278 2992 subsistens,
300 2939 402 2995 nempe
417 2925 522 2994 Deum,
542 2924 733 2982 transformat.
750 2923 793 2980 Ex
807 2938 862 2996 qno
884 2924 1019 2996 emergit,
1037 2928 1068 2982 ut
1083 2939 1152 2997 pan-

106 3004 222 3063 tlreismi
236 3010 429 3062 commentum
443 3005 497 3062 sub
513 3020 547 3062 ea
561 3005 655 3062 forma
668 3009 827 3077 restauret,
844 3007 879 3064 de
894 3022 950 3080 qua
965 3007 996 3064 in
1011 3007 1149 3068 Cosmolo

107 3087 156 3163 gia
169 3086 277 3144 dictum
290 3091 343 3144 est.

152 3343 162 3386 l
183 3341 233 3387 lure
248 3341 331 3402 optimo
353 3340 523 3388 commentitiam
539 3341 596 3388 bunc
612 3341 706 3388 absoluti
730 3344 869 3390 intuitionem
884 3361 897 3392 a
911 3345 1058 3408 schellingio,
1074 3353 1152 3394 natura

105 3421 248 3480 repugnante,
264 3415 374 3464 obtrusum
391 3417 531 3480 reprehendit
544 3419 654 3466 llamiltou
671 3419 703 3464 sio
717 3420 832 3482 inquiens:
852 3441 861 3464 ι
879 3421 1012 3469 L’intuitiou
1029 3423 1056 3469 de
1071 3423 1150 3469 l’ubso

108 3512 117 3535 ι
135 3492 158 3538 lu
174 3498 207 3540 est
230 3492 376 3540 eridemmeut
391 3492 412 3540 le
428 3494 517 3555 produit
533 3495 554 3540 t’
566 3511 609 3542 ono
625 3495 758 3542 abstractione
774 3498 896 3559 arbitraire‚
915 3499 936 3544 d’
948 3515 992 3545 une
1007 3500 1150 3560 imagination

108 3587 117 3608 ι
136 3568 173 3630 qui
189 3583 213 3614 ue
228 3573 312 3630 irompe
326 3568 461 3616 elle-meme.
477 3571 534 3616 Pour
550 3569 636 3616 obtenir
653 3587 677 3618 ce
693 3571 757 3633 point
773 3571 799 3618 de
814 3572 830 3617 l’
842 3573 985 3620 iudissirenre
1006 3573 1094 3620 absolue
1109 3590 1150 3637 pur

108 3661 117 3682 ι
135 3641 151 3687 l'
161 3643 301 3706 abanaction,
318 3660 347 3689 on
362 3644 479 3691 detrudet
494 3645 515 3691 lo
530 3645 601 3708 subjet
616 3649 638 3691 ei
651 3645 666 3690 l’
678 3646 739 3708 objet
751 3647 778 3693 do
792 3647 814 3693 lu
831 3649 965 3695 conscience.
984 3648 1039 3696 binio
1055 3666 1097 3712 que
1111 3667 1149 3698 re—

10 3717 16 3728 '
107 3738 116 3759 ι
135 3719 242 3765 etat-it?
257 3719 320 3766 Rieu.
341 3721 421 3785 aliosi,
441 3738 468 3767 on
489 3721 622 3785 hypostatice
637 3725 704 3785 πότος
726 3739 755 3769 on
771 3723 803 3770 lui
819 3726 902 3788 impose
917 3725 939 3771 le
955 3741 1007 3772 nom
1023 3726 1044 3772 d’
1054 3727 1147 3790 abscin3

108 3811 117 3834 ι
137 3793 209 3853 quand
225 3810 253 3839 on
270 3811 297 3840 no
314 3797 444 3859 contemplo,
463 3813 504 3859 que
520 3797 625 3845 l’absolue
639 3798 757 3860 prii'ution.
779 3820 787 3840 o
808 3801 943 3860 Froomeno
957 3804 984 3851 dc
998 3805 1149 3862 Philosophia

104 3882 146 3930 pur
161 3867 191 3912 tt.
209 3869 315 3915 Wtbatt!
332 3870 461 3918 iluimus.
481 3871 571 3918 'inoluit
587 3872 614 3920 do
630 3873 734 3934 l’unplais
750 3888 790 3935 par
806 3875 836 3922 ii.
853 3877 877 3922 i.
896 3876 981 3941 reim,
999 3879 1147 3939 Pittoroptte

104 3941 133 3992 do
147 3941 244 3990 l'obeolo
259 3943 494 3995 moira-scurnum.

903 4026 951 4098 tt·
