2767 4492
445 367 846 418 rmsnmm·aoerroaoa1a
1132 357 1168 422 95

125 465 230 529 aarum
246 457 385 530 quatenus
399 453 507 540 lactum
521 455 650 514 naturale
664 455 710 528 sit,
726 461 763 529 et,
783 454 925 530 opinionis
943 469 1050 530 errore,
1071 470 1169 532 super-

123 539 251 599 naturale
266 539 399 614 ducatur;
411 539 457 600 vel
466 555 504 598 ex
514 538 675 613 praestigiis
689 539 861 600 daemonnm
871 585 880 614 ,
892 546 1033 615 quatenus
1046 542 1078 600 tri
1096 543 1170 602 laisa

127 638 178 698 pro
191 623 266 684 reris
278 624 439 692 ,obtrudant
461 628 510 683 aut
533 623 647 700 aliquod
671 623 792 696 gignant
810 639 898 698 supra
919 626 996 686 rires
1016 641 1169 686 causarum

121 707 341 768 mundanarum.
357 709 406 768 llis
420 709 517 784 itaque
531 709 665 783 periculis
679 707 722 768 sic
740 709 922 782 potismnmm
939 711 1105 771 oocurdtrr.

65 808 68 814 ·
157 792 293 866 Primam,
310 791 345 854 ut¹
355 793 804 853 realiserentuaacommentitio
818 793 1021 869 distinguatur,
1031 796 1170 857 usuiesse

8 903 9 914 κ
120 877 227 936 debent
241 895 285 952 ea,
301 894 374 953 quae
388 871 440 953 pro
455 879 529 938 veris
542 879 625 938 lactis
639 878 783 938 historicis
796 877 957 938 iudicandis
971 885 1038 937 sunt
1053 882 1165 941 tradita.

122 960 237 1029 Quoties
247 963 324 1023 enim
335 963 500 1022 auctoritate
510 961 596 1038 plena
605 963 757 1024 hominum
769 962 825 1021 ilde
835 963 987 1035 dignorum
998 964 1064 1022 facti
1074 980 1171 1025 narra·

122 1047 163 1106 tio
176 1047 354 1120 obfirmatur,
371 1048 476 1106 laisum
485 1047 551 1107 duel
565 1048 665 1122 nequit
679 1048 750 1122 quin
765 1061 831 1106 vero
845 1047 970 1106 evidenti
984 1048 1169 1122 refragemur.

158 1131 192 1189 Ut
206 1135 303 1191 autem
317 1131 354 1190 ab
369 1131 471 1191 ellectu
485 1133 610 1192 natumli
624 1131 848 1203 discriminatur,
864 1131 983 1205 adiungi
997 1133 1111 1192 animus
1123 1132 1170 1192 de

120 1216 171 1274 bet
185 1217 222 1275 ad
235 1232 271 1276 ea
284 1231 358 1291 quae
372 1215 524 1276 factionem
540 1217 583 1275 rei
593 1221 622 1276 et
635 1231 797 1284 causarum,
810 1231 883 1289 quae
896 1215 1099 1291 interueniunt,
1111 1216 1171 1292 ple-

121 1313 190 1358 nam
204 1300 336 1360 notitiam
350 1301 540 1374 suppeditent.
553 1300 581 1358 Si
596 1300 674 1358 enim
688 1300 806 1358 effectas
820 1300 857 1358 sit
871 1300 1020 1372 eiusmodi,
1031 1306 1065 1359 ut
1080 1301 1167 1360 virtu·

122 1389 181 1442 tem
193 1385 339 1442 infinitam
354 1385 390 1443 ad
405 1383 449 1442 sui
458 1383 674 1456 productionem
683 1383 814 1456 postulet3
830 1382 1037 1441 hauddubinm
1046 1389 1090 1441 est
1100 1385 1172 1457 quin

121 1467 199 1525 Deus
213 1467 335 1539 intersit,
356 1482 390 1525 ac
403 1467 574 1526 miraculum
589 1467 619 1526 in
634 1467 710 1526 reris
724 1466 824 1525 haberi
842 1466 954 1525 debeat.
980 1465 1030 1524 Sin
1050 1467 1169 1527 ellectus

122 1550 161 1609 sit
174 1549 248 1624 talis,
264 1556 297 1608 ut
311 1551 439 1628 absolute
454 1550 490 1610 ab
506 1551 601 1624 aliqua
615 1551 739 1610 naturali
752 1565 840 1609 causa
849 1549 968 1624 produci
981 1550 1079 1623 possit
1103 1552 1171 1609 tanc

124 1633 275 1707 diligenter
284 1634 524 1695 considerandum
533 1641 586 1708 est,
597 1641 693 1694 ulrum
704 1635 846 1694 eiusmodi
855 1647 959 1693 consae
969 1647 1007 1692 an
1017 1632 1171 1707 aliaequee

123 1719 249 1792 impares
264 1718 366 1778 sintin
380 1719 510 1778 casuillo
525 1719 662 1793 peculiari
677 1719 876 1778 adhibeantur.
893 1719 998 1779 ltamsi
1007 1732 1169 1776 causaena·

123 1802 229 1861 trinales
243 1802 396 1876 adhibitae,
408 1803 522 1863 ellectni
536 1803 707 1877 praestando
720 1804 845 1877 impares
860 1802 1031 1877 planesnnt,
1041 1803 1169 1876 proiecto

8 1893 9 1900 ’
122 1901 239 1945 censam
254 1885 406 1962 superioris
420 1888 528 1948 ordinis
542 1903 644 1963 nempe
659 1888 922 1962 supermundanam
932 1887 1107 1947 intercedere
1117 1901 1169 1960 pe·

123 1969 202 2029 tebit.
225 1971 279 2030 Sed
294 1972 329 2030 ad
343 1972 398 2030 hoc
412 1971 629 2032 diiudicandum
644 1987 729 2046 saepo
743 1987 841 2037 rerum
854 1971 1040 2045 physicarum
1053 1969 1165 2044 peritia,

123 2058 242 2114 naturae
256 2055 392 2123 smdium,
405 2060 433 2115 et
447 2054 552 2130 legum,
569 2057 673 2130 quibus
683 2056 745 2114 eius
759 2070 860 2114 cursus
875 2055 1015 2128 dirigitur,
1027 2054 1169 2128 protunda

118 2138 243 2210 cognitio
257 2139 418 2198 necessaria
431 2139 496 2197 erit.
508 2139 584 2206 Quae
603 2140 720 2212 quidem
735 2139 860 2212 cognitio
868 2153 926 2197 non
938 2138 1108 2197 universalis
1122 2153 1166 2198 es-

117 2235 150 2280 se
165 2221 258 2294 debet,
275 2222 354 2280 itaut
364 2237 463 2280 omnes
477 2224 593 2282 omnino
603 2223 863 2283 causasinmundo
876 2227 1023 2282 exstantes
1040 2237 1172 2297 compre·

118 2304 236 2362 lrendat.
253 2305 285 2363 ld
299 2305 377 2364 enim
393 2305 428 2363 ad
443 2305 550 2364 iactum
564 2306 633 2365 illud
649 2307 834 2366 iudicandum
841 2303 900 2367 non
909 2308 1073 2382 requiritur,
1085 2313 1114 2366 et
1126 2308 1163 2366 ri·

118 2385 249 2446 diculum
263 2392 338 2446 esset
351 2388 503 2462 postulare.
523 2390 581 2449 Non
597 2391 675 2449 enim
689 2391 726 2450 ad
740 2390 810 2451 illud
830 2391 1044 2464 producendum
1062 2403 1164 2449 omnes

118 2471 237 2530 omnino
252 2485 364 2546 causae,
381 2477 516 2548 quotquot
537 2474 569 2534 in
584 2475 690 2534 mundo
704 2481 828 2548 exstem,
845 2481 912 2536 sunt
929 2474 1097 2548 applicatae,
1116 2472 1167 2530 sed

8 2557 9 2642 J
117 2555 273 2616 nonnullae
288 2558 445 2616 domaret.
462 2559 568 2618 Harum
586 2557 673 2633 igitur
686 2574 851 2632 causarum,
880 2573 952 2633 quac
966 2571 1067 2631 reapse
1081 2557 1169 2615 intor-

118 2640 243 2714 llrerunt,
259 2639 361 2701 idonea
385 2641 508 2716 coguatio
523 2643 639 2714 suflicit,
657 2649 688 2704 ut
702 2644 846 2704 iudicetur
861 2647 958 2702 unum
981 2641 1099 2701 ollactus
1113 2641 1167 2700 eis

116 2723 183 2782 dem
199 2724 314 2783 attribui
328 2726 417 2799 possit
432 2741 532 2786 necne.

154 2808 279 2882 lienique
294 2814 326 2868 ut
335 2810 405 2870 certi
429 2812 594 2884 reddamur,
610 2812 650 2869 ibi
669 2811 781 2869 nullam
806 2810 876 2867 mali
895 2809 1012 2880 spiritus
1027 2809 1171 2867 fallaciam

117 2895 268 2952 veteratori
283 2893 369 2953 aliem
383 2895 547 2966 opitulantis
558 2893 733 2962 interfuisse,
750 2907 768 2949 a
782 2891 839 2949 ileo
853 2891 971 2962 quidem
986 2904 1044 2948 non
1057 2891 1167 2948 iussam

117 2977 169 3035 sed
182 2979 370 3051 permissam3
386 2976 542 3034 videndum
557 2975 611 3031 erit
624 2977 722 3029 utrum
736 2973 802 3030 inde
816 2987 895 3030 error
909 2971 1084 3031 invincibilis
1101 2987 1169 3034 ena-

117 3065 223 3120 scatur.
243 3059 357 3116 sienim
371 3058 479 3114 iactuum
493 3058 533 3115 sic
548 3054 695 3126 contingit,
708 3059 740 3112 ut
749 3056 829 3113 nulla
842 3055 977 3128 praebeat
986 3056 1168 3131 indiciaqui·

116 3143 174 3201 hus
188 3141 301 3199 fallacia
315 3139 407 3214 detegi
416 3139 514 3213 possit,
530 3137 715 3198 manifestum
734 3143 776 3197 cst
790 3138 875 3198 alteo
886 3146 951 3198 tunc
960 3141 1168 3200 daemonisial·

116 3225 221 3286 laciam
235 3223 363 3298 permitti
378 3237 435 3282 non
451 3223 586 3300 potuisse,
602 3221 681 3290 Quod
694 3222 853 3283 evidentius
869 3229 986 3298 apparet
1000 3225 1024 3282 si
1039 3224 1169 3282 animad-

117 3314 244 3370 vertatur
259 3309 388 3384 prodigia
402 3323 514 3382 semper
526 3307 632 3381 patrari
649 3307 681 3365 in
695 3308 941 3368 confirmationem
959 3308 1103 3367 doctrinae
1120 3323 1169 3366 cn·

117 3392 231 3454 lusdam
246 3398 294 3453 aut
308 3393 464 3454 sanctitatis
479 3393 561 3452 ritae.
575 3392 726 3452 litoralibus
749 3387 827 3452 enim
850 3392 900 3452 Ilei
917 3391 1059 3450 attributis
1082 3406 1167 3465 repn-

118 3483 187 3551 gnat
201 3483 233 3537 ut
246 3477 364 3536 arbitrio
377 3477 446 3536 mali
460 3476 576 3551 spiritua
585 3476 766 3551 permittatur
779 3493 860 3551 opus,
876 3475 951 3550 quod
969 3475 1000 3533 in
1015 3475 1165 3549 capitalem

120 3567 149 3622 et
162 3561 373 3623 ineluctabilem
381 3562 576 3636 deceptionem
591 3561 722 3621 homines
733 3562 889 3622 induceret.

154 3646 261 3706 Indicia
275 3651 380 3720 autem,
396 3647 501 3721 quibus
514 3647 593 3706 fraus
603 3646 672 3706 mali
687 3647 804 3721 spiritus
818 3646 911 3719 detegi
920 3648 1024 3720 posset,
1036 3645 1164 3722 haecpo-

119 3732 260 3790 tissimum
270 3732 437 3806 respiciunt:
454 3731 592 3791 nimirum
606 3747 686 3807 opus,
703 3737 878 3806 operantem,
895 3731 992 3803 linem,
1008 3731 1158 3804 operandi-

56 3861 59 3866 .
100 3816 104 3825 “
120 3830 175 3888 qne
193 3815 319 3874 modum.
337 3815 434 3884 Quoad
447 3829 528 3889 opus,
545 3815 762 3891 ponderandum
777 3814 874 3874 sedulo
888 3818 931 3872 est
945 3819 1041 3873 unum
1049 3816 1161 3875 ratione

119 3900 165 3958 sui
179 3899 225 3958 vel
239 3900 367 3972 subiecti,
390 3901 421 3959 in
447 3915 502 3972 quo
517 3899 557 3972 lit,
584 3901 628 3959 vel
643 3897 842 3958 a'diunctorum
859 3898 896 3956 sit
911 3898 1018 3972 aliquid
1040 3898 1159 3971 bonnm,

119 3987 240 4058 rectum,
255 3982 382 4058 nullique
400 3983 542 4045 honestati
563 3981 960 4056 contrarium,necdirinan1
980 3982 1160 4048 mmestatem
