2767 4492
231 242 282 306 tot
670 254 832 306 muttum

228 356 274 399 tra
286 345 399 412 dicent,
409 345 455 414 qui
467 349 517 400 etei
529 344 571 400 ius
581 360 631 412 pro
646 347 778 414 facultate
791 347 923 411 accipiat,
933 343 1109 397 nihilominut
1121 343 1153 395 in
1163 344 1216 395 duo
1227 354 1271 392 tu·

228 435 338 497 periuro
350 433 401 484 illa
412 433 529 486 membra
541 433 666 502 dispescit
682 431 707 484 l,

265 519 357 584 ltaque
370 521 395 569 ei
404 521 536 584 pressiore
548 521 716 586 munificato,
730 519 776 585 qui
790 517 955 571 communior
969 511 1025 588 cell,
1039 517 1228 579 immutatur,
1242 529 1269 566 o·

229 605 342 668 lliqatio
355 606 439 656 eidem
450 607 574 669 oppetita
592 607 700 656 nominc
712 602 793 656 officii
806 607 976 669 deciananda
990 610 1037 654 eet.
1060 603 1201 667 Utrimque
1220 616 1270 652 att·

229 697 281 742 tam
292 691 368 756 otico
383 705 401 741 a
414 693 469 756 leue
481 695 621 755 repetitur.
636 689 724 754 liam,
737 698 768 742 ut
787 692 858 742 otili
877 691 1015 753 dicimur,
1031 690 1151 752 operatio
1164 694 1272 752 practer

206 764 208 770 ’
229 773 375 840 obiectum,
390 779 464 827 eirea
477 779 548 842 quod
561 784 697 840 uertatur,
712 778 764 827 duo
779 778 862 828 etiam
873 783 992 840 spectat:
1009 772 1176 835 subtectum,
1189 788 1207 822 a
1220 787 1272 838 ouo

229 863 347 924 elicitur,
363 867 387 912 ct
400 858 545 914 terminum
559 863 603 912 cui
619 863 715 913 bonnm
728 864 840 928 aliquod
852 869 877 914 ct
892 863 1041 912 utilitatem
1058 861 1198 923 importat.
1215 859 1272 908 lca

229 949 327 1012 initur,
340 961 399 998 eutn
410 949 512 997 luteum
525 948 565 998 uel
577 949 780 1012 permistionem
794 948 859 1011 sart,
873 961 929 997 non
942 949 1018 996 modo
1032 946 1125 995 ordini
1143 956 1232 993 rarum
1245 955 1274 992 o-

227 1029 357 1090 biectivo,
370 1039 451 1095 prout
460 1046 478 1083 a
491 1047 612 1097 tupremo
622 1035 742 1083 omnium
755 1035 890 1097 principe,
901 1044 994 1095 nempe
1005 1029 1071 1086 Dco,
1082 1029 1213 1092 procedit,
1223 1028 1273 1076 lat-

228 1131 338 1168 monom
353 1119 519 1170 voluntatem
537 1119 687 1183 conformat
701 1126 726 1171 et
739 1119 867 1174 subiicit.-
886 1119 1072 1168 verumetiam
1086 1115 1176 1178 quoad
1189 1114 1274 1163 uetio·

229 1217 288 1254 ncm
301 1204 474 1254 euertendam
493 1205 599 1274 utrique
614 1205 659 1256 illi
678 1213 796 1256 catrcmo
809 1202 942 1267 (tuliccto
961 1203 1091 1252 nimirum
1105 1205 1129 1249 et
1146 1194 1273 1260 termino)

227 1288 386 1354 fucultatem
397 1289 518 1354 aliquam
530 1291 571 1341 vel
586 1291 693 1348 tribuit,
708 1292 749 1342 uel
758 1293 865 1340 adimit.
877 1289 922 1339 Sic
936 1303 979 1339 ca.
994 1301 1034 1351 ar.
1052 1299 1112 1335 cum
1124 1284 1168 1334 lec
1186 1285 1273 1333 artio-

228 1374 380 1430 nemiulet,
391 1374 444 1425 duo
456 1375 560 1439 aionit:
572 1376 603 1425 in
612 1375 729 1426 tuliccto
738 1375 928 1439 obliaotionam
938 1387 985 1422 ecu
994 1371 1122 1421 moralem
1130 1368 1274 1419 ncccttita-

229 1464 298 1515 lcm,
314 1472 368 1524 otto
380 1460 417 1509 od
435 1459 514 1509 illam
526 1461 685 1510 exerendum
697 1461 900 1524 adeirinqitur:
913 1459 944 1507 in
963 1456 1079 1507 termina
1096 1460 1185 1503 autem
1202 1458 1276 1514 pote·
1377 1457 1379 1474 ¹

228 1549 325 1594 elatem
336 1557 383 1594 teu
396 1545 449 1606 int,
462 1558 513 1608 atto
524 1545 641 1595 camdem
655 1546 788 1595 actionem
802 1545 908 1607 caluere
921 1557 939 1592 a
948 1542 1066 1591 tttbiceto
1079 1544 1174 1603 potest.
1191 1538 1273 1587 lient-

228 1642 288 1692 oue,
303 1629 328 1677 ti
342 1629 385 1677 lea
397 1629 530 1680 aetianam
543 1630 664 1694 aliquant
675 1630 833 1694 permittit,
848 1629 895 1678 ltoc
908 1629 969 1690 ipio
982 1627 1100 1676 eiutdem
1113 1623 1275 1673 exercendae

230 1712 387 1775 fucultatem
400 1711 665 1786 culicotolataiturt
679 1715 773 1764 cctcrit
789 1719 889 1768 autem,
904 1712 952 1774 qui
964 1711 1086 1760 ordinem
1097 1713 1122 1759 et
1135 1708 1215 1770 leuem
1226 1704 1275 1754 olr-

230 1785 335 1848 teruore
349 1803 482 1852 tenentur,
497 1797 689 1860 olliootioncm
701 1800 817 1860 impartit
836 1797 993 1862 facultatem
1006 1795 1084 1844 illam
1093 1807 1148 1843 non
1159 1790 1275 1842 turlan-

211 1925 217 1932 .
230 1883 269 1932 di.
286 1880 351 1931 Cum
363 1883 449 1945 initur
462 1881 579 1946 [ocultae
592 1883 654 1934 loeo
674 1890 781 1945 uocetur
795 1879 854 1939 ius,
868 1881 998 1944 ollioott'o
1010 1881 1061 1929 illa
1074 1874 1210 1932 officiumt
1224 1890 1277 1938 pa-

230 1972 269 2017 tet
280 1965 408 2030 profecto,
422 1967 491 2015 iurit
505 1972 530 2017 et
539 1967 622 2034 officii
634 1963 752 2019 cumdem
765 1978 818 2020 ettc
828 1967 939 2029 fontem,
950 1972 1029 2028 atque
1040 1964 1178 2026 utrimque
1189 1961 1276 2024 orici·

230 2065 290 2101 nam
301 2051 413 2100 couniti
427 2063 461 2100 ea
476 2051 529 2115 leue
542 2052 671 2103 deriuari.

265 2134 339 2184 Hinc
350 2135 434 2200 plura
446 2135 592 2187 corollaria
603 2145 812 2204 concoquuntur,
822 2149 935 2202 quorum
946 2135 1091 2196 nonnulla,
1105 2147 1173 2199 quac
1182 2133 1276 2197 potio·
1377 2143 1379 2199 ς

230 2233 263 2270 ra
274 2225 349 2277 eunt,
362 2220 507 2284 attingam.

264 2304 389 2354 Primum
406 2311 462 2355 eet:
478 2307 548 2356 iurie
562 2313 586 2358 et
600 2307 683 2376 officii
700 2310 852 2360 maalmam
869 2321 923 2361 ecee
941 2307 1131 2364 concordiamc
1143 2303 1274 2368 siquidem
1377 2303 1379 2313 '

231 2389 365 2440 abeodem
386 2389 460 2454 [onte
480 2393 652 2450 tooturiunt,
666 2399 690 2444 et
703 2401 799 2443 mutua
811 2395 943 2444 relatione
956 2392 1114 2442 subsistunt.
1130 2389 1196 2439 Cum
1213 2401 1276 2438 ueto

230 2480 370 2539 utrumque
383 2475 549 2529 uoluntatem
562 2480 653 2529 ordini
666 2479 811 2536 subiiciat:
826 2491 918 2528 eorum
929 2476 1080 2528 oltcruotio
1094 2488 1145 2538 quo
1167 2474 1273 2527 erecctt,

232 2573 260 2610 eo
274 2560 460 2624 tranquillitas
472 2569 586 2626 ouaetur
598 2564 669 2612 inter
683 2560 834 2628 lominetsset
844 2575 912 2624 poa,
927 2573 993 2625 quoe
1005 2574 1060 2610 non
1073 2558 1182 2608 aliunde
1194 2570 1278 2621 quam

230 2657 264 2695 ea
278 2644 381 2694 ordinit
394 2645 547 2696 stabilitate
560 2652 584 2697 et
598 2647 772 2698 voluntatum
785 2658 913 2697 contentu
927 2645 1057 2708 procedit.
1074 2643 1176 2705 Quart,
1189 2644 1216 2689 ei
1235 2654 1279 2690 eo-
1377 2628 1379 2689 !

230 2727 324 2786 aletur,
334 2739 401 2790 quoe
413 2727 528 2791 pacifica
541 2732 565 2777 et
578 2728 709 2777 ordinata
721 2727 833 2789 nonsit,
846 2728 985 2777 totietatie
999 2738 1096 2774 noman
1108 2734 1279 2785 nequaquam

229 2818 362 2868 meretur,¹
376 2812 486 2875 uultque
497 2823 544 2874 per
558 2825 584 2862 te
599 2811 680 2876 facile
695 2813 769 2862 uidet
786 2811 924 2862 societatis
942 2811 1147 2873 fundamentum
1161 2805 1279 2856 nunniti

229 2895 261 2944 in
274 2895 396 2945 cuttodia
410 2895 556 2962 officiorum
569 2902 594 2946 et
606 2897 676 2946 iurit
689 2897 841 2948 reuerentia
853 2896 992 2946 collocari.

267 2977 387 3029 Alterum
400 2979 572 3030 corollarium
585 2974 638 3032 eet':
659 2982 825 3046 principium
844 2982 963 3044 primum
979 2987 1004 3030 ct
1017 2978 1218 3044 fundamentalc
1235 2977 1280 3027 iu·

231 3063 271 3112 rit
285 3062 422 3114 naturalit
434 3075 489 3112 non
502 3064 581 3114 alind
595 3067 679 3122 cerm,
699 3079 781 3128 auam
794 3065 865 3116 illud
879 3065 979 3128 ipsum,
993 3068 1063 3128 quod
1077 3065 1226 3129 omeroiim
1239 3063 1278 3112 lc·

232 3150 275 3213 aie
286 3154 401 3199 naturae
412 3144 584 3212 'principium
604 3155 627 3200 et
650 3151 857 3213 [undamentum
874 3162 928 3199 ecte
945 3152 1171 3210 monstravimus,
1184 3160 1279 3210 nempe

231 3233 351 3283 ordinem
362 3245 380 3282 a
392 3231 447 3283 Deo
461 3233 537 3284 relue
552 3235 709 3298 impositum
725 3231 749 3280 2.
766 3234 842 3285 Hine
853 3235 925 3285 enim
936 3236 1029 3284 omnia
1040 3240 1183 3299 praecepto
1196 3240 1280 3284 natu·

230 3317 304 3366 ralia
316 3317 485 3381 deteruntur,
501 3325 524 3370 tt
538 3321 607 3382 quod
617 3333 775 3384 consequent
786 3326 834 3380 est,
847 3320 967 3370 rationee
977 3333 1066 3370 omnes
1077 3324 1218 3369 notetcunt
1229 3319 1277 3366 iu·

230 3403 333 3458 ttitioe,
345 3407 427 3465 prout
439 3417 457 3452 o
468 3391 565 3453 Divina
577 3405 716 3467 captantia
731 3411 755 3455 ct
769 3404 888 3455 bonitate
903 3405 1053 3455 dictantur.
1070 3404 1160 3476 Quare
1174 3401 1282 3452 nemini

229 3488 329 3536 mirum
341 3487 426 3537 uideri
439 3487 527 3544 debet,
540 3489 696 3540 illuminet
716 3491 880 3554 cunctatim,
893 3491 976 3540 ductu
993 3491 1052 3553 ipso
1071 3496 1202 3549 natur-oc,
1217 3500 1282 3536 aum

231 3573 274 3621 ine
289 3578 337 3624 out
357 3573 472 3640 officium
485 3573 595 3638 aliquod
607 3575 790 3627 demonstrare
803 3575 907 3633 uolunt,
919 3578 955 3627 ad
968 3575 1090 3626 ordinem
1101 3574 1283 3625 scrutandum

278 3751 288 3800 l
308 3758 382 3806 Caute
397 3755 424 3806 dc
439 3759 504 3806 droit
519 3761 615 3810 nalttrel
630 3765 671 3809 clo.
689 3759 772 3824 lutri.
790 3777 841 3825 geu.
859 3759 894 3810 clo.
913 3758 936 3810 ὅ.
985 3794 988 3801 «

279 3833 293 3876 2
309 3835 392 3882 Etltlca
407 3849 454 3898 etp.
471 3835 494 3898 ll,
510 3841 550 3883 acl.
568 3835 590 3884 i.
