2767 4492
256 401 261 408 ³
529 329 778 400 stooxronoatu
1127 313 1178 377 tlh

126 416 179 489 est,
195 417 270 476 nihil
284 418 394 493 prohat
416 431 494 492 cum,
509 423 543 478 ut
555 421 641 493 patet,
657 433 715 478 non
731 416 868 494 quidquid
882 414 1088 491 imaginatione
1111 427 1176 476 con-

126 499 292 576 tingitur,id
306 504 441 583 continuo
454 503 486 563 in
500 502 685 581 existentium
700 509 749 566 aut
759 501 939 578 possibilium
950 515 1070 560 numero
1084 499 1173 560 babe-

125 585 151 652 ri
169 592 305 661 oporteat.
325 587 367 647 Ex
380 605 437 665 qua
450 594 547 651 autem
561 593 642 667 parte
660 586 696 646 ad
715 587 931 662 intelligentiam
950 585 1084 660 pertinet,
1108 600 1165 646 oon

126 659 234 750 aliquid
256 671 402 751 inlinitum
415 663 524 749 revera,
540 674 591 734 sed
604 671 786 751 indefinitum
799 671 925 746 exbibet,
943 670 981 730 ab
999 670 1063 747 ipsa
1084 669 1174 746 possi·

125 750 235 814 bilitate
248 756 333 832 spatii
347 758 435 818 realis
449 775 508 819 non
521 759 683 819 diversum.

161 840 290 916 Oppones
304 843 337 904 tl.
353 843 480 904 Potentia
492 844 592 907 reduci
605 846 698 918 potest
712 841 748 902 ad
764 845 868 902 actum
885 843 968 916 Atqui
983 843 1067 902 datur
1081 841 1177 904 iustni·

124 931 187 984 tum
200 927 232 987 in
246 926 382 1002 potentia,
398 934 531 1003 utsupra
540 943 709 988 conoessum
724 930 782 999 est;
799 942 867 988 nam
882 927 1026 1002 quantitas
1042 925 1104 986 sine
1119 927 1177 988 line

123 1011 224 1086 augeri
238 1018 268 1072 et
281 1013 371 1072 dividi
394 1019 495 1090 potest.
517 1014 589 1088 lingo
609 1011 761 1072 multitudo
782 1017 831 1072 aut
849 1011 979 1072 extensio
1001 1017 1070 1072 actu
1089 1011 1177 1072 etiam

122 1095 239 1155 infinita
252 1097 314 1157 dari
329 1097 423 1172 debet,
439 1099 485 1158 nel
499 1098 602 1158 saltem
614 1095 761 1172 possibilis
775 1100 828 1156 est.
1265 1153 1267 1158 .

159 1182 244 1256 Resp.
263 1181 337 1243 Dist.
361 1184 467 1242 Maior.
489 1184 617 1244 Potentia
629 1182 728 1242 reduci
750 1185 842 1256 potest
854 1183 892 1240 ad
907 1186 1005 1244 aetum
1019 1199 1052 1243 eo
1066 1183 1174 1259 modo,

121 1281 182 1340 quo
202 1267 239 1326 ad
252 1266 335 1326 illum
351 1265 441 1326 habet
453 1267 583 1326 ordinem
595 1266 836 1342 relationemque,
852 1282 948 1338 nouo.,·
968 1283 1071 1341 secus,
1092 1284 1175 1344 nego.

120 1351 167 1408 ltd
180 1351 256 1408 min.
271 1350 380 1424 pariter
393 1350 461 1408 diet.
477 1350 577 1410 existb
585 1350 731 1410 inlinitum
745 1349 916 1423 inpotentia
931 1357 1072 1424 qualorum
1085 1357 1178 1412 exstat

123 1433 253 1510 aliqtrid,
270 1434 316 1492 cui
330 1434 528 1508 quodcumque
548 1434 762 1494 decrementum
776 1434 823 1494 vel
841 1434 1051 1492 incrementum
1066 1436 1179 1494 linitum

122 1518 253 1592 accedat,
270 1518 488 1592 hocnunquam
503 1525 546 1579 est
559 1518 678 1578 ultimus
693 1517 841 1587 terminus,
859 1533 945 1594 quem
961 1517 1105 1578 transilire
1120 1533 1180 1580 nou

121 1601 220 1675 liceat,
236 1617 335 1674 conc.;
350 1609 490 1676 quatenus
503 1603 585 1662 detur
599 1602 726 1677 aliquid,
747 1603 822 1676 quod
836 1601 1008 1662 incrementi
1022 1601 1066 1662 vel
1082 1601 1179 1662 decre·

121 1685 215 1746 menti
233 1686 362 1746 absolute
376 1687 498 1747 maximi
511 1689 618 1748 lrabeat
631 1689 828 1763 capacitatem,
846 1704 928 1762 nepo.

160 1771 220 1838 Ouo
234 1787 322 1831 aenou
334 1771 501 1846 inlinitum,
517 1777 549 1832 ut
563 1773 652 1846 aiunt,
670 1773 701 1832 in
715 1774 842 1847 potantia
862 1773 974 1834 admitti
989 1772 1092 1832 debeat
1106 1773 1176 1833 satis

123 1856 247 1918 dilucide
258 1856 407 1917 innuimus
421 1872 517 1932 supra.
533 1858 594 1918 Non
606 1858 685 1918 enim
704 1858 734 1916 id
748 1858 866 1932 perinde
882 1857 1099 1932 intelligendum
1114 1863 1175 1930 est,

122 1941 207 2016 quasi
220 1956 267 2000 res
280 1941 355 2002 adsit
367 1942 415 2002 rel
427 1943 590 2017 capacitas,
605 1958 679 2017 quae
693 1942 777 2002 molis
792 1947 842 2002 aut
855 1942 987 2014 numeri,
1004 1947 1054 2002 aut
1071 1941 1176 2018 qualis-

122 2041 247 2100 cumque
260 2026 398 2086 realitetis
412 2034 478 2088 actu
498 2027 561 2087 siue
583 2027 713 2087 terminis
731 2026 880 2086 habendae
901 2027 940 2086 sit
953 2041 1081 2101 compos.
1098 2027 1129 2085 Id
1151 2041 1178 2086 e·

121 2110 184 2170 nim
204 2111 321 2170 omuino
338 2118 489 2188 repugnat.
511 2113 615 2172 Verum
635 2113 676 2172 ita
696 2111 819 2186 intelligi
833 2111 934 2186 dehet,
956 2117 987 2170 ut
1012 2113 1110 2186 aliqua
1125 2127 1176 2170 ex·

124 2199 208 2270 stent,
219 2211 293 2270 quae
302 2197 370 2256 nori
378 2196 526 2270 quidpiam
539 2212 652 2272 semper
666 2197 812 2272 suscipere
827 2201 955 2271 possunt,
968 2197 1037 2270 quin
1048 2209 1176 2270 unquam

123 2285 286 2341 extremum
299 2280 442 2354 adveniat,
458 2282 534 2356 quod
543 2281 663 2341 ulterius
672 2282 806 2358 progredi
821 2287 961 2355 conceptu
975 2281 1077 2340 saltem
1088 2283 1173 2338 vetet.

123 2363 171 2423 Sic
184 2365 364 2424 divisibilitas
377 2366 409 2424 in
422 2366 569 2426 inlinitum
582 2367 677 2440 quoad
691 2367 879 2442 quantitatem
894 2366 980 2424 datur
1004 2365 1058 2422 hoc
1072 2379 1173 2422 sensu:

121 2463 182 2508 nou
202 2454 342 2523 quatenus
361 2450 524 2512 inveniatur
546 2451 681 2511 habilitas
700 2451 736 2510 ad
750 2451 921 2512 mulsionem
940 2448 972 2506 in
993 2452 1089 2522 partes
1109 2453 1175 2506 actu

121 2533 263 2607 infinitas,
284 2535 334 2594 sed
349 2541 489 2609 quatenus
502 2536 532 2594 in
547 2543 772 2611 quotascumque
787 2534 941 2612 particrdas
956 2547 1059 2606 corpus
1075 2537 1173 2590 exten-

123 2631 189 2676 sum
198 2618 368 2692 dissecetur,
384 2620 439 2679 hae
453 2621 558 2680 iterum
577 2623 638 2682 sine
653 2623 711 2681 fine
726 2622 757 2683 in
773 2620 843 2682 alias
859 2625 944 2694 atque
960 2618 1031 2678 alias
1050 2617 1175 2692 discerpi

122 2703 232 2776 possint
250 2709 278 2763 et
292 2704 374 2764 novis
387 2703 528 2764 limitibus
542 2707 636 2779 allici,
653 2708 704 2781 qui
719 2722 737 2766 a
753 2706 896 2781 prioribus
912 2703 1055 2764 differant.
1072 2705 1105 2764 ht
1119 2703 1175 2762 boc

123 2786 166 2846 ita
179 2789 327 2862 contingit,
339 2794 372 2848 ut
385 2796 490 2864 partes,
502 2806 575 2863 quae
585 2798 652 2850 actu
661 2790 814 2860 habentur,
831 2803 944 2860 semper
958 2787 1039 2846 tlnito
1054 2799 1175 2844 numero

123 2871 333 2948 contineantur,
348 2871 489 2946 timeoque
505 2879 570 2932 actu
583 2872 790 2941 determinatus
807 2871 919 2928 finitam
935 2885 1047 2940 semper
1062 2867 1176 2924 claudat

123 2956 322 3029 manuelem.
339 2956 418 3014 idem
431 2956 544 3013 dicatur
557 2956 593 3014 de
608 2955 684 3014 mole
698 2953 802 3024 iugiter
817 2951 962 3024 augenda3
986 2951 1017 3009 in
1039 2964 1096 3024 qua
1113 2949 1174 3008 uril-

122 3041 170 3098 lus
185 3039 302 3109 quidem
315 3037 464 3109 attingitur
478 3037 635 3109 terminus,
662 3049 749 3108 quem
770 3035 898 3096 absolute
917 3035 1055 3094 excedere
1070 3049 1129 3092 non
1143 3033 1175 3092 li·

123 3126 190 3180 cest
205 3138 212 3191 ;
243 3119 293 3178 sed
307 3125 403 3178 tamen
417 3133 614 3193 quaecumque
629 3117 720 3179 moles
733 3126 798 3181 actu
813 3119 954 3182 habeatur
970 3166 978 3195 ,
1005 3135 1040 3178 ea
1060 3132 1175 3194 semper

124 3204 258 3267 confiniis
272 3204 359 3266 certis
372 3203 626 3266 circumscribitur.

538 3377 707 3439 inarmans
731 3377 764 3442 Vt

376 3547 414 3608 lle
427 3547 595 3610 substantio
609 3558 635 3610 et
648 3550 928 3628 utodificotiouihue

162 3714 207 3778 ta.
227 3715 438 3794 Experientiam
453 3722 514 3782 eive
528 3728 677 3784 externam
690 3723 751 3784 sive
766 3725 910 3790 internam
932 3724 1110 3787 consulentes
1125 3738 1174 3784 en·

129 3801 168 3860 tia
181 3803 224 3862 sio
237 3810 349 3865 exstare
363 3805 620 3882 deprehendimus,
643 3815 677 3869 ut
693 3810 761 3870 lieet
782 3811 941 3883 quaedam,
967 3827 1040 3886 quae
1055 3811 1092 3870 ad
1112 3809 1175 3881 ipsa

128 3892 272 3962 spectant,
297 3890 464 3963 varientur3
483 3891 547 3964 ipsa
561 3897 657 3952 umen
671 3895 700 3952 in
717 3894 762 3953 sui
777 3899 879 3955 natura
892 3895 1011 3958 immota
1030 3892 1175 3968 supersint
