2767 4492
221 272 275 334 tat
547 279 937 330 murmurarmrsaaenms

218 375 324 432 turum.
342 370 370 430 Si
385 369 462 433 euim
473 368 586 428 animus
599 367 722 428 naturali
736 367 834 426 ordine
845 365 902 425 lato
917 365 1043 440 eorporis
1056 371 1195 441 superest,
1205 381 1264 428 nou

219 453 301 515 aliter
322 453 458 528 deinoeps
480 453 609 512 desinere
623 456 733 528 posset,
758 451 815 510 uisi
833 459 973 525 quatenus
994 450 1081 510 allae
1096 448 1129 510 iu
1141 449 1265 510 nihilum

218 539 402 612 redigeretur.
418 537 452 596 tt
465 537 609 610 inprimis
623 536 677 595 hoe
692 537 761 596 satis
776 540 819 595 est
835 535 1015 609 philosopho,
1033 538 1064 592 ut
1077 534 1154 610 qtrod
1166 550 1265 596 rerum
1317 541 1323 547 '

218 629 323 682 nemra
339 623 393 680 tert
407 619 646 680 demonstratione
657 621 816 680 convincat.
829 620 906 688 Quod
916 624 1011 678 autem
1021 635 1039 678 a
1051 617 1142 677 lihera
1155 618 1205 678 Dei
1214 635 1263 679 uo

219 707 329 768 luntato
343 705 463 780 pendet,
480 704 510 763 id
530 719 587 764 non
602 705 825 780 philosophando
839 705 974 779 aperitur,
990 705 1040 763 sed
1054 717 1072 762 a
1086 703 1266 764 Reveletioue

219 791 373 866 petendum
388 794 441 846 est.
454 787 569 856 Deinde,
586 803 638 848 nos
652 791 777 848 rationes
791 788 952 846 addidimus
966 787 1002 846 ad
1012 787 1264 846 demonstrandum

221 875 332 934 animos
347 873 487 931 humanos
501 888 659 946 numquam
678 874 766 932 alteo
779 874 810 932 in
825 873 948 932 nihilum
958 871 1106 930 redactum
1120 871 1173 945 iri,
1189 872 1265 944 quod

221 973 278 1032 qua
291 957 401 1017 ratione
411 962 520 1015 eertum
531 957 576 1028 sit,
589 958 659 1016 satis
673 957 788 1016 abundo
802 957 933 1030 superius
942 955 1157 1030 disputavimus.
1169 956 1265 1031 Neque

220 1043 276 1105 hoo
286 1043 375 1116 exigit
385 1046 416 1104 ut
429 1042 581 1102 aeternitas
595 1057 753 1114 poenamm
766 1042 966 1116 portationem
975 1041 1191 1099 demonstretur.
1204 1041 1266 1099 Sul·

221 1128 282 1186 ficit
295 1129 374 1186 enim
388 1127 463 1201 quod
476 1126 559 1186 uuioe
573 1127 709 1200 probetur
724 1127 852 1186 animum
866 1141 918 1200 per
941 1141 972 1183 se
986 1129 1132 1196 aeternam
1144 1125 1266 1184 duratie

222 1226 289 1274 nem
300 1211 459 1284 exquirere,
475 1211 541 1270 licet
555 1210 666 1270 duratio
681 1215 710 1272 et
724 1211 845 1284 qualitas
858 1209 986 1283 praecisa
999 1224 1156 1282 poenarum
1170 1224 1208 1267 ex
1222 1225 1266 1270 re

223 1295 363 1354 velatione
383 1295 497 1354 scienda
516 1296 562 1356 sit.
582 1295 769 1355 Nihilominus
788 1295 818 1354 id
832 1295 919 1355 etiam
940 1293 1126 1352 inficiandum
1140 1293 1265 1369 udatur,

224 1395 282 1440 uon
293 1395 375 1453 posse
385 1379 579 1442 aeternitatem
593 1393 749 1455 poenarum
759 1379 882 1438 naturali
891 1379 1000 1438 ratione
1011 1378 1133 1437 suaderi.
1143 1378 1179 1436 tlt
1190 1378 1268 1440 enim

225 1462 322 1534 aliqua
338 1469 448 1522 tautum
462 1469 630 1536 argumenta
643 1463 776 1535 delibem,
793 1463 897 1537 quibus
910 1462 959 1522 illa
975 1461 1096 1536 prohahr
1109 1461 1195 1534 digua
1208 1477 1268 1521 cer·

225 1547 320 1619 uitur3
344 1563 410 1606 oum
433 1548 557 1621 spatium
578 1549 612 1606 ad
629 1548 797 1607 merendum
816 1547 862 1606 vel
876 1547 1078 1606 demerendum
1096 1546 1268 1606 destinatum

226 1631 383 1704 praesentis
400 1631 475 1690 vitae
491 1631 600 1690 ambitu
615 1630 879 1703 circumscribatur;
895 1629 1076 1703 perspicuum
1085 1630 1211 1704 proisoto
1226 1635 1270 1690 est

227 1714 358 1772 animum
379 1719 515 1789 perpetuo
534 1731 597 1774 esse
614 1730 783 1774 mansurum
798 1714 828 1773 iu
842 1729 876 1773 eo
889 1719 977 1786 statu,
1002 1728 1088 1787 quem
1102 1713 1158 1774 sibi
1171 1714 1202 1772 iu
1215 1714 1269 1775 hac

227 1798 287 1856 vita
301 1797 389 1856 libere
404 1799 519 1857 meruit.
544 1798 675 1858 Cessante
690 1799 768 1858 euim
782 1798 1017 1858 conditionarios
1031 1798 1146 1857 termini
1160 1803 1271 1858 tanturm

227 1887 357 1954 superest
367 1881 506 1954 conditio,
519 1883 548 1942 iu
561 1883 681 1942 termino
696 1890 792 1942 autem
806 1897 853 1942 res
862 1898 918 1942 non
928 1886 1067 1954 moretur,
1079 1881 1129 1939 sod
1138 1881 1268 1955 quiescit.

227 1964 334 2024 Deinde
349 1979 415 2024 oum
430 1979 516 2037 grave
530 1965 669 2038 flagitium
683 1970 800 2039 propter
814 1965 964 2037 iniuriam,
979 1978 1066 2038 quam
1080 1964 1208 2024 infinitae
1222 1966 1272 2026 Dei

230 2049 373 2108 maiestati
392 2049 514 2124 irrogat,
530 2051 674 2112 inlinitum
692 2052 778 2110 veluti
793 2050 933 2110 malitiam
950 2050 1084 2123 retineat,
1102 2052 1230 2124 aequitas
1244 2058 1273 2112 st

227 2133 371 2207 proportio
386 2134 511 2195 iustitiae
524 2136 668 2209 postulare
681 2136 795 2194 videtur
807 2142 840 2194 ut
853 2134 966 2194 inlinita
980 2135 1074 2208 aliqua
1087 2149 1179 2208 poena
1191 2151 1272 2210 repa·

228 2221 315 2276 retur.
332 2217 407 2276 llaec
420 2225 514 2278 autem
526 2221 593 2294 quia
607 2219 770 2280 detonsione
784 2219 849 2280 talis
859 2233 921 2278 asse
935 2233 994 2276 uon
1003 2225 1103 2292 potest,
1114 2218 1220 2278 idcireo
1230 2226 1273 2279 sat

230 2304 262 2358 ut
276 2299 435 2361 duratione
444 2302 545 2362 saltam
560 2304 600 2362 illi
615 2303 797 2363 assimiletur.
814 2303 907 2362 Poena
921 2302 999 2362 euim
1012 2301 1113 2362 sceleri
1126 2309 1273 2364 cousenta-

230 2399 286 2443 uaa
300 2400 362 2444 esse
378 2387 470 2459 debet,
487 2387 604 2461 eiusque
618 2387 757 2460 gravitate
770 2387 915 2447 metienda
928 2391 986 2459 est,
1002 2402 1061 2445 uon
1078 2392 1204 2460 temporo
1217 2404 1274 2462 quo

230 2467 370 2543 flagitiosa
388 2472 462 2530 aetio
480 2471 602 2530 duravit.
624 2471 702 2538 Quod
725 2471 839 2544 quidem
854 2471 895 2530 ita
908 2470 1090 2544 perspicuum
1104 2475 1157 2544 est,
1167 2478 1209 2545 ,ut
1222 2487 1275 2532 uos

230 2554 316 2612 etiam
326 2556 429 2616 vulnus
443 2561 587 2616 momento
603 2555 738 2628 temporis
752 2555 908 2628 inflictum,
919 2554 1004 2628 longo
1018 2554 1063 2613 vel
1077 2555 1162 2614 etiam
1173 2569 1274 2629 perpe«

232 2644 280 2696 tuo
290 2652 403 2698 carcere
413 2639 576 2713 puniamus.
587 2640 736 2698 Praeterea
746 2639 885 2712 sapientia
899 2639 1024 2712 supremi
1034 2638 1202 2712 legislatoris
1215 2639 1274 2713 pla·

227 2736 265 2780 ne
279 2722 368 2795 erigit
383 2728 413 2781 ut
431 2723 569 2782 eiusmodi
584 2737 676 2796 poena
690 2723 720 2782 iu
737 2723 835 2794 gravia
853 2722 959 2782 scelera
973 2723 1125 2795 sanciatur,
1150 2739 1224 2797 quae
1237 2723 1275 2782 ad

232 2805 362 2866 homines
377 2805 414 2864 ab
432 2805 468 2865 iis
482 2805 664 2866 deterrendos
678 2806 824 2866 sullieiens
837 2807 910 2866 ratio
924 2807 1019 2864 tutum
1033 2806 1078 2866 sit.
1094 2807 1169 2866 ilaee
1178 2813 1275 2866 autem

233 2889 290 2948 alia
303 2905 365 2948 esse
378 2904 435 2948 nou
446 2894 568 2962 poterat,
586 2891 642 2950 nisi
654 2905 746 2965 poena
758 2897 907 2949 aeternum
919 2889 1063 2950 duratura.
1076 2891 1178 2951 llamsi
1188 2891 1275 2950 etiam

232 2973 263 3030 in
278 2973 440 3046 praesenti,
457 2973 526 3034 dum
544 2973 619 3034 Deus
633 2975 709 3036 haue
723 2973 888 3032 hominihus
902 2972 1118 3046 interminatur,
1134 2973 1277 3033 nihilomi-

233 3070 288 3114 nus
304 3061 360 3114 taur
376 3056 457 3116 multi
469 3057 654 3118 inveniuntur
668 3059 718 3132 qui
728 3058 808 3117 illam
821 3072 924 3132 parum
938 3061 1052 3129 omant3
1069 3057 1138 3130 quid
1147 3057 1276 3116 laturum

233 3140 321 3200 luisse
335 3142 509 3201 oenseudum
523 3147 578 3211 est,
590 3144 662 3202 siah
677 3159 712 3202 aa
721 3158 832 3216 quoque
842 3143 916 3201 lieus
931 3143 1135 3216 temperasset?
1148 3141 1275 3201 deterui-

235 3231 278 3284 tas
291 3225 377 3299 igitur
391 3241 546 3299 poenarum
562 3231 622 3286 tum
637 3243 654 3286 a
669 3225 719 3286 Dei
734 3227 912 3300 providentia
933 3231 962 3285 et
972 3226 1214 3286 administratione
1230 3242 1276 3286 sa·

234 3311 337 3384 pienti,
362 3315 423 3368 tum
437 3325 473 3368 ex
494 3317 630 3387 conceptu
648 3313 711 3385 ipso
725 3311 850 3370 iustitiae
865 3313 933 3371 satis
951 3316 1047 3385 aperte
1067 3309 1278 3370 rosimunda

235 3395 401 3454 aelamitote
414 3409 482 3454 uere
496 3395 688 3469 praemiomm
702 3393 774 3454 nihil
784 3395 866 3468 addo,
884 3395 989 3471 quippe
999 3409 1072 3469 quae
1086 3411 1125 3457 ert
1138 3398 1278 3468 oouoeptu

234 3477 432 3550 beatitudinis,
449 3494 536 3553 quam
546 3478 605 3538 iore
616 3483 761 3540 aeternam
775 3486 903 3554 oportere
912 3481 1044 3554 superius
1056 3482 1208 3556 probatum
1222 3483 1276 3553 est,

236 3561 379 3622 evidenter
392 3563 539 3622 tutaretur.

272 3644 359 3704 Ohiie.
375 3647 418 3707 lll.
435 3647 477 3706 lix
491 3661 631 3706 consensu
644 3646 834 3708 mutationum
848 3663 950 3723 eorpus
964 3654 993 3708 et
1001 3649 1131 3710 animum
1146 3647 1276 3707 afficien-

238 3726 310 3789 oum
323 3729 364 3790 sie
379 3731 495 3808 opponit
507 3730 663 3793 Lueretius.
683 3731 801 3794 luimus
816 3747 884 3794 oum
907 3748 1025 3810 corpore
1047 3732 1186 3809 metitur,
1210 3730 1280 3794 ado·
