2767 4492
213 269 248 328 22
675 282 803 329 auersus

247 366 344 426 Altera
354 365 498 440 operatio,
519 379 576 439 qua
594 365 636 424 rei
654 370 806 439 perceptae
823 361 933 439 aliquid
951 370 1048 426 mente
1062 367 1198 428 tribuitur
1212 375 1261 428 aut

210 457 342 525 negatur,
358 450 505 509 iudicium
520 449 618 522 audit3
636 451 705 524 quia
717 465 801 509 mens
811 449 1003 509 affirmatione
1013 467 1066 510 sua
1075 458 1126 510 aut
1134 453 1260 526 negatio

210 551 248 596 ne
262 537 297 595 do
312 551 344 594 re
358 541 501 610 percepta,
520 536 603 609 quasi
617 535 707 594 instar
721 535 835 608 iudicis,
851 536 1024 595 seutenh'am
1039 537 1103 596 lert.

246 621 330 678 Facta
340 619 454 694 partitio
465 635 565 679 omnes
575 619 691 680 'omnino
701 619 846 692 cogitandi
856 626 961 693 motus
972 627 1058 694 prout
1068 622 1260 695 cognitionem

211 705 337 779 aliquam
352 705 407 764 sibi
421 705 578 779 implicant,
594 720 696 764 revera
710 705 924 778 complectitur3
940 705 991 778 (pri
1001 711 1078 764 certe
1088 707 1126 765 ad
1135 707 1261 782 aliquam
1327 731 1330 734 ⁴

210 806 246 846 ox
262 790 411 849 recensitis
431 789 644 864 operationibus
664 790 794 848 reuocari
814 795 943 864 possunt.
967 790 1169 865 Quaecumque
1183 792 1261 851 euim

210 875 315 933 mentis
329 880 372 933 est
386 874 528 948 cogitatio,
545 890 579 935 oa
592 875 710 948 quidem
725 880 775 937 sut
789 874 930 938 iudicium
944 874 1060 949 aliquod
1073 876 1201 935 continet
1210 881 1260 936 aut
1280 894 1284 900 “

210 958 331 1018 nullum.
358 959 388 1018 Si
401 959 542 1034 posterius
562 959 616 1018 hoc
638 960 808 1033 contigerit,
829 959 893 1018 talis
907 959 1034 1033 operatio
1049 960 1086 1020 ad
1100 960 1261 1036 simplicem

211 1042 467 1117 apprehensionem
482 1044 636 1103 reducitur.
658 1044 708 1102 Sin
717 1043 773 1103 erit
782 1043 913 1118 alterum,
928 1048 996 1102 tunc
1011 1050 1060 1102 aut
1074 1045 1214 1104 iudicium
1227 1044 1260 1104 il·

210 1127 260 1185 lud
275 1128 364 1187 menti
379 1127 503 1188 innotuit
516 1144 569 1202 per
582 1144 664 1201 sese,
686 1133 715 1187 et
730 1128 863 1202 cogitatio
883 1129 1026 1188 eiusmodi
1048 1129 1084 1188 ad
1103 1130 1261 1189 secundam

210 1211 332 1271 classem
342 1212 513 1287 pertinebit;
531 1219 580 1271 aut
589 1217 770 1287 perspechrm
781 1219 824 1272 est
833 1229 887 1287 ope
897 1215 1117 1288 comparationis
1127 1230 1195 1273 cum
1204 1215 1260 1275 alio

210 1295 327 1370 iudicio,
339 1302 367 1354 et
378 1297 441 1355 talis
451 1303 531 1356 actus
542 1297 720 1356 adultimum
728 1298 890 1371 partitionis
898 1298 1062 1357 membrum
1071 1298 1258 1373 cooptabitur.

153 1453 156 1461 Δ
247 1381 323 1448 Quae
338 1396 404 1439 cum
419 1381 459 1439 ita
474 1382 540 1454 sint,
557 1381 727 1455 intelligihu
737 1397 807 1441 sane
818 1383 1075 1456 Logiceemuneris
1085 1399 1147 1443 esse
1158 1385 1193 1442 de
1204 1384 1261 1444 sin·

210 1464 284 1538 gulis
299 1464 344 1523 his
359 1465 516 1539 disserere,
541 1472 572 1524 ut
591 1472 718 1525 mentem
740 1467 777 1525 ad
794 1467 849 1525 rite
867 1467 1096 1527 ratiocinandum
1115 1469 1258 1528 informet.

210 1547 301 1615 (luere
320 1548 400 1607 iuxta
420 1549 514 1608 bonae
533 1549 660 1612 methodi
678 1550 757 1624 leges
779 1565 796 1608 a
815 1551 1038 1624 simplicioribus
1059 1553 1258 1627 exordientes,

208 1635 337 1705 primum
351 1635 387 1694 de
402 1635 629 1710 apprehensione
643 1651 677 1694 ac
692 1634 792 1710 signis,
810 1637 917 1710 quibus
930 1638 1058 1697 exterius
1068 1638 1262 1712 illaexprimi·

210 1724 276 1790 tur3
294 1718 397 1779 deinde
412 1719 447 1778 de
461 1719 568 1779 iudicio
583 1725 611 1780 et
625 1722 831 1796 enuntiatione,
848 1739 905 1796 qua
919 1721 1058 1790 iudicium
1068 1723 1145 1782 toras
1155 1723 1262 1796 proler-
1379 1722 1380 1785 i

212 1806 275 1874 tur3
301 1807 362 1862 tum
376 1804 411 1862 de
426 1804 558 1866 discmsu
576 1805 695 1880 eiusque
715 1807 804 1868 uariis
825 1807 1007 1882 significandi
1023 1807 1139 1880 formis,
1157 1807 1261 1882 triplici

212 1886 305 1960 capite
320 1887 496 1962 eloquemur.

529 2089 698 2161 CAPUT
732 2089 939 2162 PRIMUM

360 2301 400 2352 ns
424 2297 555 2354 sturnini
578 2301 836 2354 urrannmsroua
858 2301 990 2362 amsans
1013 2299 1111 2353 suenus

630 2485 800 2546 harrcmus
819 2485 842 2546 t

510 2665 548 2727 Do
562 2667 629 2731 Meo
643 2669 765 2744 eiusque
778 2667 960 2745 differentiis.

186 2847 190 2857 ’
249 2833 275 2894 1.
296 2832 389 2898 Prima
402 2836 508 2901 mentis
523 2839 648 2912 operatio
663 2855 716 2903 seu
730 2840 856 2916 simplex
869 2839 1076 2918 approbantia,
1093 2842 1205 2905 utente
1219 2836 1261 2896 di-

209 2919 321 2994 ximue‚
344 2920 374 2982 in
389 2936 423 2982 eo
438 2922 581 2996 cernitur,
599 2925 675 3000 quod
690 2940 774 2988 mens
788 2925 932 2988 obiectum
948 2924 1063 3002 abquod
1077 2938 1156 2982 mere
1170 2922 1262 2998 perci·

208 3005 269 3077 piat
283 3011 311 3065 et
325 3005 540 3081 contempletur,
556 3007 629 3068 nihil
646 3015 743 3070 tamen
753 3009 878 3070 aldrmet
892 3013 941 3070 aut
953 3015 1048 3083 neget.
1065 3008 1099 3067 Ut
1109 3008 1134 3068 si
1144 3007 1209 3083 quis
1218 3005 1263 3064 hi·

210 3091 326 3150 storiam
347 3092 496 3168 perlegens
511 3107 558 3158 res
573 3097 666 3166 gestas
681 3093 723 3152 ihi
738 3100 886 3157 enamatas
899 3099 995 3153 mente
1009 3094 1159 3164 domarat
1172 3089 1263 3153 revol-

209 3180 307 3249 veret,
330 3176 470 3236 iudicium
485 3192 552 3236 vero
567 3177 654 3236 ferret
669 3177 799 3238 nullum.
820 3178 896 3239 Solet
913 3177 1000 3240 eiiam
1014 3177 1104 3250 haec,
1127 3181 1212 3250 prout
1226 3175 1264 3236 ad
1380 3186 1381 3193 ¹

210 3255 352 3318 obiectum
367 3266 613 3335 repraesentatum
623 3261 755 3331 refertur,
766 3271 927 3338 eorwoptua
939 3263 1029 3336 notio,
1041 3261 1173 3333 intuitio,
1185 3258 1262 3334 idco,

207 3341 370 3414 promiscue
384 3345 540 3420 appellari3
558 3346 690 3420 mamus
705 3347 837 3406 nonnulli
848 3346 1021 3423 philosophi,
1037 3344 1170 3407 Kantiani
1184 3359 1266 3420 prae·

208 3428 325 3496 sertim,
348 3443 406 3488 nnn
427 3432 560 3497 eamdem
575 3431 620 3494 his
637 3431 755 3492 vocibus
769 3431 1011 3508 significationem
1026 3431 1190 3500 subiiciunt.
1210 3433 1262 3504 ht,

208 3513 373 3577 huiusmodi
388 3519 610 3578 somniatoribus
624 3519 748 3593 omissis,
765 3521 964 3594 prudentiores
973 3519 1091 3594 logicos
1104 3519 1264 3594 sequimur¹

209 3600 259 3672 qui
271 3600 352 3662 idaoo
367 3603 482 3665 nomine
493 3604 532 3677 id,
549 3604 625 3677 quod
635 3603 772 3678 diximus,
788 3606 968 3681 frequentius
982 3605 1156 3680 significant,
1172 3618 1266 3678 sanus

208 3683 322 3742 deliniri
336 3695 448 3759 posset:
460 3687 605 3763 perceptio
615 3690 721 3748 curatio
733 3690 877 3749 obiectum
887 3691 1012 3766 aliquod
1024 3697 1263 3766 repraesentatem

207 3767 270 3826 vel:
287 3769 452 3830 similitudo
468 3772 572 3832 ¹obiecti
587 3771 621 3830 iu
634 3781 730 3833 menta
747 3775 881 3835 matous.
904 3775 982 3836 biens
1002 3775 1082 3835 enim
1096 3773 1261 3847 cognitione

208 3866 260 3914 sua
274 3851 421 3918 obiectum
435 3857 531 3931 ipsum
546 3857 578 3919 in
592 3871 623 3920 se
637 3858 721 3934 quasi
735 3858 875 3935 depingit,
892 3864 921 3924 et
934 3859 1066 3925 idealiter
1078 3856 1251 3934 reproduoit.
