2767 4492
223 206 258 269 36
685 215 814 264 sources

220 306 331 366 ratione
343 303 511 377 nudorum,
528 302 633 378 quibus
647 300 784 374 afficitur,
806 304 838 358 ut
847 313 965 374 corpore
984 300 1015 359 in
1029 315 1121 374 opccn
1136 307 1165 360 et
1177 302 1276 377 pelte·

221 389 308 464 eidc;
328 388 371 449 vel
385 386 510 447 niodum
525 386 635 446 ratione
649 384 780 457 subiecti,
797 385 846 443 cui
859 384 998 457 inhaeret,
1014 390 1047 444 ut
1065 383 1165 443 album
1180 385 1211 444 in
1224 388 1275 445 ni-

220 490 309 534 venen
327 479 356 532 et
369 487 520 548 cyenennq
533 471 579 530 rei
593 469 707 530 tandem
716 467 840 527 modurn
853 483 944 528 unum
953 467 1064 527 ratione
1074 467 1196 528 otiorum
1210 485 1276 529 mo·

222 560 342 631 dorum,
364 556 537 632 quibuscum
555 555 699 628 societur,
719 560 752 612 ut
771 553 796 613 si
811 552 909 612 eibum
930 552 962 610 in
977 568 1121 612 dntcnnn
1139 559 1168 611 et
1185 553 1275 612 duim

222 641 385 717 dispertiae.

506 809 631 885 Requloe
650 807 797 883 nptttinae
814 807 978 868 divisionis.

256 983 277 1042 l.
297 980 409 1041 Dionio
426 980 467 1038 sit
486 979 588 1039 breem.
609 979 696 1039 secus
709 979 788 1038 enim
803 978 872 1037 dum
885 977 929 1037 rei
946 977 1042 1037 ideam
1059 977 1270 1039 distinctionem

219 1066 404 1140 quaerimus,
420 1064 612 1124 confusiorum
626 1063 778 1126 efficimus.
795 1062 875 1122 Unde
895 1062 932 1120 ed
944 1067 1041 1136 partes
1056 1062 1193 1122 minimas
1206 1079 1268 1122 non

221 1151 393 1224 descendet3
412 1165 477 1210 rere
491 1149 578 1223 enim,
590 1155 624 1207 ut
638 1149 746 1208 Seneca
763 1147 981 1230 inquitsinriie
994 1147 1112 1206 contuso
1126 1153 1170 1206 est
1183 1147 1268 1222 quid-

220 1235 290 1310 quid
304 1250 394 1311 usque
408 1235 439 1295 in
456 1234 603 1310 pulverem
617 1238 729 1292 sectum
743 1237 796 1291 est.

254 1320 288 1380 ΙΙ.
304 1317 373 1379 Fiet
383 1317 581 1395 pernimiis
590 1332 620 1376 sc
636 1317 763 1376 inuicem
772 1316 1027 1390 eccircdentinitc,
1041 1325 1078 1374 nt
1089 1332 1188 1375 eninm
1203 1317 1267 1376 non

217 1403 257 1464 sit
270 1419 345 1480 pers
363 1403 496 1464 cinnes.
513 1402 650 1472 Quocirca
663 1401 767 1480 vitiose
775 1405 851 1459 esset
863 1400 988 1476 partitio,
1001 1416 1059 1474 quc
1067 1400 1151 1460 tellus
1160 1403 1191 1460 in
1208 1401 1263 1460 Eu·

217 1503 334 1562 repam,
354 1488 495 1560 Atridam,
511 1487 668 1560 Aegyptum
682 1490 738 1543 etc.
761 1484 942 1544 tribueretur.
962 1486 1103 1559 Aegyptus
1122 1487 1201 1564 eninr
1220 1492 1265 1545 est

218 1587 286 1647 pers
299 1572 420 1632 ninere.

252 1657 296 1715 111.
318 1655 481 1725 (inmnlibet
498 1663 616 1730 partem
634 1653 812 1714 dividentes
822 1655 947 1714 mordet.
968 1655 1047 1715 Unde
1057 1655 1164 1714 animal
1178 1657 1209 1715 in
1219 1671 1265 1716 re·

219 1741 322 1800 tionele
341 1746 370 1799 et
391 1741 516 1800 sentiens
537 1753 688 1814 perperam
702 1739 908 1813 dispertiretur.
930 1738 1062 1801 Sentiens
1076 1741 1155 1800 enim
1172 1756 1263 1814 esque

217 1825 381 1885 extenditur
395 1831 479 1900 atque
493 1824 619 1883 animat.

252 1911 295 1969 lv.
315 1910 445 1969 Membro
470 1910 633 1970 dividentia
661 1917 755 1970 toturn
772 1911 905 1970 dicionem
929 1911 1122 1971 entronriont.
1143 1910 1263 1971 Proinde

219 1994 323 2054 divisio
337 1996 374 2054 sit
388 1994 547 2069 eiusmodi,
563 2000 595 2054 ut
614 2009 678 2053 cum
699 2010 731 2054 re
747 1994 839 2054 divisa
853 2002 882 2055 et
900 1996 1028 2055 vicissim
1042 1997 1114 2056 neec
1129 2011 1195 2056 oum
1213 1996 1264 2055 iile

218 2079 345 2139 converti
359 2079 456 2154 possit.
472 2080 546 2138 Haec
561 2080 716 2154 negligitur
731 2080 967 2154 quotiescumque
986 2086 1101 2155 praeter
1118 2096 1169 2155 ea,
1190 2097 1264 2154 quae

217 2171 410 2238 recensentur,
427 2164 589 2224 membmm
603 2165 681 2224 eliud
695 2166 859 2226 invenietur
872 2164 1065 2239 pertinensad
1075 2170 1174 2238 totum,
1187 2164 1263 2240 quod

217 2247 362 2308 dividitur.
448 2267 453 2280 ·
766 2244 769 2249 ’

579 2409 714 2480 CAPUT
729 2409 946 2480 SECUNDUM

384 2605 431 2651 BE
455 2605 606 2654 tunlcto
629 2607 794 2664 utusque
816 2605 1095 2658 suunssstottn

632 2773 801 2832 unricunus
820 2773 841 2832 Ι.

445 2938 484 2998 De
501 2937 607 2999 iudicii
625 2955 659 2998 ce
673 2938 884 3016 propositionis
898 2931 1036 3000 necere(

250 3100 294 3159 tt.
311 3101 404 3163 nitere
421 3104 527 3163 mentis
545 3105 689 3165 humanae
714 3107 840 3182 operatio
854 3107 1003 3166 indicium
1017 3109 1079 3179 est3
1096 3104 1172 3180 quod
1187 3108 1253 3162 tunc

213 3182 334 3244 hahetur
348 3203 414 3246 cum
428 3205 520 3264 mens,
537 3189 648 3248 duabus
662 3190 736 3250 ideis
750 3191 825 3251 inter
838 3207 869 3251 ee
883 3192 1068 3265 comparetis,
1084 3206 1133 3250 ees
1147 3197 1197 3251 sut
1214 3189 1254 3248 ai·

213 3267 374 3330 firmatione
393 3274 556 3348 coniungit,
574 3279 623 3332 eut
643 3275 794 3349 negatione
811 3279 934 3349 separet.
952 3274 1043 3342 onere
1066 3275 1102 3334 ed
1115 3273 1254 3334 iudicium

212 3365 294 3412 mere
300 3352 429 3415 idearum
439 3359 612 3433 comparatio
622 3359 700 3418 hund
710 3359 825 3431 suiflcit3
842 3360 975 3442 sedopus
988 3364 1073 3419 estut
1087 3360 1254 3434 meismes

212 3443 312 3499 mutuo
332 3441 533 3524 conferuntur,
548 3445 708 3504 intellectus
728 3460 862 3504 assensus
884 3445 929 3504 vel
952 3446 1101 3506 dissensus
1126 3445 1251 3505 accedet.
1369 3446 1370 3459 ¹

212 3520 270 3581 Etsi
288 3525 365 3584 enim
379 3525 510 3587 idearum
524 3529 602 3589 clere
615 3529 765 3611 perceptio
780 3534 809 3589 et
821 3535 921 3590 mutue
940 3532 1114 3606 comparatio
1129 3538 1197 3590 ente
1211 3545 1253 3589 re·
1369 3604 1370 3607 Ἴ

212 3606 350 3683 quiritur,
366 3627 486 3686 eamque
509 3613 647 3672 iudicium
662 3615 723 3674 iere
746 3631 859 3690 semper
877 3617 1060 3690 consequitur
1080 3616 1168 3690 (adeo
1187 3629 1252 3675 cum

211 3689 261 3749 ilie
284 3693 446 3769 colligatum
464 3702 508 3756 est
529 3703 558 3758 ei
571 3699 648 3757 velut
661 3699 869 3775 implicitum);
895 3701 1035 3775 contingit
1056 3706 1153 3760 temen
1168 3699 1252 3759 inter-

210 3775 295 3854 dum²
315 3787 347 3840 ut
364 3796 447 3842 mens
463 3783 560 3857 plures
574 3783 653 3852 ideas
670 3785 746 3846 inter
764 3802 794 3847 se
812 3792 966 3863 componat
982 3791 1015 3847 ut
1028 3787 1167 3860 conseret,
1183 3785 1253 3861 quin
