2767 4492
232 323 283 385 168
557 319 947 384 unanenrsremseacrmrs‘

229 421 377 490 braduae
399 423 474 480 certe
493 423 613 496 positiva
632 423 772 496 quaedam
792 422 868 481 notio
889 427 946 492 est;
963 421 1052 493 immo
1071 421 1160 480 etiam
1178 421 1271 496 magis

228 506 395 580 perspicua,
413 520 498 577 quam
522 505 571 564 illa
589 507 640 578 sit,
652 503 739 578 ‘quae
757 508 792 564 de
810 505 975 578 corporibus
995 504 1127 564 liabetur.
1149 505 1270 579 Corpora

229 589 306 648 euim
322 604 379 648 non
401 589 482 646 aliter
495 589 656 660 noscimus,
673 589 729 647 nisi
748 596 893 662 mniquam
912 588 1086 651 substantias
1104 589 1271 649 extensione

228 673 348 746 aliisque
368 672 509 745 praeditas
526 672 753 744 characteribus,
770 687 841 744 quos
855 687 907 745 ope
926 687 1063 730 sensuum
1083 672 1271 747 apprehendi·

225 773 300 816 mus.
318 756 393 824 Quae
408 755 507 814 notitia
524 757 554 814 iu
569 757 622 814 boo
637 757 766 828 voratur,
783 761 814 813 ut
827 771 1008 823 communem
1021 762 1190 831 conceptum
1205 757 1271 816 sub·

223 845 344 899 stantiae
364 855 414 912 per
437 839 566 898 ordinem
585 840 622 898 ad
641 839 829 914 proprietates
855 838 1008 898 nonnullas
1033 841 1266 900 determinemus.

223 926 300 984 ldem
323 925 405 996 longe
425 924 528 982 melius
547 924 692 998 contingit,
707 925 743 982 de
763 920 875 997 anim03
892 939 978 998 quem
998 923 1187 983 substantiam
1206 941 1269 984 esse

223 1007 434 1082 cognoscimus,
452 1023 488 1064 ex
502 1024 559 1080 qua
574 1008 717 1082 cogitandi
735 1008 943 1081 appetendique
957 1010 1135 1082 operationes
1155 1009 1268 1083 prolici-

223 1098 347 1150 seautur.
364 1091 421 1149 Hae
436 1092 513 1148 euim
536 1093 737 1166 proprietates,
753 1095 849 1166 utpote
863 1091 947 1150 nobis
965 1092 1111 1161 internae,
1128 1107 1266 1166 perquam

222 1174 316 1232 vivide
332 1175 509 1247 sentiuntur,
526 1191 681 1249 earumque
697 1191 846 1250 processus
861 1181 890 1233 et
903 1176 981 1249 origo
998 1175 1170 1249 aprincipio
1189 1178 1261 1249 ipso,

223 1257 299 1316 unde
310 1264 467 1330 emergunt,
484 1249 680 1332 consciuntu'r3
698 1274 763 1318 cum
774 1266 872 1317 contra
882 1260 1075 1332 proprietates,
1088 1259 1192 1332 quibus
1202 1274 1263 1317 cor-

222 1357 292 1414 pora
307 1342 540 1415 determinantur,
558 1343 589 1401 in
604 1343 731 1402 subiecto
744 1359 763 1404 a
779 1349 967 1416 cognoscente
985 1343 1096 1401 diverso
1110 1342 1218 1416 insint,
1235 1347 1264 1401 et

222 1442 239 1483 a
253 1427 386 1484 tenuitate
401 1427 585 1500 attingantur,
599 1441 673 1500 quae
685 1426 741 1500 ipsi
750 1431 870 1485 externa
884 1432 935 1484 est.
946 1425 1002 1496 ileo
1014 1442 1081 1484 vero
1090 1426 1261 1500 oflicitquod

221 1509 334 1568 animus
349 1510 492 1584 plerisque
506 1525 564 1568 non
583 1509 729 1568 aientibus
750 1511 800 1569 sed
813 1509 984 1584 negantibus
999 1510 1117 1569 uocibus
1138 1509 1261 1584 explice-

220 1599 275 1652 tur.
292 1594 321 1651 ld
338 1593 415 1652 enim
431 1608 488 1652 non
503 1599 680 1667 conceptum,
698 1595 746 1652 sed
763 1595 902 1652 sermonis
911 1593 1013 1653 vitium
1028 1601 1085 1667 est;
1106 1609 1162 1667 quo
1176 1608 1261 1666 saepe

224 1693 267 1750 ea,
284 1693 356 1751 quae
374 1683 518 1751 tamquam
533 1678 676 1736 realitates
691 1683 720 1736 et
734 1679 887 1751 positiones
902 1677 1096 1751 concipimus,
1112 1693 1164 1751 per
1176 1692 1261 1750 nega-

221 1761 312 1819 tiones
326 1761 518 1835 oppositorum
528 1761 689 1820 defectuum
700 1761 906 1835 significamus.
919 1761 997 1829 Quod
1007 1761 1159 1835 praecipue
1173 1761 1260 1820 inter·

220 1844 307 1915 venit,
325 1859 390 1902 cum
406 1845 441 1903 de
455 1845 540 1903 rebus
555 1845 749 1920 spiritualibus
764 1861 783 1903 a
796 1861 938 1918 sensuque
955 1845 1071 1904 remotis
1092 1845 1203 1917 agitur,
1222 1844 1260 1902 si-

220 1928 334 2000 quidem
353 1928 446 2000 prima
460 1929 597 1987 uocabula
612 1929 648 1988 ad
662 1945 708 1988 res
718 1945 867 2005 corporeas
882 1929 1082 2003 exprimendas
1097 1941 1256 1986 accommo

219 2009 285 2067 data
300 2011 387 2070 luisse
401 2011 546 2086 ridentum
564 2013 686 2087 cognitio
697 2014 775 2072 enim
789 2013 914 2072 bominis
929 2029 947 2070 a
961 2029 1047 2071 sensu
1058 2011 1167 2085 incipit.
1182 2010 1260 2079 Ouae

219 2108 285 2151 cum
299 2093 338 2151 ita
353 2095 420 2168 sint,
438 2097 603 2155 ontmedens
619 2098 655 2155 ab
670 2097 843 2156 adversariis
856 2096 1000 2156 obiectum
1016 2095 1183 2168 inficiabere
1192 2141 1199 2169 ,
1217 2100 1260 2154 at·

219 2191 274 2250 que
288 2176 328 2235 ita
342 2177 519 2252 ineptissima
533 2196 632 2240 eoram
646 2181 734 2240 illatio
750 2182 890 2241 concidet.
981 2196 987 2208 ’

627 2353 795 2413 lanicutem
806 2353 850 2413 ΙΙΙ.

427 2516 466 2578 De
480 2520 577 2580 aniani
592 2520 721 2581 tinniant
737 2523 852 2597 origine
869 2531 895 2582 et
912 2521 1042 2583 exordio.

252 2685 296 2743 bl.
314 2686 477 2746 Humanum
492 2689 621 2748 animum
636 2689 805 2763 particulam
819 2707 881 2750 esse
895 2690 1051 2750 divinitalis
1067 2705 1105 2748 ex
1125 2701 1259 2763 suprema

216 2766 265 2825 illa
278 2776 381 2829 natura
394 2772 534 2830 divulsam
549 2773 719 2848 Pythagoras
734 2781 762 2833 et
777 2776 860 2834 Stoici
876 2776 1063 2835 somniamnt.
1075 2774 1146 2833 lluic
1158 2773 1259 2832 delira·

214 2859 309 2912 mento
320 2855 400 2913 valde
418 2858 539 2916 accessit
558 2857 648 2917 Poiret
662 2859 687 2932 l,
700 2860 810 2918 animos
820 2865 931 2918 nostros
941 2859 1121 2918 emanatione
1132 2858 1257 2932 quadam

219 2940 248 2991 et
261 2937 337 2996 velut
352 2933 469 2998 eilluviti
477 2956 514 2998 ex
525 2941 621 3000 diuina
636 2944 794 3002 substantia
806 2943 918 3017 prodire
933 2949 1098 3016 autumans,
1116 2957 1202 3016 quem
1215 2956 1258 3000 er·

215 3031 310 3110 rorem
325 3021 378 3078 sub
393 3038 467 3082 nova
481 3025 573 3084 forma
586 3033 745 3087 restaurare
769 3027 902 3087 ridentur
914 3027 1141 3101 pantheistarnm
1160 3039 1257 3084 recen·

219 3105 288 3160 trum
305 3119 362 3162 non
377 3108 471 3179 pauci.

247 3187 281 3246 lt
295 3204 362 3248 vero
373 3191 437 3264 quis
452 3209 509 3252 non
524 3197 659 3270 perspicit
674 3213 709 3256 ea
719 3197 859 3274 sententia
872 3196 1049 3255 divinitatem
1060 3211 1113 3255 ceu
1126 3193 1257 3269 partibus

212 3271 418 3334 coalescentem
433 3284 461 3335 et
477 3279 561 3337 talem
574 3281 684 3355 silingi,
701 3281 771 3338 utin
787 3280 870 3354 plura
888 3279 1011 3354 discerpi
1026 3277 1180 3339 etlaoerari
1191 3291 1257 3348 pos·

213 3356 261 3429 sit,
279 3359 361 3430 quasi
380 3368 454 3419 esset
469 3364 596 3435 partibus
617 3366 833 3437 coagmentata?
848 3365 1021 3438 Quapropter
1040 3379 1127 3438 quam
1144 3365 1257 3419 certum

212 3446 257 3498 est
267 3441 315 3500 liei
324 3449 456 3503 naurram
465 3447 645 3520 simplicitate
656 3449 715 3507 frui
726 3465 779 3507 nec
789 3447 840 3507 ulli
851 3464 913 3507 esse
924 3448 1078 3508 dimisioni
1088 3446 1253 3517 obnoxiam,

214 3529 272 3582 tam
286 3527 437 3588 euidenter
452 3531 544 3590 elucet
564 3533 638 3591 lianc
658 3533 813 3592 absurdam
833 3533 973 3607 originem
995 3535 1101 3593 animis
1119 3529 1255 3591 humanis

214 3607 292 3666 nullo
307 3613 390 3672 modo
406 3623 575 3688 competere.
587 3616 691 3676 lleinde
703 3617 728 3675 si
737 3617 850 3676 animus
860 3625 957 3676 noster
966 3634 1033 3692 pars
1043 3615 1201 3676 divinitatis
1211 3627 1254 3671 es·

215 3697 258 3751 set
277 3691 352 3764 (sive
373 3697 511 3758 diuisione
529 3699 589 3759 sive
610 3700 691 3759 fluxu
710 3699 834 3774 quodam
854 3701 922 3762 iude
938 3703 1084 3776 manaret)
1096 3699 1253 3774 ;·proiecto

259 3864 270 3913 a
289 3868 324 3916 no
339 3870 380 3918 ila.
396 3844 451 3923 aaa.
469 3875 509 3924 nn.
527 3875 551 3941 a,
569 3891 617 3938 up.
635 3877 675 3934 td,
689 3893 736 3940 pu.
754 3878 778 3943 2,
793 3877 835 3942 2⁰,
852 3877 895 3940 tt.
