2767 4492
248 335 301 398 18ss
576 336 804 390 MBTAPHYSIGAB
818 329 965 385 seruistis

282 433 315 494 li.
332 433 461 509 systema
475 429 642 489 harmoniae
657 422 879 504 praestabilitas,
892 422 1060 486 aLeibnitio
1074 423 1201 501 primum
1216 429 1300 491 inre-

245 525 333 592 ctum,
350 519 382 578 iu
397 519 450 576 boc
466 529 532 574 cum
547 513 691 588 superiore
707 511 848 586 convenit,
865 516 898 570 ut
912 523 1015 586 corpus
1029 511 1106 571 inter
1119 518 1148 572 et
1162 514 1297 574 animum

244 605 358 664 nulium
373 601 493 661 actionis
508 597 651 658 initurum
670 605 767 671 ponat.
783 595 814 654 lu
830 595 931 654 ceteris
946 610 1013 655 vero
1027 595 1179 672 discrepat.
1197 599 1299 660 saucit

244 687 369 762 enimin
384 685 480 744 animo
503 681 701 756 perceptiones
723 680 967 756 appetitionesuue
987 681 1145 741 continenti
1167 683 1297 758 quadam

244 771 317 832 serie
332 785 369 830 ex
384 769 482 828 innata
496 767 526 825 ei
540 781 631 842 usque
645 763 809 840 procedere,
826 768 911 838 atque
925 764 966 823 ita
980 763 1114 840 quidem,
1131 770 1163 825 ut
1175 783 1294 842 praece

243 858 314 917 deus
328 853 514 930 posteriorem
529 849 646 925 inierat,
663 853 692 910 et
705 849 844 925 posterior
858 865 876 908 a
890 847 1037 924 superiore
1052 853 1199 926 tamquam
1213 867 1231 911 a
1245 853 1295 912 sui

241 942 351 1001 ratione
365 936 525 998 sufficiente
540 933 676 995 dimanet.
689 933 824 993 Similiter
839 934 1003 1008 oondngere
1018 934 1100 993 docet
1114 935 1145 993 in
1159 935 1295 996 motioni-

241 1026 297 1085 bus
311 1023 450 1099 eorporis;
467 1037 540 1098 quas
555 1021 617 1080 sine
633 1019 690 1080 uile
705 1017 795 1078 animi
810 1017 964 1093 eiticieutia
979 1033 1017 1077 ex
1031 1033 1111 1077 mera
1125 1017 1202 1078 iliius
1217 1025 1294 1080 stru·

242 1113 324 1168 ctera
337 1105 450 1184 repetit.
466 1105 511 1165 Sic
526 1105 613 1180 euim,
626 1105 688 1164 eius
700 1101 851 1175 sententia,
862 1101 936 1162 licus
950 1102 1102 1162 artificiose
1117 1118 1219 1179 corpus
1234 1105 1293 1166 eia-

241 1192 371 1266 boravit,
388 1195 421 1250 ut
433 1193 549 1266 propter
562 1187 679 1248 unicam
693 1201 866 1263 organorum
885 1186 1119 1262 dispositionem,
1137 1189 1292 1250 accedente

223 1335 227 1344 ,
242 1277 430 1352 impressione
442 1289 515 1349 quae
525 1273 561 1333 ob
572 1271 787 1332 circumstantia
802 1270 1070 1347 cerpora‘oboritur‚
1083 1271 1214 1333 ordinata
1222 1289 1293 1349 qua·

241 1363 307 1423 dum
323 1359 500 1420 successione
516 1357 644 1432 corporei
662 1361 758 1416 motus
772 1370 871 1415 omnes
886 1356 1084 1431 gignerentrrr3
1102 1361 1131 1416 at
1144 1372 1212 1418 rero
1226 1357 1289 1432 ita,

240 1452 273 1507 ut
296 1445 385 1506 animi
407 1443 602 1504 voluntatibus
626 1443 670 1501 rel
692 1439 923 1516 perceptionibus
944 1441 1061 1499 omuino
1084 1440 1287 1502 consentirent.

242 1531 328 1592 (iuius
341 1530 385 1588 rei
402 1543 436 1588 ea
452 1533 494 1588 est
508 1527 599 1601 ratio,
617 1527 685 1602 quia
698 1523 773 1586 Deus
792 1525 979 1600 praescientia
994 1539 1046 1585 sua
1060 1525 1141 1585 ilium
1158 1528 1288 1587 animum

243 1617 329 1690 idque
339 1629 442 1687 corpus
451 1613 576 1671 invicem
586 1611 738 1685 copulavit,
747 1626 821 1684 qnae
829 1609 993 1669 huiusmodi
1002 1616 1192 1684 congruentes
1202 1613 1287 1672 actio·

243 1715 296 1758 nes
307 1703 403 1758 essent
415 1696 558 1754 habitura.
570 1696 601 1755 in
613 1690 920 1768 bocigiturutriusque
934 1695 1130 1769 operationum
1146 1711 1288 1756 consensu
1380 1756 1381 1771 ,

244 1783 333 1842 animi
348 1787 377 1840 ct
391 1780 515 1855 corporis
532 1779 639 1838 iunctio
653 1777 810 1852 reponitur.

273 1858 319 1926 tlt'
332 1865 456 1925 tertium
470 1867 603 1937 systema,
620 1862 696 1936 quod
714 1861 802 1920 etiam
816 1861 1002 1922 moralitatis
1023 1863 1134 1935 dicitur,
1156 1864 1286 1938 eorporis

243 1949 389 2023 animique
402 1962 512 2007 nexum
525 1961 577 2020 per
590 1949 722 2005 mutuam
732 1945 881 2018 uniusque
895 1945 1037 2005 actionem
1046 1947 1178 2021 explicat,
1195 1949 1231 2007 ab
1242 1965 1289 2008 ea-

243 2050 299 2108 quc
308 2033 449 2092 rationem
463 2031 587 2090 desumit
599 2047 651 2089 cur
669 2030 859 2090 existentibus
875 2030 1049 2104 quibusdem
1064 2030 1237 2092 motionibus
1255 2034 1288 2093 in

238 2131 364 2192 corpore,
382 2115 584 2190 respondentes
602 2113 635 2174 in
650 2115 747 2173 auimo
762 2112 925 2173 excitentur
938 2116 1144 2190 perceptiones.
1161 2115 1287 2192 itemque

239 2215 276 2260 ex
292 2207 390 2260 mutuo
404 2201 459 2260 boc
474 2197 587 2258 influxu
603 2213 750 2272 emergere
771 2197 905 2273 opinatur
923 2203 956 2257 ut
970 2199 1143 2274 quibusdam
1157 2199 1288 2260 excitatis

238 2287 270 2345 in
284 2287 380 2344 animo
394 2283 587 2344 voluntatibus
609 2289 704 2343 motus
726 2284 880 2358 gignantur
901 2283 933 2342 iu
953 2299 1070 2359 corpore
1088 2289 1285 2360 congruentes.

239 2371 327 2432 iiuius
342 2369 503 2446 systematis
518 2376 616 2429 auctor
631 2368 749 2428 Euterus
764 2368 895 2442 babetur,
912 2369 1015 2428 acriter
1027 2377 1123 2428 tamen
1138 2383 1155 2430 e
1169 2369 1284 2429 Lockia·

240 2455 286 2514 uis
301 2453 414 2514 defendi
431 2454 511 2514 soiet.

273 2536 376 2598 tionim
390 2551 457 2598 uero
478 2538 565 2597 trium
588 2534 729 2596 fusiorem
748 2535 979 2612 explanationem
999 2538 1049 2613 qui
1069 2535 1219 2613 desiderat,
1236 2539 1285 2599 Ge·

238 2636 377 2684 nueusem
392 2621 518 2684 aderit.

383 2791 533 2866 descripto
547 2797 711 2866 spstomotc
725 2787 766 2849 od
782 2789 932 2851 trutinum
946 2799 1134 2852 reuocentur.

271 2961 376 3020 Verum
390 2963 423 3018 ut
436 2955 545 3034 liquido
564 2955 664 3034 iatear,
680 2959 786 3019 horum
804 2959 917 3020 nulium
931 2959 1045 3021 tentati
1058 2973 1215 3021 cormeum
1228 2957 1285 3019 dici

237 3049 338 3120 potest.
355 3043 445 3118 itque
459 3042 495 3101 ad
509 3041 636 3117 primum
650 3043 727 3120 quod
740 3045 873 3119 pertinet,
894 3045 925 3103 id
937 3043 983 3104 rei
1003 3045 1058 3105 hac
1071 3043 1158 3105 unica
1175 3041 1287 3105 ratione

234 3127 371 3200 reiicitur,
391 3126 466 3202 quod
480 3137 578 3185 veram
596 3131 624 3185 et
637 3127 785 3204 physicum
807 3129 944 3189 unionem
966 3129 1057 3189 animi
1079 3144 1146 3189 cum
1165 3141 1286 3205 corpore

234 3225 351 3288 prorsus
366 3209 477 3284 eripiat.
494 3209 604 3270 Etenim
631 3217 664 3271 ut
686 3211 749 3273 iure
770 3227 869 3272 omnes
887 3213 1040 3273 observant
1053 3213 1212 3290 philosophi
1233 3214 1296 3288 qui'

235 3299 266 3357 in
281 3291 483 3356 ttaiebranctni
498 3286 587 3355 verba¹
604 3257 701 3360 iurare
715 3294 827 3373 uolunt,
842 3296 923 3357 nulia
940 3297 1047 3359 iunctio
1062 3297 1146 3359 restis
1160 3297 1196 3356 ad
1216 3295 1285 3356 sub·

235 3379 370 3440 stantiam
384 3392 474 3438 unam
487 3379 714 3455 componendam
729 3380 831 3441 idonea
848 3381 950 3442 baberi
964 3388 1057 3458 potest
1067 3397 1104 3443 ex
1118 3397 1160 3456 eo,
1174 3381 1251 3457 quod
1266 3397 1284 3440 a

235 3463 409 3524 motionibus
430 3463 574 3523 uniuersi
592 3463 628 3522 ad
647 3463 787 3524 motiones
806 3465 838 3524 iu
854 3465 911 3526 alia
925 3468 1091 3527 excitandas
1105 3467 1216 3526 occasio
1235 3481 1283 3525 su-

237 3555 332 3616 urar·r
364 3551 400 3608 tu
414 3563 482 3610 vcro
503 3550 528 3608 si
550 3548 622 3608 duae
646 3549 797 3609 machinae
816 3549 852 3610 ab
877 3549 1025 3612 assistente
1046 3553 1154 3612 artiiice
1169 3555 1209 3611 ita
1223 3552 1283 3625 agi-

240 3627 298 3692 tent
315 3689 327 3706 „
397 3632 567 3718 'semborum
587 3637 665 3692 rotae
686 3632 772 3692 simui
787 3639 815 3694 et
834 3647 900 3694 cunr
919 3650 1059 3698 consensu
1074 3639 1211 3710 terantur,
1232 3651 1284 3694 ees

235 3716 352 3788 physice
367 3715 502 3792 cou.'.‘s.gi
516 3718 730 3792 interseritque
744 3719 781 3778 ad
796 3719 986 3782 substantiam
999 3738 1087 3782 uuaur
1102 3722 1283 3782 coniiaudurn

239 3804 391 3863 convenire
402 3805 553 3866 dicuntur?

495 3905 524 3940 κ,

275 3983 286 4028 i
309 3985 413 4046 Hstepb.
431 3987 488 4047 pert.
506 3982 531 4048 b,
546 3999 566 4032 o.
584 3985 610 4041 2.
