2767 4492
485 301 734 354 seuuuroaoeu
1080 285 1126 346 lll

97 399 163 458 rem,
177 382 311 446 animabo
322 394 487 462 ceterasque
500 389 685 461 substanms,
698 387 805 463 quibus
819 387 891 446 baec
903 399 1003 446 rerum
1017 385 1132 444 unirer·

95 468 160 527 ritas
173 477 395 544 coagmentatur.
410 473 539 532 Attamen
553 474 590 532 ed
604 487 732 547 pugnam
749 472 902 532 serbomm
921 471 1069 530 sitandam
1084 469 1132 528 nd·

95 558 175 626 reste,
187 570 205 613 a
217 556 363 616 nonnullis
376 557 430 616 boc
443 559 610 631 secundum,
621 573 725 632 nempe
739 559 815 632 quod
829 563 894 616 actu
908 563 991 616 extra
1004 559 1131 614 mentem

94 636 232 713 smdsdt,
249 655 302 700 ens
319 641 396 701 reale
412 642 563 701 doment
576 642 653 715 dici,
671 641 747 715 quod
761 647 857 702 auem
871 641 1005 716 posibils
1019 644 1131 698 ιιιιιιιιι

93 727 137 793 est,
153 728 211 796 aut,
228 725 358 798 praeema
370 727 523 786 metenda
537 726 707 800 concipitur,
723 725 815 784 ideale
828 726 1000 800 nuncupari.

120 805 271 868 Praeterea
292 825 345 869 eus
364 810 501 869 diriditm
519 809 550 869 in
569 809 726 884 blindana
742 814 771 868 et
791 809 930 884 finitura,
946 810 978 868 in
997 811 1132 868 substan·

91 889 162 948 tiam
178 899 210 950 et
226 895 404 968 qualitates,
419 895 451 952 in
472 893 642 953 modulum
663 899 692 953 et
712 893 890 967 relatamnt,
906 895 938 952 in
957 893 1082 968 sintplec
1103 899 1132 953 el

88 978 290 1052 wntpositum,
306 985 470 1054 cannaque
484 980 606 1053 classes,
622 980 659 1037 ad
673 993 745 1052 quas
760 993 794 1037 ea
808 979 992 1052 omnisonae
1006 977 1051 1036 rel
1066 984 1133 1038 suut

86 1057 133 1118 rel
145 1062 243 1122 ammo
256 1065 408 1139 agitantur,
423 1067 551 1125 mrocari
566 1069 693 1138 possunt.
711 1061 765 1122 sed
779 1063 814 1121 de
829 1061 874 1122 bis
887 1063 919 1122 in
934 1063 1071 1138 sequenti
1084 1077 1131 1122 cs·

85 1143 146 1216 pite
159 1147 344 1210 disseremus.

120 1229 201 1298 Quod
215 1239 348 1292 concrete
362 1234 467 1292 dicitm
480 1248 541 1305 ens,
551 1231 693 1290 abstracte
706 1229 810 1288 didbu
823 1229 960 1303 utentis,
975 1245 1048 1304 quse
1061 1229 1133 1289 nrlril

84 1319 127 1372 est
141 1315 225 1373 aliud
238 1317 295 1373 nisi
309 1317 348 1388 id,
363 1332 420 1389 quo
433 1331 486 1374 ens
500 1322 543 1374 est
557 1316 587 1373 id
602 1315 678 1386 quod
690 1319 744 1374 est.
760 1313 839 1372 Unde
861 1314 933 1372 solet
945 1313 1033 1372 stiam
1048 1313 1134 1386 quid·

83 1397 167 1454 ditos
182 1399 332 1470 appellari.

122 1480 150 1537 3.
168 1480 356 1552 lnqsrlrebant
370 1483 417 1540 lric
430 1487 540 1542 veteres
559 1487 658 1541 utmm
670 1481 748 1540 notio
763 1481 838 1540 entis
852 1479 990 1554 penerioc
1003 1479 1059 1537 dici
1073 1495 1134 1553 pos-

85 1565 131 1636 sit,
149 1578 191 1622 an
208 1571 319 1623 tanmm
334 1567 471 1641 onobpe.
483 1567 566 1640 llaec,
579 1581 652 1642 quae
667 1565 853 1624 crassioribus
869 1563 1064 1623 intellectibus
1077 1563 1138 1622 risa

85 1657 128 1706 est
143 1648 206 1705 lere
220 1649 350 1721 msaestio
363 1651 399 1708 de
415 1652 479 1709 lana
493 1651 619 1726 caprina,
632 1651 792 1709 maximum
804 1663 888 1708 usum
899 1647 988 1706 habet
1003 1661 1056 1721 pro
1070 1661 1137 1722 pen

87 1732 259 1790 tbeistanrm
273 1733 430 1794 refutandis
446 1735 631 1810 argumentis.
643 1734 712 1794 Eam
726 1735 814 1808 igitur
827 1733 945 1793 omuino
959 1731 1136 1806 praetermit-

89 1817 146 1870 tere
160 1827 221 1871 non
236 1813 383 1874 debemus.

121 1897 220 1972 ltaque
234 1899 350 1958 nomine
364 1901 479 1974 pennis
491 1901 542 1960 illa
556 1901 670 1975 proprie
682 1900 760 1960 notio
775 1903 943 1973 usurpomr,
955 1911 1030 1972 quae
1043 1898 1073 1956 in
1087 1913 1134 1957 ea·

88 1980 151 2038 dem
165 1984 286 2042 onrnino
299 1985 408 2044 ratione
423 1985 556 2044 murenis
568 1986 711 2060 speciebus
719 2005 729 2057 ;
744 1985 785 2044 ita
795 1982 1013 2042 utdiderentiae
1027 1983 1136 2058 specifia

88 2079 144 2137 cce,
160 2067 270 2140 quibus
282 2069 498 2143 determinatur,
513 2085 573 2129 non
587 2071 618 2128 in
632 2071 695 2144 ipsa
710 2069 797 2128 veluti
813 2075 908 2142 partes
923 2067 1131 2140 contineantur,

86 2148 136 2206 sed
150 2151 266 2210 aliunde
280 2161 456 2212 revocentur.
474 2153 520 2212 Sic
534 2160 687 2229 conceptum
702 2151 834 2212 animalis
849 2167 939 2226 genus
954 2156 1006 2222 est,
1023 2156 1134 2225 propte·

87 2247 137 2290 rea
147 2237 222 2308 quood
231 2237 274 2295 ita
283 2238 371 2296 variis
380 2238 440 2297 suis
449 2239 600 2311 speciebus
614 2241 679 2311 lex.
691 2254 734 2312 gr.
747 2237 856 2296 homini
870 2243 899 2296 et
913 2235 1041 2310 aquilae)
1057 2249 1134 2294 oom-

86 2317 171 2391 petit,
191 2326 225 2379 nt
243 2321 299 2380 bae
316 2337 374 2380 non
391 2322 552 2397 discrepent
570 2324 601 2382 iu
620 2323 683 2397 ipsa
704 2324 819 2382 nodone
840 2319 1024 2380 animalitatis
1040 2321 1134 2391 (quae

87 2411 225 2478 conceptu
242 2405 363 2464 niventis
382 2421 468 2466 sensu
487 2406 609 2480 praediti
628 2407 783 2467 absolvitur
800 2405 935 2481 prorsus)
956 2403 1007 2460 sed
1027 2401 1134 2458 discre-

87 2491 153 2556 peut
166 2490 196 2548 vi
210 2488 391 2549 differentiae
405 2491 555 2550 cmusdam
572 2499 701 2567 sumptae
716 2499 798 2552 entra
812 2491 958 2548 notionem
973 2483 1134 2543 animalita-

89 2568 130 2628 tis.
150 2572 337 2634 Rationalitas
358 2576 435 2634 enim
456 2591 503 2635 ex.
523 2591 565 2650 gr.
582 2591 656 2650 quae
676 2577 811 2651 specifica
831 2569 991 2632 differentia
1013 2566 1137 2626 bominis

86 2659 135 2727 est,
151 2673 211 2718 nou
228 2664 374 2734 nmquam
391 2675 459 2735 pars
477 2661 659 2720 animalitatis
672 2659 792 2734 cogitari
805 2659 902 2731 debet,
919 2655 969 2715 sed
984 2651 1137 2728 cogitanda

88 2743 129 2796 est
142 2746 174 2800 ut
186 2742 347 2817 proprietas
361 2743 445 2812 lonae
456 2743 587 2815 nobilior,
599 2759 673 2818 quae
684 2741 893 2802 animalitatem
907 2739 1038 2813 perficiat
1052 2742 1138 2809 etque

89 2822 123 2879 ad
137 2827 260 2896 madum
276 2827 377 2884 arebat
391 2826 530 2886 altiorem.

121 2905 153 2964 ld
166 2909 227 2966 dici
241 2923 299 2966 non
313 2914 406 2980 potest
417 2909 454 2968 de
466 2915 606 2980 conceptu
615 2908 708 2976 entis3
725 2905 824 2978 quiite
837 2904 874 2961 ed
887 2901 1015 2974 singulas
1029 2899 1139 2956 andum

88 2987 238 3048 deseendit
251 2991 366 3059 classes,
382 2995 415 3045 ut
425 2991 482 3046 bae
497 2989 529 3045 in
543 2991 606 3060 ipsa
617 2988 728 3044 radone
742 2985 817 3042 ends
830 2983 986 3044 venentur.
1003 2981 1140 3041 bilinien·

89 3072 148 3128 tiae
169 3072 270 3141 enim,
290 3069 394 3142 quibus
415 3071 638 3142 determinatur,
653 3081 714 3125 non
734 3066 849 3127 aliunde
873 3071 1074 3137 annonantur,
1091 3063 1141 3123 sed

86 3154 186 3227 ipsam
200 3152 343 3211 rationem
361 3153 434 3212 eutis
451 3151 641 3228 participant,
658 3155 740 3212 extre
754 3167 841 3228 quiam
855 3151 928 3211 nihil
943 3158 995 3212 est.
1012 3151 1059 3209 Sic
1074 3163 1141 3208 cum

93 3237 256 3298 subsmnm
270 3235 384 3296 dillerre
397 3238 503 3297 dicitur
515 3236 553 3296 sb
567 3237 762 3298 accidentibus
782 3237 812 3297 in
832 3253 866 3297 eo
881 3238 957 3314 quod
971 3237 1008 3296 sit
1022 3251 1068 3296 res
1082 3251 1140 3296 non

92 3320 174 3382 alteri
189 3323 343 3382 inhaerens
356 3323 407 3382 sed
419 3339 472 3398 per
486 3338 517 3383 se
530 3327 619 3398 stans,
630 3319 791 3384 differemu
805 3323 855 3383 illa
865 3335 921 3399 per
934 3337 963 3382 se
977 3330 1060 3381 steno
1076 3335 1140 3380 con·

93 3415 208 3482 ceptum
223 3408 298 3467 entis
312 3423 371 3468 nou
386 3409 547 3484 egreditar,
564 3415 607 3468 est
620 3411 698 3470 enim
713 3409 838 3484 prolecto
853 3409 960 3483 aliquid
976 3407 1051 3484 quod
1066 3406 1140 3482 posi·

94 3490 150 3550 tire
165 3491 350 3567 intelligitur,
366 3495 505 3570 quidqrdd
514 3500 609 3554 autem
619 3495 739 3570 positive
749 3494 926 3567 intelligitur,
939 3497 1078 3564 conceptu
1092 3505 1140 3550 en-

97 3574 132 3632 tis
151 3576 320 3637 conductor.
342 3579 519 3654 impossibile
538 3585 582 3638 est
601 3580 688 3655 igitur
708 3577 883 3638 differentias
900 3577 974 3637 ullas
992 3575 1138 3652 nancisei,

98 3668 169 3730 quae
183 3667 266 3722 entre
278 3671 449 3738 conceptum
461 3665 536 3723 entis
548 3669 728 3738 repetentum
747 3663 986 3738 quemadmodum
1001 3661 1036 3721 ud
1050 3677 1140 3737 genus

98 3739 261 3804 habendum
276 3749 476 3820 requireretur.
493 3750 640 3808 Praeterea
654 3763 745 3823 genus
759 3745 873 3823 proprle
890 3745 1005 3822 dictim,
1022 3762 1089 3806 cum
1103 3744 1141 3803 sd

99 3827 223 3903 singutas
237 3830 383 3897 descendit
396 3835 515 3910 species,
526 3834 632 3897 uariari
644 3849 705 3898 non
718 3833 803 3898 debet
815 3833 845 3894 si
859 3833 1034 3900 differendae
1050 3829 1140 3906 speci-
