2767 4492
545 308 619 360 rans
637 311 730 362 enrnra
1120 301 1156 363 ιι

121 397 301 470 repugnasset
315 397 347 454 ut
361 383 445 458 homo
458 411 521 457 rem
524 395 665 458 sensibus
678 403 875 471 occurrentem
889 401 961 463 nutu
975 399 1073 474 aliquo
1083 414 1158 460 com-

123 485 286 538 monstraret
302 478 377 554 aliis,
394 488 506 564 atque
492 497 529 541 ιιι
542 481 641 542 innata
654 483 684 544 ιιι
700 483 834 558 loquendi
849 500 950 544 sonum
965 484 1083 560 syllabis
1097 485 1159 559 qui·

121 557 235 623 busdam
251 527 417 634 distinctum
436 551 573 640 proterret
595 573 623 626 et
645 569 681 628 ad
700 573 950 630 commonstratam
968 584 1030 629 rena
1051 568 1159 642 signiu-

120 645 236 706 candam
250 647 340 708 libere
355 649 574 724 determinaret?
589 652 736 727 impressis
751 660 847 714 autern
862 646 948 715 r'ebus
962 652 1157 728 sensibilibus,

119 729 153 788 ad
170 731 352 794 insensibiles
368 735 570 809 significandas
585 737 726 814 gradatim
736 739 886 813 pervenire
901 738 1077 815 impossibile
1092 753 1162 798 sane

118 829 173 874 non
195 821 269 893 erat;
293 835 360 878 cum
375 821 411 884 ud
426 821 477 880 bns
492 821 692 896 exprimendas
717 825 834 884 nomina
855 825 994 898 quaedam
1017 841 1054 884 ex
1076 823 1163 883 rebus

116 901 321 977 materialibus
339 911 452 980 propter
469 907 640 983 analogiam,
657 923 745 989 quam
758 909 844 969 bomo
860 909 1084 982 interutrasque
1099 923 1160 983 per·

117 983 210 1058 spicit,
229 950 374 1048 transferri
389 985 475 1050 iacile
490 990 658 1065 potuissent.

152 1071 185 1128 lt
200 1070 225 1130 si
239 1087 294 1132 non
313 1073 347 1134 de
365 1061 499 1136 absoluto
519 1081 547 1136 et
566 1075 717 1138 abstracto
732 1077 943 1154 possibilitate,
964 1078 1015 1138 sed
1032 1077 1068 1138 de
1082 1077 1159 1150 [octo

115 1153 269 1231 loquimur,
285 1174 346 1218 rem
361 1159 442 1220 aliter
457 1161 609 1234 contigisse
624 1168 733 1222 certum
749 1168 801 1222 est.
814 1163 885 1222 Nam
899 1178 936 1223 ιιι
954 1161 1043 1224 saccis
1058 1161 1160 1222 litteris

115 1237 233 1300 indubie
248 1243 408 1317 colligimus
422 1245 563 1304 elementa
579 1247 719 1306 sermonis
735 1246 826 1320 primo
840 1245 949 1306 homini
959 1245 1041 1307 allec
1058 1246 1163 1307 tributa

115 1339 196 1400 esse,
223 1335 365 1401 quantum
380 1329 481 1388 saltem
497 1329 642 1406 sufficeret
660 1330 697 1388 ad
715 1329 903 1390 domesticam
922 1331 1105 1403 societatem,
1132 1329 1163 1390 in

113 1424 173 1482 qua
187 1407 238 1468 llle'
250 1396 389 1468 conditus
401 1417 453 1484 est,
471 1395 661 1470 retinendam.
679 1411 763 1472 Cuius
778 1414 821 1471 rei
835 1415 1019 1488 congruentia
1035 1414 1081 1473 vel
1095 1376 1162 1472 inde

114 1499 215 1567 patet,
232 1495 364 1568 quodsi,
380 1501 512 1570 utsupra
531 1495 713 1570 dictumest,
731 1495 767 1554 ad
781 1497 908 1573 divinam
924 1497 1059 1571 pertinuit
1073 1495 1165 1573 prori-

114 1573 247 1634 dentiam
261 1581 418 1655 opportuna
433 1575 552 1636 scientia
568 1575 709 1636 ιιιιιιιιιι
727 1585 984 1653 protoparentem,
1006 1574 1059 1637 hoo
1075 1576 1164 1636 multo

114 1660 209 1734 magis
229 1659 264 1720 de
279 1677 333 1720 usu
347 1661 486 1720 sermonis
501 1660 654 1720 dicendum
669 1660 720 1734 sit,
740 1661 822 1721 culus
837 1660 919 1737 longe
933 1663 1026 1722 maior
1040 1660 1163 1722 necessi-

119 1749 160 1808 tas
173 1744 354 1812 imminebat.
370 1745 411 1806 lin
426 1746 570 1841 sapienter
585 1745 702 1840 cogitari
717 1746 820 1840 poterit
837 1747 920 1806 totius
934 1747 1047 1822 generis
1062 1745 1162 1806 buma-

116 1829 146 1887 ιιι
166 1846 269 1903 parens
292 1817 320 1890 et
338 1831 492 1914 magister,
518 1830 567 1904 qui
590 1830 671 1908 quasi
693 1830 867 1906 principium
891 1837 920 1911 et
942 1831 1162 1890 tundamentum

115 1915 341 1974 constituebatur
355 1915 467 1974 futurae
482 1916 625 1974 societatis
640 1913 733 1973 civilis
748 1920 777 1973 et
791 1930 898 1988 sacrae,
915 1916 977 1974 sine
994 1914 1099 1974 actuali
1117 1930 1163 1973 co-

115 1999 164 2072 pia
177 1999 293 2058 illorum
308 1999 484 2073 mediorum,
510 2015 583 2073 quae
599 1999 635 2058 ad
649 2014 756 2090 munias
770 1998 824 2059 lroc
838 1999 1056 2073 adimplendum
1071 2004 1161 2058 tauto

115 2098 184 2156 pere
199 2083 438 2158 requirebantur?

150 2168 277 2241 Accedit,
297 2169 372 2241 quod
386 2169 562 2227 eruditorum
576 2168 797 2243 vestigationes,
814 2132 864 2244 qur
856 2168 910 2228 'de
925 2168 1036 2244 origine
1052 2167 1163 2244 lingua·

112 2269 179 2312 rum
195 2258 371 2326 tractarunt,
386 2253 443 2312 huc
461 2253 576 2314 tandem
590 2253 784 2328 concludendo
799 2253 990 2327 devenerunt,
1015 2259 1047 2312 ut
1064 2268 1164 2312 omnes

112 2338 232 2411 linguae
251 2343 395 2411 tamquam
409 2337 523 2396 dialecti
538 2339 652 2412 linguae
666 2321 816 2397 cniusdam
831 2339 1010 2412 primitivae,
1027 2353 1101 2411 quae
1116 2352 1164 2412 pe-

73 2447 79 2460 ·
112 2422 209 2495 rierit,
228 2421 374 2480 habendae
389 2422 455 2497 sint.
472 2423 505 2480 lt
519 2422 543 2482 si
562 2436 655 2482 sermo
671 2422 798 2484 inventio
813 2429 889 2482 esset
902 2423 1047 2494 hnmana,
1065 2421 1162 2494 singu-

113 2507 158 2566 lae
179 2505 325 2580 lamiliae,
352 2522 423 2580 quae
438 2505 559 2567 diversis
573 2508 685 2584 populis
702 2507 842 2582 originem
856 2507 1014 2579 dederunt,
1032 2505 1161 2579 linguam

112 2590 169 2651 sibi
188 2591 307 2650 omnino
324 2590 467 2668 propriam
481 2598 566 2666 atque
576 2592 612 2650 ab
626 2591 691 2652 aliis
706 2592 844 2653 radicitus
858 2593 1070 2666 discrepantem
1085 2604 1161 2650 crea-

114 2677 238 2738 sissent.

147 2761 175 2822 7.
197 2761 237 2821 ιιι
251 2761 370 2822 utilitate
384 2779 461 2836 uero,
483 2779 570 2838 quani
587 2779 624 2823 ex
643 2778 775 2824 sermone
790 2778 842 2837 pro
859 2778 956 2822 rerum
970 2759 1160 2836 intelligentia

111 2863 194 2908 mens
210 2847 296 2922 capit,
314 2849 455 2924 permulta
469 2847 589 2908 fabulati
608 2853 674 2907 sunt
691 2847 852 2920 philosophi
867 2847 994 2921 quidam,
1007 2847 1037 2904 in
1052 2845 1165 2919 primis

112 2949 167 3008 que
179 2931 399 2994 Gondlllachius.
410 2931 546 2990 Putarunt
560 2930 638 2988 enim
653 2929 736 2986 illum
750 2944 812 2987 ease
829 2929 1026 2986 necessarium
1038 2929 1075 2984 ad
1090 2940 1163 2983 oon

114 3017 206 3092 lpsim
227 3020 255 3072 et
274 3015 415 3088 syntcsim
429 3015 558 3078 idearum
574 3011 760 3083 ιιιιιιιιιιιιιις
777 3025 830 3068 nec
853 3011 914 3068 sine
933 3011 995 3083 ipso
1018 3009 1098 3067 ideas
1118 3023 1165 3080 ge·

112 3094 496 3170 neraiesetiormariposse.
515 3094 688 3163 Quinetiam
704 3111 737 3156 eo
753 3096 893 3170 progressi
909 3102 985 3167 sunt,
999 3099 1030 3152 ut
1038 3093 1165 3152 dicerent

113 3184 211 3261 ipsam
234 3179 451 3255 intelligentiam
469 3181 584 3240 nonnisi
598 3197 635 3240 ex
654 3197 708 3241 usu
722 3181 853 3256 loquelae
870 3179 1010 3256 progigni.
1036 3180 1163 3240 atenim

114 3272 188 3330 haec
204 3284 268 3329 esse
283 3267 403 3326 ridicula
424 3267 548 3343 optimus
567 3267 685 3363 quisque
700 3265 857 3340 indicabit,
880 3265 963 3324 modo
982 3263 1085 3340 cogitet
1105 3279 1164 3325 non

114 3371 200 3432 posse
219 3354 352 3430 loquendi
368 3369 452 3414 usum
471 3353 581 3428 concipi
601 3351 656 3412 nisi
670 3353 730 3412 ianr
743 3361 830 3414 antea
846 3312 1034 3449 intelligentia
1058 3351 1163 3412 subau-

117 3443 223 3502 diatur.
240 3439 299 3502 Non
313 3440 390 3500 enim
404 3440 472 3516 quia
487 3440 628 3516 loquimur
643 3439 849 3534 intelligimus,
859 3439 920 3498 sed
937 3437 1081 3498 vicoversa
1096 3437 1165 3512 quia

116 3525 303 3599 intelligimus
322 3525 470 3600 loquimur.
487 3525 563 3586 Unde
578 3522 678 3598 bruta,
697 3523 764 3599 qnia
779 3522 969 3598 intelligentia
984 3527 1102 3595 carent,
1119 3519 1163 3580 id·

118 3612 193 3672 circo
203 3609 337 3686 loquendi
351 3610 483 3670 facultate
494 3610 650 3684 privantur.
663 3607 742 3678 Quod
758 3608 782 3667 si
797 3605 1016 3682 intelligentiae
1031 3622 1163 3668 sermone

119 3711 176 3754 non
195 3691 317 3770 pendet,
338 3695 440 3769 poterit
458 3695 506 3754 illa
527 3693 642 3768 quidem
664 3694 724 3752 suis
740 3693 783 3752 uti
803 3690 911 3753 viribus
934 3693 970 3752 ad
995 3693 1075 3753 ideas
1099 3693 1161 3752 sive

122 3779 287 3839 dividendas
304 3779 365 3838 slve
380 3779 589 3854 componendas
611 3779 671 3838 sive
686 3779 773 3838 etiam
788 3775 1008 3850 abstrabeudas,
1031 3775 1101 3851 quin
1121 3773 1163 3832 id·

123 3862 199 3924 circo
221 3879 314 3926 sermo
335 3865 413 3924 velut
433 3879 519 3924 cansa
543 3871 592 3923 aut
612 3863 835 3923 instrumentum
856 3862 1034 3925 adldbeattm.
1056 3859 1112 3924 Sed
1129 3857 1165 3917 de

122 3945 177 4012 hac
190 3964 223 4012 re
241 3948 333 4012 insius
345 3949 401 4012 erit
415 3947 450 4011 ιιι
461 3947 652 4026 ltetaphpsica
664 3947 879 4024 disputandum.
945 3944 950 3954 ’
