2767 4492
232 395 284 463 lot
556 405 785 458 murenrsrosn
798 399 946 457 manure

230 501 363 574 oiscatur,
377 501 410 559 ut
424 497 563 573 vegetatio
580 498 711 572 plantae:
726 495 805 555 entia
822 507 896 570 quae
913 489 1037 568 primam
1056 489 1167 550 bobrm
1185 483 1270 551 actio·

229 600 298 646 nem
306 585 486 659 participant,
497 598 554 644 non
568 581 707 655 viventie;
718 595 792 655 quae
805 593 874 639 vero
887 577 1012 637 secunda
1024 576 1159 650 gaudent,
1174 575 1271 636 dven-

107 713 112 718 -
231 671 271 730 iia
285 671 478 729 nominantur.

267 755 338 815 Hinc
351 754 441 814 oritur
454 751 555 812 divisio
569 752 602 810 in
615 749 670 810 tria
683 747 735 810 illa
748 757 838 823 regna
854 750 988 820 semme,
1004 745 1081 805 circa
1094 758 1168 819 quae
1181 745 1272 804 scien-

232 841 288 900 tiae
297 837 441 898 naturales
455 839 613 897 versantur.
624 836 696 896 Nam
709 849 837 908 corpora,
854 831 1034 906 superficiem
1047 835 1097 889 aut
1105 830 1215 889 uiscera
1224 829 1273 889 tel·

231 923 302 984 luris
316 921 500 998 occupantia,
516 922 542 981 si
555 921 614 980 vita
627 935 744 995 prorsus
762 922 874 991 omont,
893 915 1055 975 miseratio
1078 912 1270 989 appellantur,

231 1011 327 1082 utpote
342 1021 415 1080 ullae
429 1006 548 1065 materia
564 1009 677 1064 tantum
687 1005 773 1062 bruta
781 1007 811 1061 et
823 1000 990 1074 inorganica
1003 1005 1142 1059 constant.
1159 998 1210 1057 Sin
1223 1015 1274 1059 au·

232 1097 290 1151 tam
303 1091 363 1149 vita
376 1089 524 1163 fruuntur,
540 1095 608 1150 tuuc
623 1091 673 1147 aut
686 1087 718 1146 in
730 1087 830 1146 intimo
844 1083 990 1143 vitalitatis
1010 1083 1102 1157 gradu
1115 1081 1275 1141 concubant
1379 1102 1380 1159 j

233 1181 262 1235 at
275 1174 414 1248 regetalia
427 1177 616 1247 remanant
628 1172 743 1247 plantae
751 1185 825 1245 quae
838 1169 973 1227 interiore
982 1175 1062 1226 motu
1076 1167 1201 1239 dunum,
1213 1181 1274 1226 suc·

234 1264 379 1332 crescunt,
395 1259 568 1332 germinant3
585 1261 635 1316 aut
648 1261 762 1332 praeter
773 1257 835 1314 rim
847 1253 1015 1328 vegrandi,
1031 1253 1091 1313 mm
1112 1253 1200 1312 etiam
1214 1268 1275 1312 sen·

234 1344 323 1404 tiendi
336 1343 496 1418 possident,
513 1347 542 1402 et
562 1341 699 1401 animalia
711 1341 867 1413 dicunm,
883 1344 917 1398 ut
931 1339 1012 1413 equi,
1029 1353 1096 1397 aves
1110 1341 1139 1396 et
1152 1337 1273 1412 similia;

233 1429 337 1502 quibus
350 1442 409 1487 non
423 1427 507 1487 modo
520 1427 616 1486 rivere
631 1441 698 1485 cum
716 1425 867 1484 fruticibus
884 1437 1037 1483 commune
1049 1427 1109 1497 eat,
1125 1423 1176 1483 sed
1189 1423 1276 1482 ctiam

232 1513 323 1572 virtus
337 1513 412 1572 inest
425 1511 614 1586 perceptionis
628 1510 777 1570 cuiusdam
792 1509 962 1568 eliciendae.

269 1597 313 1656 52.
329 1597 377 1656 list
397 1601 543 1672 praeterea
557 1594 603 1655 bis
623 1595 707 1669 louge
721 1595 806 1653 allius
824 1593 900 1653 vitae
917 1607 1023 1668 genus,
1040 1593 1117 1667 quod
1128 1593 1276 1668 proprium
1293 1619 1297 1626 ’

236 1686 279 1742 eat
293 1681 458 1756 spirituum,
478 1681 529 1756 qui
543 1695 611 1755 non,
629 1688 660 1740 ut
680 1694 808 1753 corpora,
823 1679 913 1739 vitam
932 1679 1056 1751 abunde,
1072 1694 1109 1738 ex
1123 1679 1221 1738 anima
1233 1679 1277 1737 ni·
1379 1666 1380 1689 ¹

234 1766 342 1826 mirum
355 1765 630 1846 quainlormantur,
640 1764 796 1840 recipiunt,
812 1763 863 1824 sad
876 1763 932 1838 ipsi
945 1763 1004 1822 vita
1022 1768 1099 1836 suut,
1115 1763 1277 1822 mosania
1379 1780 1380 1827 t

236 1851 345 1910 scilicet
359 1865 432 1924 qliae
446 1844 560 1909 sibimet
573 1847 636 1923 ipsa
654 1847 835 1924 propriarum
850 1847 995 1906 actionum
1009 1853 1053 1907 est
1072 1849 1143 1906 ions.
1159 1846 1193 1905 lit
1206 1861 1276 1920 ouo-
1379 1876 1380 1879 π

236 1935 316 1994 niam
330 1934 441 2008 operari
455 1949 492 1992 ex
507 1935 599 2007 seipso
617 1933 825 2010 perfectissime
838 1937 868 1991 et
887 1933 971 2006 plene
989 1947 1048 1991 non
1068 1930 1200 2004 competit
1215 1931 1275 1990 nisi

237 2012 307 2094 Deo,
324 2016 373 2093 qui
387 2017 483 2077 omnia
497 2023 563 2077 actu
575 2013 675 2092 babet,
692 2022 721 2078 et
735 2017 851 2092 quidem
865 2031 883 2074 a
897 2031 941 2089 se;
958 2015 1080 2075 ellicibrr
1094 2015 1161 2073 binc
1174 2019 1208 2073 ut
1222 2015 1279 2074 rita

237 2103 267 2163 in
283 2099 420 2162 altissimo
435 2101 525 2176 gradu
538 2101 654 2177 propria
668 2102 705 2161 sit
720 2101 807 2160 solius
820 2099 881 2173 llei,
896 2099 985 2160 immo
999 2099 1073 2159 licus
1086 2099 1145 2158 vita
1159 2099 1196 2158 sit
1216 2114 1279 2173 per-

238 2186 393 2248 fectissima
406 2203 464 2246 non
483 2185 576 2247 solum
590 2187 621 2246 in
640 2191 705 2246 actu
723 2186 830 2261 primo,
847 2185 1047 2245 verumetiam
1062 2183 1201 2258 secundo,
1218 2183 1279 2243 sine

237 2271 298 2331 ulla
311 2267 499 2346 dependentia
508 2273 545 2330 ab
560 2271 702 2330 exteriore
715 2269 865 2346 principio.
880 2270 1010 2330 Viventio
1025 2272 1120 2329 autem
1134 2273 1231 2327 creata
1241 2269 1280 2326 ri-

239 2359 298 2414 tam
312 2355 376 2430 plus
390 2356 521 2415 minusve
535 2355 716 2429 participant,
726 2359 810 2429 prout
816 2354 939 2430 propius
953 2354 1145 2428 remotiusque
1160 2354 1198 2411 ad
1211 2353 1280 2412 diui·

238 2454 307 2499 nam
320 2438 524 2515 perlectionem
538 2438 692 2513 accedunt,
709 2443 738 2498 et
757 2437 864 2499 maiore
879 2439 925 2499 rel
939 2439 1050 2499 minore
1068 2440 1098 2497 ri
1111 2439 1236 2512 gaudent
1249 2453 1280 2498 sc

238 2523 428 2585 constituendi
443 2525 475 2584 in
490 2527 555 2583 actui
568 2523 673 2582 rirbrte
690 2523 814 2597 propria.
831 2522 877 2583 Sic
896 2523 974 2584 euim
988 2539 1022 2583 eo
1042 2524 1126 2582 modo
1141 2539 1197 2598 quo
1217 2537 1280 2597 pos-

241 2613 308 2667 sunt
325 2610 455 2682 propriso
473 2607 655 2681 perfectionis
673 2607 912 2681 complementum
924 2607 986 2668 ‚sibi
1001 2607 1148 2683 tribuunt,
1169 2609 1224 2668 sub
1239 2607 1281 2667 in·

241 2685 322 2750 llunu
337 2695 432 2752 umen
447 2691 553 2765 diviua
573 2691 813 2766 quemadmodum
828 2694 1023 2754 creaturarum
1036 2699 1140 2754 nabrra
1152 2693 1217 2753 iert.

276 2773 333 2836 litai
347 2777 406 2836 rita
421 2775 524 2850 triplici
538 2775 709 2850 operationis
724 2791 827 2849 genere
842 2779 972 2837 exerceri
981 2779 1079 2852 possit,
1092 2778 1280 2852 vegetatione,

242 2861 437 2934 sensibilitate,
452 2859 654 2935 intelligentia3
671 2865 769 2920 tamtm
778 2876 812 2920 ca
826 2877 893 2935 uox,
905 2877 973 2921 curn
987 2862 1114 2935 absolute
1128 2863 1280 2937 profertur,

241 2947 276 3004 ad
292 2947 415 3019 primam
434 2945 536 3004 barum
556 2942 706 3004 dumtaxat
724 2945 941 3019 significandam
960 2945 1121 3005 adhibetur.
1143 2947 1284 3020 confingit

186 3049 188 3054 ·
242 3028 320 3086 enim
334 3043 538 3103 saepenumero
552 3034 585 3088 ut
605 3029 771 3103 genoricum
788 3043 895 3089 nomen
915 3030 1033 3089 intimae
1054 3036 1165 3089 tantum
1179 3031 1285 3105 speciei

241 3109 435 3185 relinquatur,
452 3119 536 3186 atqua
549 3114 590 3171 ita
604 3113 677 3172 dixit
691 3113 877 3187 Augustinus:
897 3114 980 3172 cobis
999 3115 1096 3173 vicere
1113 3130 1183 3174 cum
1201 3115 1287 3173 orbo-

240 3197 326 3256 rt'bus
343 3204 370 3254 ot
382 3197 515 3270 fructetis
529 3213 682 3256 monuero
697 3203 738 3256 est
753 3197 778 3255 t,
789 3197 820 3256 In
834 3198 888 3257 boc
902 3213 989 3257 sensu
1003 3199 1169 3258 vitalitatem
1178 3198 1225 3257 bic
1239 3213 1287 3256 ac·

242 3281 373 3355 cipimus,
390 3281 481 3354 deque
495 3295 529 3340 ea
542 3281 650 3356 aliqum
665 3281 832 3340 summatim
845 3282 1015 3342 delibamus.

278 3363 323 3424 53.
339 3360 483 3437 vegetatio
497 3379 548 3438 pro
562 3364 672 3425 obiecto
687 3365 765 3423 circa
785 3360 861 3439 quod
882 3371 1062 3439 exerceatur,
1077 3362 1162 3424 habet
1179 3378 1287 3439 corpus

242 3447 337 3524 ipsum
351 3447 492 3522 principio
506 3447 580 3506 vitae
595 3445 790 3521 informatum,
801 3462 891 3524 eaque
906 3450 943 3509 ad
956 3450 1141 3509 nutritionem
1150 3453 1180 3507 et
1191 3463 1289 3522 repro

244 3531 405 3592 ductionem
418 3532 572 3592 reducitur.
584 3533 654 3593 liam
663 3547 782 3607 corpora
791 3533 909 3594 vitalici
922 3535 1058 3610 praedita,
1075 3535 1290 3607 continuaque·

245 3613 311 3673 dam
324 3621 353 3676 et
371 3616 484 3680 interna
502 3617 626 3676 motione
644 3617 818 3692 alliciuntur,
837 3625 893 3690 oua
912 3619 1047 3680 alimenta
1066 3619 1143 3678 intra
1157 3623 1291 3691 suscepta

245 3697 302 3758 albi
319 3695 476 3760 assimilant
492 3709 542 3760 seu
561 3699 592 3760 in
609 3702 754 3777 propriam
770 3698 958 3763 substantiam
978 3707 1156 3764 convertunt.
1177 3703 1219 3762 lix
1233 3717 1291 3776 quo

245 3777 279 3842 tit
292 3785 323 3842 ut
336 3784 502 3860 particulas,
519 3795 590 3860 quat
605 3785 803 3862 transpirando
822 3787 969 3864 amittunt,
986 3787 1100 3850 assidue
1113 3791 1291 3866 metaurentp

289 3945 303 4011 l
319 3951 389 4010 sam.
405 3949 436 4003 tl
449 3951 484 4006 lu
502 3948 565 4007 tuo.
581 3957 660 4020 spos.
