2767 4492
206 249 243 309 90
504 281 506 287 .
536 253 766 300 mensuralitati
780 254 927 298 senciente

206 342 355 404 transferri
370 340 460 412 solet,
477 337 578 398 demus
589 337 724 412 Spinouae
739 335 918 409 vocabulum,
935 350 970 396 ac
984 336 1061 410 leges
1073 342 1195 400 namtas
1208 342 1257 404 dc.

206 434 284 490 creta
297 427 348 486 llei
357 425 547 486 nominemus.
560 424 632 490 Ouid
643 423 725 481 tum‘l
738 421 792 480 Eas
807 421 847 480 ait
860 436 898 480 ex
912 422 1085 496 perfectione
1099 425 1198 486 divina
1206 445 1257 488 ne·

169 516 171 520 ’
206 512 330 574 cessario
350 509 493 583 consequi.
511 509 601 576 duam
623 507 659 566 oh
679 507 816 566 cansam?
831 505 916 579 Quia,
932 507 1040 582 inquit,
1056 509 1130 569 nihil
1147 511 1205 572 nisi
1219 530 1258 574 es

205 597 265 656 solo
279 595 377 656 divino
390 595 503 654 decreto
514 607 613 650 verum
628 595 672 652 est
685 590 857 650 necessario.
868 591 1051 665 htquomodo
1061 593 1126 668 ista,
1139 611 1255 673 praeeo,

153 733 156 746 .
206 681 359 740 cohaerent
375 679 451 738 inter
468 679 518 736 sel
532 675 607 736 Nihil
621 675 678 736 nisi
699 691 736 735 ex
750 675 810 734 solo
829 675 926 734 divino
945 676 1059 737 decreto
1077 693 1178 738 verum
1197 689 1254 757 est;

205 780 272 836 ergo
286 765 399 824 decreta
413 761 462 820 liei
477 777 515 820 en
529 759 699 819 necessitate
707 764 736 818 et
748 759 922 833 perfectione
932 760 1046 820 divinae
1059 768 1179 822 naturae
1189 781 1256 824 eon·

206 847 379 921 sequuntur!
400 845 459 910 llisi
473 859 555 908 mans
569 859 617 906 me
626 843 720 917 fallet,
731 843 824 904 houm
838 844 886 904 hic
900 845 1083 915 ratiocinator
1100 847 1204 922 pictori
1212 855 1257 911 cst

145 941 147 945 ·
205 932 323 1004 sinitis,
339 931 389 1006 qni

383 1100 536 1174 Delphines
555 1100 634 1162 siluis
653 1100 791 1174 appingit,
808 1099 943 1160 flnctihns
960 1115 1057 1174 apros.

206 1273 274 1342 duis
288 1273 367 1332 enim
380 1285 438 1330 non
453 1271 539 1344 uidet,
554 1270 641 1330 etiam
655 1269 686 1329 in
700 1270 851 1344 hypothesi
865 1270 942 1344 qnod
955 1271 1089 1330 verihtes
1103 1286 1204 1332 omnes
1217 1289 1256 1334 ex

204 1358 318 1418 decreto
328 1356 378 1414 llei
387 1355 539 1430 pendeant,
550 1354 774 1428 pesseveritates
784 1355 982 1428 contingentes
990 1356 1108 1429 adstrui,
1119 1373 1153 1416 ec
1163 1360 1257 1432 proin·

205 1443 240 1501 de
255 1441 366 1500 nnllnm
381 1455 444 1500 esse
462 1440 586 1513 logicum
601 1453 709 1501 nexum
723 1439 799 1518 inter
811 1439 1000 1513 praemissam
1020 1439 1099 1500 illam
1113 1449 1142 1500 et
1156 1440 1258 1502 illatio·

165 1557 169 1566 ·
202 1527 291 1584 nem?
301 1525 405 1584 terum
418 1525 448 1582 id
462 1524 655 1582 condonemus
667 1523 843 1596 adversario,
859 1523 891 1582 in
906 1539 962 1597 qno
977 1524 1053 1582 ratio'
1068 1540 1153 1599 saepe
1167 1527 1252 1587 solita

203 1615 246 1669 est
260 1609 367 1668 ledani.
383 1610 533 1667 Videamus
552 1608 647 1682 potius
662 1621 700 1666 an
715 1608 771 1666 duo
786 1607 835 1666 illo
849 1609 962 1668 adserta
975 1624 1034 1668 non
1045 1609 1188 1684 copulate,
1205 1612 1255 1671 sed

204 1709 334 1754 seorsum
348 1695 449 1754 saltem
463 1709 531 1753 vera
545 1694 612 1752 sint.

235 1779 310 1838 Nihil
328 1780 454 1852 proiecto
468 1779 573 1837 minus.
590 1778 661 1838 llam
675 1778 712 1836 ad
729 1778 856 1852 primum
870 1777 947 1852 quod
961 1779 1080 1853 attinet,
1099 1785 1157 1839 tam
1171 1780 1256 1855 longe

205 1864 285 1923 abest
301 1869 333 1923 ut
347 1879 419 1936 quse
429 1863 590 1924 necessario
609 1877 678 1922 vera
692 1867 778 1936 sunt,
792 1878 844 1937 per
858 1863 908 1934 liei
923 1865 1068 1923 decretum
1083 1864 1113 1923 id
1132 1865 1207 1938 sint,
1222 1872 1255 1924 nt

203 1948 284 2006 nullo
294 1948 386 2006 'immo
401 1948 438 2006 sit
451 1948 614 2012 necessaria
627 1948 733 2006 vetites
748 1963 822 2021 quae
831 1963 868 2006 cn
882 1947 932 2007 Dei
943 1949 1055 2007 decreto
1070 1949 1201 2022 pendeat.
1212 1951 1255 2008 dn

201 2047 269 2094 vero
283 2038 345 2092 nte
360 2039 469 2107 septem
483 2033 612 2092 deductis
622 2037 754 2106 quotuor,
766 2033 870 2106 reliqui
884 2048 998 2092 summa
1007 2039 1109 2107 aequet
1119 2039 1176 2093 tres
1189 2036 1254 2095 uni-

203 2122 287 2192 tates,
314 2118 343 2176 id
366 2119 415 2176 liei
430 2118 576 2176 decretum
590 2117 763 2191 postulavit?
782 2117 860 2175 ldem
874 2118 921 2176 dic
934 2118 971 2177 de
993 2118 1099 2177 circulo
1113 2123 1147 2176 ut
1160 2119 1197 2177 sit
1210 2133 1254 2178 ro-

204 2204 324 2262 tundus:
343 2202 420 2261 idem
435 2203 470 2260 de
481 2208 537 2261 toto
551 2203 644 2274 quoad
659 2216 812 2260 excessum
827 2215 895 2281 erga
909 2203 1036 2275 singulas
1054 2207 1164 2277 partes,
1178 2203 1255 2263 idem

202 2288 238 2347 de
255 2287 372 2346 veritade
388 2288 488 2360 quavis
502 2285 673 2344 necessaria.
690 2286 764 2344 Num
779 2282 866 2358 haec,
884 2285 909 2344 si
928 2287 1002 2344 Deus
1018 2287 1101 2345 ahter
1114 2286 1255 2346 decrevis-

202 2377 259 2444 set,
286 2375 460 2429 commutata
474 2374 570 2430 essent
593 2377 621 2427 et
640 2370 782 2428 contrarie
801 2369 977 2429 evasissent?
1000 2371 1150 2446 Perperam
1168 2371 1257 2445 igitur

202 2454 321 2528 spineae
336 2454 484 2514 confundit
500 2454 631 2512 vetitetes
644 2455 822 2512 necessarias
840 2469 907 2513 cnm
921 2455 1162 2529 contingentibus,
1179 2471 1254 2530 queo

201 2543 300 2597 mutuo
314 2538 532 2611 distinguendae
543 2544 610 2596 sunt
623 2538 761 2597 maxime.
777 2539 836 2599 Hae
846 2540 926 2597 enim
940 2555 958 2598 a
972 2541 1022 2598 liei
1032 2542 1146 2600 decreto
1156 2540 1255 2614 utique

200 2622 326 2693 pendent
340 2622 386 2693 (ut
399 2626 591 2695 me'exstare,
608 2623 738 2696 planetas
756 2624 882 2696 moveri,
899 2629 985 2699 etque
1004 2625 1062 2684 elia
1080 2626 1110 2684 id
1128 2627 1251 2698 genus);

201 2702 267 2762 illac
285 2718 352 2763 veru
366 2719 561 2778 nequaquem,
579 2707 629 2765 sed
644 2707 785 2766 eiusmodi
800 2713 867 2766 snnt
881 2715 983 2767 natnra
1004 2725 1057 2768 sne
1078 2715 1161 2783 atque
1180 2709 1255 2768 adl·

199 2787 268 2846 sino
287 2789 434 2853 intellectu
448 2789 576 2849 hainam
591 2791 745 2851 essentiam
760 2793 969 2866 contemplante
985 2793 1146 2852 necessario
1160 2793 1254 2851 conci·

201 2874 327 2946 pientur.
341 2875 402 2947 Sed,
418 2879 452 2933 nt
465 2876 551 2934 etiam
560 2877 632 2936 heco
646 2876 736 2935 misse
750 2874 900 2948 iaciamus,
914 2877 984 2950 quid
994 2877 1147 2938 dicendum
1155 2877 1192 2935 de
1205 2891 1254 2935 ne

202 2955 332 3032 cessitate
347 2959 395 3016 illa
409 2960 587 3019 decretorum
601 2962 633 3019 in
649 2976 706 3035 qua
716 2960 801 3019 cardo
815 2961 909 3019 omnis
929 2961 1105 3021 difficultatis
1119 2962 1255 3021 vertitur?

200 3039 231 3098 ld
241 3039 328 3098 etiarn
338 3042 523 3102 falsissimum
532 3046 649 3104 omnino
659 3049 710 3103 est.
724 3043 835 3103 Etenim
844 3045 967 3120 decreta,
980 3062 1055 3120 quae
1069 3047 1171 3105 mundi
1181 3046 1254 3106 eius·

201 3133 257 3197 qne
273 3124 366 3198 legum
380 3127 563 3186 existentiam
577 3129 736 3202 attingunt,
752 3128 844 3187 libera
857 3129 915 3189 lieo
930 3135 997 3189 sunt
1017 3147 1142 3204 prorsus,
1159 3145 1254 3202 neque

201 3223 238 3267 cx
248 3209 297 3268 Dei
313 3211 484 3283 perfectione
494 3212 540 3271 vel
551 3213 690 3286 sapientia
704 3214 866 3274 necessario
881 3215 1037 3273 dimanant.
1050 3215 1083 3271 ht
1092 3227 1162 3270 eane
1176 3213 1252 3269 Deus

201 3307 292 3366 aeone
302 3295 443 3368 perlectus
453 3302 540 3371 esset,
557 3297 582 3356 si
595 3297 722 3355 mundus
735 3298 831 3357 nullus
841 3305 967 3359 exstaret
983 3301 1032 3355 eut
1044 3296 1178 3368 physicae
1188 3293 1251 3352 eius

200 3377 277 3450 leges
291 3379 373 3460 aliter
386 3383 638 3455 constituerentur,
655 3397 709 3440 nec
719 3382 817 3441 divina
832 3382 971 3458 sapientia
985 3377 1145 3438 necessario
1163 3376 1252 3436 dictat

200 3467 287 3524 utres
302 3465 398 3525 linitae
410 3466 458 3524 tali
473 3465 517 3524 vel
533 3466 582 3525 tali
599 3481 720 3528 numero
733 3471 873 3540 creentur,
886 3469 939 3524 hoc
947 3463 1048 3522 ordine
1058 3460 1152 3535 potius
1162 3475 1251 3534 quem

200 3551 255 3609 olio
270 3552 470 3624 disponantur,
488 3551 542 3610 hoc
556 3557 634 3611 motu
649 3568 719 3626 prae
736 3553 792 3612 elio
810 3567 928 3625 corpore
942 3547 1106 3606 incitentur.

237 3634 360 3692 Tertium
374 3635 450 3709 quod
464 3635 523 3709 ait,
539 3637 695 3710 potentiam
714 3644 742 3696 et
755 3639 888 3696 virtutem
906 3637 1026 3692 naturae
1041 3630 1118 3690 idem
1133 3645 1197 3690 esse
1216 3647 1251 3692 ac

200 3717 356 3791 potentiam
370 3725 398 3776 et
411 3721 545 3778 virtutem
559 3719 618 3788 liei,
631 3711 715 3796 atipue
730 3722 793 3780 ideo
807 3717 946 3778 limitibus
961 3731 1069 3789 carere,
1082 3716 1250 3789 negandum

201 3800 319 3862 omniuo
335 3805 388 3862 est.
408 3804 439 3866 ld
449 3804 549 3878 enim,
565 3810 597 3865 ut
616 3805 736 3883 quisque
754 3805 908 3881 perspicit,
925 3800 1136 3867 absurdissime
1150 3801 1253 3862 nltitnr
