2767 4492
225 245 278 306 228
369 261 374 269 ·
498 217 501 224 ⁴
554 257 782 308 uursrursicse
796 260 943 306 ernustus

224 343 311 403 rebus
322 331 507 405 sensibilibus
521 345 555 404 od
571 345 648 405 huuc
661 345 780 404 modum
794 341 964 417 cognitionis
977 353 1136 414 assurgere,
1146 339 1273 398 manile-

225 433 302 488 stum
311 435 363 488 est.
375 431 446 491 Num
458 446 505 490 res
519 434 630 489 creatae
646 443 822 503 quemqnam
835 427 1075 500 contingentes-et
1087 424 1188 484 iinitee
1197 424 1270 497 sint,

225 517 320 572 tumen
331 513 502 578 imitationes
512 519 579 572 sunt
587 513 679 572 reales
690 513 910 587 umneqpomm
924 510 1038 570 divinoe
1051 510 1158 569 mentis
1163 525 1177 581 3·
1183 513 1274 582 utquie

225 595 290 654 idco
310 603 439 656 sommus
463 597 595 664 veritates
617 597 786 670 divinosque
806 599 960 668 conceptue
981 609 1034 653 suo
1053 592 1139 652 modo
1159 591 1274 666 petete-

226 679 305 738 ciunt
320 682 348 754 t;
365 682 448 740 modo
461 681 597 740 idoneum
611 680 774 740 subiectum
787 679 945 751 invenient,
962 677 1038 752 quod
1051 692 1100 735 eos
1114 680 1273 749 conceptus

226 777 327 837 capere
347 765 444 838 possit.
462 764 706 832 Quemadmodum
719 763 862 838 pellucido
875 776 995 836 corpore
1007 760 1162 820 eiaculatus
1178 760 1273 818 escle

225 847 319 906 radios
334 848 545 921 transmittunt,
561 853 590 907 et
603 863 779 922 quemquam
792 847 830 906 ob
845 847 988 921 perlectae
1002 844 1205 920 pelluciditutis
1223 859 1273 902 ce-

224 931 345 991 rentiam
358 932 509 991 fasciculos
522 933 595 991 lucis
609 933 774 1006 disgregent
782 935 811 990 et
820 931 987 1003 obscurent3
1000 945 1049 988 eos
1060 934 1155 987 umen
1165 942 1200 987 co
1209 942 1272 986 mo

225 1015 261 1074 do
275 1029 331 1090 qno
345 1021 481 1089 possunt,
496 1016 625 1090 opposito
645 1015 747 1090 parieti
769 1029 870 1074 revera
889 1013 1113 1073 communicent.
1136 1011 1271 1070 vicissim

225 1115 307 1159 mens
320 1100 448 1160 hirmane
460 1099 659 1159 intellectualis
673 1100 801 1174 prolecto
814 1105 844 1158 et
856 1097 1003 1158 rationulis
1017 1113 1036 1156 o
1049 1097 1106 1156 ileo
1119 1097 1196 1154 lacu
1208 1101 1269 1162 est,

225 1183 363 1242 nimirum
383 1185 431 1242 tsli
447 1189 565 1243 naturae
580 1184 805 1243 conformatione
819 1183 956 1256 donatur,
973 1187 1007 1242 ut
1025 1182 1103 1241 intus
1120 1181 1216 1254 legere
1236 1181 1269 1239 in
1369 1196 1370 1201 ¹

225 1267 312 1326 rebus
326 1283 481 1342 earumque
496 1269 622 1328 rationes
635 1261 847 1341 deprehendere
862 1267 964 1326 relect.
977 1266 1025 1328 liet
1038 1266 1115 1324 enim
1129 1263 1213 1338 quasi
1226 1264 1269 1323 vi-

227 1351 281 1409 tale
294 1351 437 1424 quoddam
451 1352 608 1425 speculum,
620 1351 697 1426 quod
708 1351 780 1410 lucis
793 1349 907 1410 divinas
920 1350 1025 1423 radios,
1036 1348 1168 1408 ocreatis
1181 1346 1269 1407 rebus

226 1435 422 1504 nansmissos,
439 1435 574 1508 suscipiat
591 1440 675 1508 atque
690 1435 726 1493 ad
739 1434 956 1507 intelligendum
975 1433 1107 1492 retineat.
1124 1432 1197 1491 ilinc
1213 1432 1269 1490 mi·

225 1534 291 1577 rum
304 1534 363 1578 non
377 1525 421 1578 est
434 1520 468 1592 si,
486 1519 595 1578 obiecto
610 1519 691 1578 sinito
700 1523 730 1578 et
738 1517 867 1577 sensibili
882 1518 1034 1592 proposito,
1046 1517 1142 1576 ideam
1156 1517 1269 1576 exscud-

225 1607 283 1676 pat,
295 1618 368 1676 quae
382 1603 459 1662 illios
473 1602 683 1662 concretionem
697 1607 726 1660 et
739 1602 886 1676 angustias
900 1607 1023 1675 superet,
1039 1605 1124 1674 etque
1137 1601 1175 1659 ed
1189 1600 1269 1660 altio

224 1701 271 1745 ree
285 1687 414 1746 notiones
427 1702 479 1760 per
493 1701 523 1746 se
538 1687 678 1746 obiectivc
693 1688 860 1761 spectandas
874 1686 1020 1745 evehatur.
1046 1725 1049 1731 ,

260 1771 348 1843 Atque
362 1779 394 1828 ut
408 1770 547 1830 theoriam
564 1770 640 1830 hanc
661 1777 847 1844 argumento,
864 1770 939 1844 qnod
955 1775 1126 1842 decumus,
1142 1771 1270 1844 applice-

225 1869 304 1927 mns3
320 1870 386 1915 cum
402 1856 478 1915 entis
492 1856 653 1916 finitorem
667 1857 825 1916 readmtem
837 1855 993 1924 involvunt,
1005 1871 1087 1915 mens
1100 1870 1172 1929 quse
1185 1855 1270 1915 inde

225 1937 312 2000 sione
326 1939 388 2012 ipss
402 1945 520 1999 natiuae
534 1940 636 2000 idonea
650 1945 695 2000 cst
704 1941 846 1998 adrerum
859 1940 985 2000 rationes
998 1939 1178 2014 detegendas,
1192 1939 1269 1999 henc

226 2023 325 2097 ntique
346 2024 541 2097 deprehendit.
557 2025 627 2082 lum
642 2024 679 2082 ab
694 2024 773 2082 omni
788 2025 968 2086 concretione
981 2029 1010 2083 et
1023 2024 1113 2082 limite
1130 2024 1267 2097 cognitio

225 2122 293 2167 nem
307 2107 489 2180 abstrahens,
506 2112 675 2182 conceptum
688 2107 771 2166 illum
784 2108 921 2167 reedtetis
934 2123 994 2166 non
1007 2108 1067 2166 inm
1080 2108 1117 2166 od
1128 2123 1175 2166 res
1190 2109 1267 2181 ipsus

225 2195 335 2252 creatas
352 2197 495 2264 tamquam
510 2191 624 2265 aliquod
638 2207 730 2266 genus
744 2192 848 2265 refert,
864 2192 914 2250 sed
929 2207 979 2265 per
993 2207 1025 2250 se
1041 2195 1070 2249 et
1083 2191 1114 2249 in
1127 2191 1268 2250 obiectira

225 2275 288 2334 eius
301 2275 410 2334 ratione
427 2275 651 2350 contemplatur;
668 2291 720 2334 seu
734 2275 803 2349 quid
817 2276 976 2350 inproprie
990 2275 1105 2334 notione
1119 2275 1265 2349 importet,

224 2359 364 2434 intelligit.
388 2359 467 2419 illam
489 2367 586 2421 eutem
600 2360 641 2418 sic
655 2359 814 2434 inspectum
835 2375 929 2434 neque
944 2360 981 2418 sd
995 2360 1195 2420 noccsumem
1206 2361 1268 2418 exi·

226 2444 327 2516 stendi,
343 2458 436 2518 noque
450 2443 487 2503 ud
501 2445 724 2526 contingentium
740 2443 923 2503 determinari
937 2445 1023 2519 ridet,
1036 2445 1087 2504 sed
1100 2445 1133 2502 in
1146 2450 1267 2518 utroque

225 2531 300 2586 stetu
309 2528 473 2602 possibilem
489 2543 551 2587 esse
565 2528 710 2601 cognoscit
725 2529 750 2584 ².
762 2527 834 2586 ilinc
847 2528 991 2603 duplicem
1004 2532 1173 2602 conceptum
1186 2528 1268 2588 ceuli-

226 2612 291 2672 tntis
312 2612 609 2672 cumscientiam
630 2611 777 2671 absolutae
791 2617 821 2670 et
833 2614 1026 2687 necessariam
1044 2613 1183 2673 realitetis
1201 2628 1267 2674 con·

270 2809 282 2854 d
301 2807 360 2856 Coeli
377 2813 480 2857 enerrsut
495 2809 587 2870 plurium
601 2809 641 2857 nsi
658 2813 680 2857 et
697 2825 763 2872 opere
776 2825 881 2858 munuum
899 2809 947 2857 eius
963 2809 1081 2857 annuntiet
1097 2808 1268 2856 firmentum.

223 2887 262 2933 Pu.
278 2886 319 2934 d8.

271 2961 286 3006 2
302 2961 364 3014 Quod
382 2963 469 3010 reuiitse
491 2965 609 3024 qeneretim
626 2965 764 3012 considente
781 2963 892 3028 duplicem
913 2963 972 3011 hunc
989 2967 1101 3026 especmm
1118 2962 1226 3025 obiiciut,
1243 2978 1268 3008 uc

224 3033 316 3097 proinde
331 3035 354 3082 in
369 3036 478 3100 duplicem
492 3039 583 3086 clussesu
598 3041 691 3103 dispesci
706 3043 791 3105 pessit,
807 3041 912 3088 nimirum
927 3040 1033 3086 reeiitetis
1049 3039 1162 3086 ubsclutse
1175 3053 1231 3100 quus
1245 3037 1269 3084 ui

224 3124 263 3157 suu
277 3111 301 3157 in
316 3112 376 3158 omni
389 3113 527 3174 plenitudino
541 3115 653 3178 subsistet,
665 3123 687 3163 et
696 3117 802 3164 reuliulis
816 3117 919 3163 relutirus
932 3130 988 3176 quse
1003 3114 1066 3161 linite
1080 3115 1165 3161 ustione
1179 3114 1269 3160 ulterius

223 3188 304 3234 virtuto
319 3192 398 3251 erstet5
417 3190 472 3234 tenti
486 3191 591 3236 momenti
607 3195 657 3254 cst,
674 3197 699 3238 ut
712 3208 738 3239 uu
752 3193 818 3238 liuius
836 3191 994 3238 eismetipsis
1013 3188 1114 3250 neqlectu
1132 3189 1269 3252 qsmenicus

222 3263 372 3327 pentheisums
391 3278 469 3325 meque
484 3279 509 3311 cx
524 3269 585 3328 purte
606 3268 734 3314 munererit.
750 3267 795 3313 Nec
809 3281 860 3313 uero
879 3265 957 3312 exinde
978 3266 1119 3327 consequimur
1139 3264 1269 3311 Quocum

223 3339 334 3386 notionem
350 3339 455 3388 rcelitstis
472 3341 645 3388 constituendum
663 3357 711 3388 esse
726 3348 836 3404 tumquunu
852 3343 1017 3402 praedicatum
1035 3347 1113 3389 nstnre
1130 3340 1205 3386 enitens
1224 3354 1269 3385 un·

223 3416 291 3462 terim
305 3417 359 3468 Deo.
378 3417 403 3462 id
419 3417 479 3464 enim
492 3417 565 3464 locum
579 3432 623 3462 non
638 3417 716 3479 helel,
732 3418 911 3480 quotiescumque
930 3417 1001 3479 spitus
1016 3417 1043 3464 de
1059 3418 1156 3479 notione,
1172 3429 1229 3476 queo
1243 3415 1267 3459 iu

221 3494 307 3536 tentum
321 3491 405 3538 excedit
419 3507 488 3538 unum
502 3492 619 3539 mutuum
634 3497 699 3553 utque
716 3492 744 3537 ud
758 3492 801 3539 eliu
816 3508 840 3540 se
855 3493 982 3556 protendit,
997 3494 1022 3538 in
1037 3497 1143 3554 quesitum
1156 3490 1209 3537 huec
1223 3490 1268 3535 sint

223 3554 360 3624 imperiectue
374 3567 460 3613 termini
475 3566 536 3612 illius
550 3567 690 3613 imilutiones.
706 3567 769 3613 Tunc
783 3568 843 3614 cuim
856 3568 970 3632 obiective,
986 3583 1026 3615 seu
1038 3566 1067 3614 ud
1081 3581 1127 3614 reus
1141 3565 1200 3627 quod
1213 3565 1267 3611 etti-

223 3641 269 3698 nct,
282 3640 402 3700 emplitudo
414 3646 436 3688 ct
449 3657 549 3688 creemus
560 3643 693 3702 medicati
706 3642 777 3688 oritur
785 3657 812 3688 er
822 3643 955 3705 perfectione
969 3649 991 3690 et
1004 3641 1132 3690 excellentie
1145 3640 1193 3702 ipse
1206 3638 1267 3685 illius

223 3712 320 3774 termini,
337 3719 358 3759 ct
372 3717 477 3776 posterior
490 3721 523 3764 esi
536 3715 607 3778 quoed
622 3715 720 3763 eiusdem
735 3717 884 3781 exulentim3
897 3719 1005 3782 siquidem
1019 3733 1065 3764 non
1079 3713 1268 3764 dimissionis

223 3788 272 3851 scit,
288 3787 331 3835 nisi
344 3803 370 3836 es
383 3805 409 3836 co
422 3791 480 3854 quod
494 3793 600 3840 terminus
614 3790 652 3839 ille
666 3795 739 3843 tenue
753 3795 783 3840 sit
796 3793 944 3858 perfeetionis,
958 3799 983 3842 ot
996 3809 1042 3842 non
1056 3792 1128 3843 solum
1142 3805 1182 3855 por
1194 3805 1219 3838 se
1232 3789 1266 3854 id,
