2767 4492
569 337 699 384 ararem
1121 308 1164 386 29¹

114 425 176 487 eius
197 421 306 486 iactura
323 421 355 482 in
375 421 610 498 praestantiorem
629 419 756 486 hominis
778 416 979 481 excellentiam
1002 420 1163 483 redundet·

114 513 148 570 rit
160 525 237 584 vero,
253 511 277 570 si
299 509 389 568 virtus
408 513 518 566 tantum
535 505 713 579 excipiatur,
734 505 899 578 complexus
914 506 1056 566 honorum
1075 522 1156 582 prae-

115 595 188 660 senti
202 596 277 654 vitae
299 591 530 652 convenientium
548 603 753 664 saepenumero
772 589 914 662 sapienter
931 591 967 650 ab
981 589 1155 650 hominede-

114 679 242 754 spicitnr,
263 693 329 737 cum
340 692 390 750 pro
401 675 492 750 patria
511 674 627 732 caritate
636 689 683 730 ex.
705 687 748 744 gr.
760 671 845 730 bonis
858 672 993 731 omnibus
1003 675 1156 734 delectaris

114 779 144 823 se
159 763 319 822 abdicatae
337 761 361 819 si
381 776 451 834 opus
472 759 509 818 sit
519 762 639 816 mortem
649 757 741 830 ipsam
752 760 884 829 oppetere
893 771 953 812 uon
962 763 1084 816 recusat.
1101 758 1156 816 lm·

113 861 162 907 mo
177 847 213 905 ad
227 847 281 904 hoo
297 849 407 903 tenetur
428 843 530 914 etiam,
548 841 572 900 si
588 841 659 899 forte
680 839 831 912 contigerit
848 845 881 896 nt
897 839 973 897 bona
990 841 1107 912 quaevis
1125 847 1154 899 et
1253 869 1257 877 =

113 931 202 990 vitam
222 930 284 988 sine
303 927 409 988 scelere
427 941 539 984 servare
559 928 691 998 nequeat.
706 923 820 982 Falsum
834 927 876 982 est
892 922 979 996 igitur
993 923 1024 980 in
1043 924 1089 981 tris
1105 923 1157 982 bo-

112 1013 168 1087 uis,
185 1027 258 1086 qnae
276 1013 312 1071 ad
327 1015 506 1086 praesentem
523 1009 611 1067 vitam
628 1007 781 1082 pertinent,
798 1007 887 1066 finem
901 1005 1035 1065 ultimum
1048 1007 1154 1080 reperi-

113 1099 148 1157 ri.
165 1097 239 1156 ldde
254 1097 301 1155 tris
320 1097 430 1169 reliqna
449 1099 626 1168 argumenta,
648 1109 722 1167 quae
739 1092 776 1152 ad
792 1105 891 1153 reram
907 1091 1078 1152 sententiam
1093 1106 1156 1164 per-

113 1182 288 1242 suadendam
302 1196 371 1240 mox
386 1179 547 1238 afferemus.
1051 1175 1055 1183 '

497 1345 686 1416 ¹Pnoaosrrro
705 1346 749 1408 lv:

211 1513 371 1592 Supremas
387 1515 535 1588 felicitatis
550 1515 691 1660 olriectlrjim
709 1515 794 1576 aliod
814 1528 871 1576 csso
889 1529 950 1575 acu
966 1521 1058 1591 potest

551 1617 612 1661 urar
656 1617 716 1662 coa.

149 1771 193 1831 ll.
214 1769 299 1830 Prot.
325 1769 383 1830 Nisi
403 1769 524 1830 felicitas
543 1785 648 1830 vanum
668 1785 774 1829 nomen
791 1787 845 1845 per
863 1771 996 1831 delirium
1016 1770 1072 1829 dici
1086 1766 1156 1828 relit

112 1863 265 1930 auctorque
281 1861 400 1915 naturae
412 1855 698 1916 munificentissimus
717 1855 801 1914 nobis
812 1857 847 1913 ad
858 1856 1033 1915 illudendum
1045 1861 1074 1913 ct
1092 1854 1154 1912 dire
1194 1855 1197 1861 '

112 1939 335 1998 excruciandum
355 1941 425 2000 adeo
456 1955 551 2008 acrem
567 1939 709 1998 felicitatis
720 1939 885 2012 cupidinem
900 1940 996 1998 animo
1015 1938 1152 1996 indidisse

111 2023 251 2097 fingatur3
273 2023 357 2082 allius
374 2023 541 2098 pandendae
553 2028 620 2082 sunt
639 2023 711 2096 alae,
725 2038 758 2080 ac
769 2023 905 2081 terminos
917 2023 1058 2096 periturae
1068 2021 1154 2079 huius

111 2107 186 2166 ritae
204 2107 390 2181 praetervecti
410 2107 441 2166 in
458 2122 528 2166 aevo
544 2121 602 2165 non
622 2107 783 2178 defecturo,
805 2106 881 2180 quod
900 2105 1042 2180 praesenti
1060 2103 1153 2181 labori

111 2189 262 2262 succedat,
279 2189 443 2248 felicitatem
466 2189 668 2248 nanciscamur
683 2195 807 2264 oportet,
828 2189 966 2247 orituram
981 2205 1018 2248 ex
1041 2187 1151 2248 obiecto

111 2273 218 2347 quoda
232 2273 429 2346 praesentibus
443 2273 685 2346 longediecrepet.
702 2273 736 2330 rit
754 2271 898 2331 obiectum
918 2273 972 2336 hoc
986 2273 1095 2348 aliquid
1110 2288 1154 2331 es·

111 2373 152 2429 se,
169 2355 244 2431 quod
262 2361 390 2416 creatum
410 2357 567 2416 etsrnitnm
587 2357 633 2429 sit,
651 2357 771 2416 minime
789 2363 890 2432 potest.
911 2359 987 2417 Bona
1007 2359 1085 2416 enim
1100 2357 1153 2416 hn-

111 2439 245 2513 iusmodi,
264 2441 469 2515 cuiuscumque
479 2441 648 2500 conditionis
666 2441 733 2515 sint,
754 2442 914 2501 naturalem
925 2448 953 2501 et
962 2441 1154 2508 necessariam

111 2524 329 2599 dependentiam
344 2531 371 2584 et
385 2525 514 2585 ordinem
525 2526 559 2584 ad
577 2527 730 2601 perfectius
744 2527 862 2600 bonnm,
883 2540 986 2598 nempe
999 2525 1098 2595 Deum,
1110 2525 1153 2580 in-

110 2609 242 2682 volvunt;
265 2624 298 2668 ac
316 2609 434 2683 proinde
454 2610 615 2684 cognitione
634 2616 662 2670 et
675 2609 801 2670 bonitate
821 2626 874 2669 sua
889 2608 1062 2667 desiderium
1077 2606 1154 2663 exci-
1175 2608 1179 2612 “

111 2697 171 2752 tant
189 2693 378 2785 cognpscendi
395 2699 424 2754 et
441 2695 604 2769 possidendi
624 2695 732 2754 bonum
750 2693 820 2752 illud
840 2692 934 2764 altius,
955 2707 993 2750 ex
1012 2704 1068 2762 qao
1084 2703 1153 2761 pen-

110 2777 178 2836 dent
200 2781 229 2836 et
248 2778 329 2837 cuius
345 2778 502 2838 bonitatem
524 2779 706 2852 participant.
728 2777 848 2836 Ultimus
867 2775 956 2848 igitur
974 2771 1154 2846 appetitionis

111 2861 249 2918 terminus
265 2876 327 2919 esse
350 2866 505 2932 nequeunt.
529 2863 675 2919 Praeterea
704 2860 846 2918 obiectum
869 2855 1012 2916 felicitatis
1030 2854 1154 2912 naturali

109 2943 293 3018 propensiori
316 2943 347 3000 ia
369 2943 479 3001 bonnm
502 2943 616 3016 penitus
633 2942 793 3015 explendae
815 2939 986 3012 respondeat
1008 2953 1080 3012 opus
1098 2944 1151 2996 est.

110 3026 160 3086 Illa
177 3025 420 3083 autemnaturalis
436 3026 586 3099 propensio
597 3025 627 3082 in
648 3029 714 3082 ente
733 3023 893 3096 cognitione
911 3023 1046 3096 praedito,
1058 3021 1154 3095 cogni·

110 3107 215 3168 tionem
231 3109 323 3181 ipsam
338 3123 389 3181 pro
403 3123 537 3167 mensura
557 3107 645 3166 habet
667 3123 701 3166 ac
715 3122 826 3166 norma.
845 3105 971 3180 Cognitio
985 3112 1081 3166 antem
1100 3107 1153 3164 lur-

110 3207 197 3251 mana
213 3191 358 3250 inlinitum
371 3192 488 3266 respicit
503 3199 532 3251 ct
549 3191 658 3251 bonnm
680 3192 766 3267 plane
780 3191 968 3250 immetatum.
987 3193 1020 3250 ln
1036 3191 1090 3249 lroo
1102 3190 1153 3263 igi-

111 3281 156 3335 tur
178 3274 303 3334 hominis
318 3274 491 3334 desiderium
516 3280 618 3335 natura
635 3291 688 3335 sua
707 3276 813 3348 fertur,
835 3290 868 3333 ac
885 3275 1004 3350 proinde
1022 3274 1053 3332 in
1075 3274 1152 3333 nullo

109 3363 202 3419 creato
217 3358 291 3418 bono
306 3359 506 3434 conquiescere
515 3361 599 3436 plano
610 3366 711 3436 potest.
723 3359 792 3418 Cum
805 3374 873 3418 rero
883 3359 1021 3417 eiusmodi
1033 3359 1150 3432 bonnm,

108 3443 183 3519 quod
197 3443 284 3502 nullis
295 3443 436 3518 limitibus
451 3443 711 3517 circumscribatur,
723 3443 801 3503 aliud
814 3443 927 3502 nullum
942 3442 1050 3502 sitnisi
1066 3441 1150 3514 Dons;

109 3527 229 3587 felicitae
253 3526 380 3587 humana
403 3529 518 3588 nonnisi
530 3528 561 3588 in
576 3529 631 3588 lieo
652 3528 771 3603 reperiri
791 3526 912 3586 dicenda
934 3532 990 3598 est;
1009 3541 1047 3584 ex
1066 3524 1149 3583 caius

107 3610 255 3685 adeptione
269 3611 366 3672 omnia
388 3613 464 3672 bona
485 3613 699 3674 accommodata
721 3611 817 3684 statui
833 3611 865 3670 in
879 3625 936 3684 quo
949 3609 1032 3670 illum
1051 3623 1148 3670 consa·

109 3693 233 3769 quimm,
250 3696 474 3770 proficiscantur.

143 3776 219 3846 Quae
233 3779 348 3852 quidem
363 3782 474 3857 adeptio
489 3782 595 3842 summi
608 3783 675 3842 boni
690 3782 726 3843 iis
739 3778 922 3841 facultatibus
931 3779 1062 3853 obtingd,
1077 3794 1153 3853 qaae

107 3859 396 3930 obieetunetusmodi
410 3867 551 3942 respicere
565 3871 722 3942 possuntet
738 3864 885 3928 radoualis
899 3863 988 3930 animi
1001 3869 1069 3929 sunt
1086 3878 1161 3942 pro··
