2767 4492
522 341 735 393 rsnsscrsns
1114 314 1150 384 75

138 423 273 510 Pdmum
286 439 324 490 ox
343 425 524 504 praeiudicio,
543 444 595 490 seu
614 427 767 501 anticipata
781 423 905 503 quadam
923 421 1074 500 animoque
1095 421 1151 480 alte

100 513 201 574 delixa
212 505 360 590 opinione,
379 529 434 588 qua
448 514 497 592 qui
512 512 599 574 semel
610 513 738 574 animum
747 509 891 584 imbuerit,
903 524 967 570 eam
977 508 1054 568 haud
1068 506 1152 566 facile

97 601 208 674 poterit
223 599 367 661 dedoceri.
379 599 543 662 Remedium
559 599 621 672 erit,
634 597 750 674 sapiens
764 595 902 673 quaedam
911 601 940 656 et
949 593 1151 655 moderatedu·

96 683 215 760 ditatio,
234 700 293 762 qua
307 684 338 744 in
351 683 456 744 nullius
465 684 678 756 vmhaiuretur,
690 697 744 743 nec
753 681 907 757 quidquam
917 679 1090 750 admittatur,
1106 677 1149 753 ni·

96 769 121 828 si
136 775 192 830 aut
207 785 265 846 per
278 785 310 832 se
324 769 439 830 evidens
460 769 505 846 sit,
526 773 575 830 aut
590 768 719 844 legitima
731 767 943 827 ratiocinatione
963 769 1079 836 constet,
1101 767 1151 822 aut

97 853 159 914 fide
175 853 336 928 dignorum
350 854 515 918 auctoritate
528 854 672 928 tundetur,
684 852 766 914 iuxta
774 852 918 925 mamilae,
928 851 963 910 de
977 866 1033 925 qua
1048 848 1150 924 agilum

95 937 261 1000 diversum
274 940 371 1014 gentis.

136 1021 223 1084 Alter
241 1021 343 1102 erroris
356 1023 420 1084 iens
435 1028 479 1084 est
491 1024 645 1086 affeemum
659 1021 831 1095 dominatus
846 1019 996 1096 siquidem,
1006 1016 1153 1092 uteptime

93 1105 273 1166 Aristoteles
285 1109 385 1184 inquit,
402 1110 522 1184 quisque
535 1109 642 1170 iudicat
654 1114 738 1182 prout
755 1107 887 1179 allicitur,
903 1111 980 1164 tanta
993 1105 1038 1170 uis
1051 1109 1094 1178 est
1103 1117 1151 1162 vo-

92 1191 230 1250 luntatis
245 1193 280 1251 ed
294 1193 452 1252 intellectus
463 1193 569 1252 iudicia
582 1191 786 1266 perentiendo.
796 1190 827 1248 ld
835 1189 897 1248 vitii
906 1189 1030 1262 effugere
1039 1188 1090 1262 qui
1107 1201 1153 1246 vo·

92 1276 136 1334 let
152 1277 274 1350 (omnes
290 1282 385 1335 auem
398 1275 471 1336 velle
486 1275 610 1348 dehent),
626 1273 808 1350 quantumin
821 1273 882 1346 ipso
896 1277 939 1331 eet
957 1272 1106 1330 conabitur
1118 1275 1152 1329 ut

91 1361 129 1418 in
145 1360 273 1418 iudiciis
288 1359 412 1418 ferendis
421 1373 514 1432 mens,
529 1357 611 1432 ratio,
628 1356 787 1429 consilium,
806 1371 864 1415 non
878 1355 1063 1430 cupiditatum
1072 1354 1154 1414 incli-

90 1443 185 1503 natio
203 1443 380 1502 dominetur.
1131 1439 1134 1446 '

136 1527 338 1602 Quamplures
351 1527 451 1602 tontes
465 1533 496 1588 ut
508 1527 589 1588 brevi
603 1527 707 1602 dicam,
720 1527 757 1587 ad
769 1524 972 1602 negligentiam
986 1523 1150 1600 quamdam,

93 1613 199 1672 seriae
217 1611 452 1671 considerationis
467 1611 618 1686 delectum,
642 1611 761 1670 nimiam
780 1610 911 1686 propriae
932 1607 1156 1684 perspicacitatis

96 1696 247 1756 fiduciam
270 1696 378 1774 passim
402 1696 584 1772 reducuntun
605 1712 642 1756 ex
658 1696 761 1772 quibus
775 1695 918 1769 usuvenit,
942 1699 973 1753 ut
990 1697 1156 1768 argsrmenta

96 1781 244 1862 utrinque
258 1779 410 1840 militantia
423 1779 495 1840 nilril
510 1781 667 1842 sulleviter
681 1781 900 1856 perpendantur,
917 1795 950 1839 ac
964 1784 1070 1838 temere
1085 1776 1156 1837 iudi·

98 1867 183 1926 cium
198 1871 376 1942 properetur.
392 1865 449 1924 Hoc
465 1865 564 1924 vitabit
578 1865 651 1942 quis,
667 1865 691 1927 ei
706 1866 761 1926 sibi
776 1865 895 1939 diffidat,
908 1863 1098 1938 adhibeatque
1112 1861 1149 1924 ad

98 1950 330 2012 considerandas
345 1965 392 2022 res
406 1953 434 2010 ct
448 1955 559 2026 tempus
574 1955 602 2010 et
616 1950 801 2026 diligentiam.

99 2176 149 2224 mel
164 2176 272 2224 admissis
293 2176 452 2224 mntradieunt.
469 2177 510 2224 111.
526 2177 588 2233 Quod
602 2177 648 2241 iis,
664 2193 721 2242 quas
738 2177 810 2225 sabito
824 2182 847 2225 at
861 2177 926 2225 laeiie
943 2181 1038 2225 mentem
1056 2176 1156 2242 feriunt,

99 2253 173 2302 bomo
191 2253 287 2300 marimo
300 2255 411 2300 mereatur
425 2257 537 2316 missaque
551 2253 596 2300 illia
610 2269 657 2302 esse
671 2253 752 2302 similia
769 2255 878 2317 opinetur.
894 2255 932 2300 lv.
948 2255 1009 2309 Quod
1023 2270 1085 2301 meus
1098 2269 1158 2300 sem·

98 2343 143 2390 per
158 2327 256 2378 ulterius
274 2329 369 2392 gliscat,
385 2345 425 2376 nee
439 2329 501 2378 lasile
516 2331 660 2392 conquiescat.
677 2331 704 2378 V.
720 2330 842 2378 Affectuum
856 2331 908 2393 ria,
924 2345 980 2390 quae
994 2329 1022 2376 ad
1037 2329 1060 2374 id
1075 2365 1081 2391 ,
1097 2327 1157 2390 quod

93 2404 228 2475 uolumus,
251 2404 388 2452 vehementer
406 2405 504 2454 inclinat.
521 2407 558 2452 vl.
577 2409 683 2456 Semnum
702 2407 832 2470 illecebrae5
849 2405 909 2452 unde
923 2405 949 2450 it
962 2397 988 2452 ui
1004 2420 1045 2466 ea,
1061 2419 1117 2466 quas
1133 2405 1158 2450 in

101 2495 185 2528 sensus
201 2481 334 2546 incurrunt,
350 2486 504 2546 anteponamus
520 2483 548 2529 iis
562 2499 617 2548 quae
632 2500 719 2531 sensnm
739 2484 861 2546 dispiciat,
876 2483 929 2528 lieet
942 2481 1048 2528 validiora
1061 2480 1120 2542 siut,
1136 2483 1158 2526 et

99 2572 178 2604 rerum
201 2556 346 2606 invisibilium
368 2559 563 2630 considerationem
584 2561 726 2624 negligamus.
751 2560 799 2608 vti.
821 2557 938 2606 Inclinatio
959 2557 1039 2604 mentm
1058 2555 1085 2602 ad
1104 2553 1156 2602 abs·

100 2637 183 2680 tractu

149 2709 215 2758 idola
230 2725 307 2776 specus
322 2727 347 2760 ea
362 2711 431 2778 dicit,
447 2729 502 2778 quae
516 2729 541 2760 er
558 2712 668 2762 individui
684 2711 790 2776 singulari
810 2716 888 2759 nature
902 2715 924 2758 et
937 2711 1062 2758 conditione
1077 2723 1157 2773 prore·

100 2785 179 2850 siunt,
196 2783 282 2834 sivein
297 2789 344 2834 eius
360 2793 543 2852 temperamento,
560 2790 605 2837 sive
619 2791 642 2834 in
658 2788 788 2835 educatione
803 2794 825 2834 et
839 2788 978 2834 assuetudine
992 2787 1159 2832 tundamentum

101 2859 209 2910 libane.
224 2863 363 2910 Potissimum
378 2864 430 2910 inde
446 2869 564 2926 esurqirnt:
577 2865 595 2910 l.
608 2863 670 2919 Quod
681 2862 786 2925 peculiari
803 2863 916 2923 scientiae,
928 2877 993 2923 quam
1003 2862 1094 2921 quisque
1103 2859 1158 2903 ada-

99 2942 157 3001 mat,
174 2939 272 2999 reliquas
290 2937 355 2984 laede
370 2941 481 3000 mancipet
497 2945 518 2985 et
533 2936 687 2984 neeemmodet.
704 2937 734 2982 11.
751 2933 813 2988 Quid
832 2936 930 2996 inperiis,
945 2951 995 2979 enm
1010 2933 1052 2978 alia
1070 2931 1159 2992 quidm

100 3013 150 3060 sint
164 3016 233 3062 acuta
247 3017 269 3058 et
282 3017 333 3073 apta
346 3012 375 3058 ad
388 3027 461 3058 rmum
476 3013 584 3057 eomedas
600 3009 750 3069 differentias,
766 3008 809 3054 alia
825 3009 928 3054 sublimia
943 3013 965 3055 et
979 3008 1058 3054 idonea
1073 3006 1100 3053 ad
1115 3022 1158 3052 uo·

100 3086 186 3132 landas
205 3085 380 3147 similitudines,
396 3085 454 3130 haud
469 3099 532 3144 aspre
546 3085 570 3130 in
585 3085 713 3130 alterutrum
730 3083 832 3130 laiautm
847 3099 964 3132 excusum.
981 3084 1021 3130 lll.
1038 3082 1100 3137 tired
1114 3082 1159 3130 sint

101 3162 142 3224 qni
159 3161 257 3208 nimium
271 3160 295 3205 iu
311 3159 477 3206 admirationem
492 3160 627 3221 antiquitatis
642 3161 762 3224 rapiantur,
778 3166 801 3206 et
813 3164 851 3222 qui
866 3163 954 3222 penitus
968 3160 1013 3206 sint
1027 3157 1054 3205 ad
1068 3158 1156 3206 novita-

103 3241 136 3284 tes
152 3236 229 3284 eiluai.
247 3235 309 3291 Quod
324 3240 381 3282 certe
397 3235 420 3281 in
437 3251 540 3297 magnum
554 3235 694 3284 scientiarum
708 3237 863 3284 detrimentum
878 3235 943 3284 cedit.

153 3313 218 3360 Idola
232 3312 287 3376 ieri,
304 3327 358 3375 quae
372 3329 398 3360 ea
412 3312 514 3359 societate
526 3317 601 3360 mutue
615 3311 728 3360 hominum
745 3315 916 3377 ingenerantur,
932 3312 1069 3376 potissimum
1084 3317 1156 3360 ortum

104 3387 189 3436 habent
200 3405 226 3436 er
240 3388 355 3436 verborum
369 3388 463 3452 fallacia,
479 3403 543 3452 saepe
559 3405 584 3436 er
599 3393 662 3452 captu
677 3389 735 3453 vulpi
749 3389 900 3453 pendentium.
917 3390 987 3452 Atque
1001 3388 1024 3434 id
1039 3389 1155 3451 dupliciter

106 3466 223 3528 contingit.
239 3466 335 3512 Primum
350 3481 399 3512 enm
414 3466 502 3512 nomina
517 3481 598 3530 rernm,
615 3482 669 3528 quse
684 3481 730 3512 non
745 3471 804 3529 sunt,
821 3465 961 3530 adhibentur,
977 3481 1009 3512 er.
1027 3481 1060 3527 qr.
1076 3468 1156 3527 [orta-

106 3553 147 3596 sse,
161 3555 238 3596 wasa,
253 3541 330 3603 hisque
344 3541 438 3606 similia,
450 3541 530 3589 deinde
545 3558 595 3589 cem
609 3542 699 3589 nomina
715 3541 818 3589 mutuose
832 3541 997 3603 significationis
1012 3545 1034 3587 et
1047 3541 1104 3588 male
1118 3541 1154 3589 de-

108 3611 169 3664 linita
182 3617 358 3664 commiscentur.

123 3711 127 3718 ·
154 3692 252 3740 Tandem
272 3693 329 3740 idola
351 3692 430 3740 theatri
444 3709 469 3742 aa
483 3694 605 3759 dantur,
621 3709 677 3758 quae
691 3709 718 3741 ar
730 3693 792 3740 ialsis
815 3693 951 3755 dogmatibus
966 3693 1154 3757 philosophiam

111 3769 133 3812 ti
145 3769 287 3834 praeposteris
301 3769 509 3819 demonstrationum
525 3771 607 3832 regulis
623 3775 744 3833 emergunt.
762 3772 801 3817 Cui
821 3771 958 3818 incommodo
974 3777 999 3818 ut
1014 3773 1153 3832 salutamus,

112 3839 155 3888 <illo
167 3846 269 3908 proponit
282 3846 419 3894 adiumento:
435 3847 530 3908 primum
543 3853 569 3894 ut
584 3847 726 3895 iundameute
740 3845 890 3910 philosophiae
900 3847 924 3894 in
934 3848 1050 3911 principiis
1064 3852 1156 3894 naturas

111 3920 241 3987 mustimte,
256 3922 395 3970 rationalium
417 3923 482 3970 simul
497 3928 519 3970 et
532 3923 693 3988 empiriatarum
715 3938 812 3972 acessus
832 3929 946 3988 eareatsr5
963 3923 1043 3973 deiude
1056 3926 1082 3972 ut
1096 3921 1155 3969 iuter

113 3996 267 4056 pronuntiandi
281 3997 446 4063 praefidentiam
461 4001 484 4052 o
498 3997 650 4064 acatalepsiam
665 3998 762 4052 medium
777 4000 845 4052 veluti
859 4000 962 4051 enum
978 3999 1029 4048 iter.
