2767 4492
207 321 261 382 111
536 329 923 376 11111111111111111111

210 421 368 493 fragantur.
389 415 516 488 ltenlque
536 413 655 472 ridicula
674 429 792 486 prorsus
809 419 853 473 est
867 414 919 474 illa
936 415 1061 490 oblivio,
1081 432 1155 491 quae
1172 417 1254 494 bugl-

212 510 259 563 tur
276 501 405 561 omnium
423 504 617 557 anteactarum
632 497 763 556 idearum
777 504 806 557 et
819 500 1037 573 praeteritarum
1052 502 1252 579 mutadonum,

209 604 281 662 quae
302 587 400 645 anima
418 583 522 655 subiit,
540 598 594 641 nec
609 583 750 655 quomodo
769 583 851 642 ideae
869 583 936 642 illae
952 583 1139 645 obliterantur
1157 603 1192 647 ac
1209 605 1254 650 se·

208 671 360 748 peliuntur,
381 667 501 740 intelligi
519 672 710 740 congruenter
729 673 830 741 potest.
853 668 971 728 1111111
990 669 1078 743 enim,
1093 676 1190 745 utpote
1204 689 1254 733 aa·

213 757 304 828 lidior,
325 770 377 828 per
395 767 426 817 11
445 768 463 810 a
479 766 596 824 corpore
618 752 747 825 superari
764 752 877 827 nequit3
897 757 929 810 ut
949 753 1080 812 emittam
1097 757 1174 828 quod
1192 772 1254 817 eor·

213 859 281 918 pus,
303 840 327 898 si
346 839 406 896 eius
426 841 568 895 structura
585 835 683 894 sedulo
701 837 908 910 perpendatur,
930 837 971 896 sic
989 845 1032 897 est
1050 847 1251 917 compactum,

210 933 242 986 ut
261 941 314 999 ope
332 936 470 982 sensuum
482 919 651 992 intelligenti
671 920 768 979 animo
783 920 988 994 opitulaturum
1002 921 1040 980 sit
1054 923 1148 996 potius
1162 941 1254 1000 quam

209 1011 385 1070 oblaturum.

242 1095 287 1153 118.
311 1091 420 1152 Prolata
443 1097 611 1164 argumenta
631 1105 732 1150 omues
753 1075 1062 1164 quidem'adversmos
1083 1100 1196 1167 urgent.
1218 1097 1254 1155 at

208 1178 386 1240 leibnitiana
401 1176 505 1235 labella
519 1191 554 1234 ex
576 1190 609 1234 eo
624 1175 710 1234 etiarn
725 1173 864 1246 displicet,
882 1175 958 1247 quod
972 1175 1083 1236 animas
1100 1193 1253 1252 corpuscu-

207 1265 243 1324 lis
262 1262 441 1338 quibusdam,
457 1267 490 1318 ut
505 1264 596 1331 vocat,
612 1258 800 1318 seminalibus
814 1257 940 1332 primum
955 1260 1061 1334 alligat.
1077 1263 1147 1321 Tum
1166 1264 1252 1324 eliam

207 1349 385 1422 improbatur
399 1343 592 1404 commentitio
605 1343 653 1401 ille
669 1343 790 1401 11111111
805 1341 967 1402 animemm
981 1359 1018 1402 111
1031 1346 1117 1404 unica
1129 1348 1253 1408 sentien-

205 1433 234 1492 di
254 1432 283 1491 vi
307 1432 342 1490 ad
360 1429 534 1488 intellectum
553 1433 582 1485 et
600 1427 791 1500 voluntatem3
816 1427 968 1500 siquidem,
994 1429 1094 1489 eadem
1117 1440 1253 1495 manente

204 1522 316 1588 natura,
332 1519 479 1588 nequeunt
493 1511 640 1570 facultates
655 1511 723 1570 inde
738 1515 918 1584 emergentes
928 1511 987 1570 ulla
997 1528 1034 1570 ex
1047 1519 1128 1587 parte
1142 1516 1253 1576 detrahi

205 1600 249 1660 vel
265 1599 391 1672 adiungi.

243 1681 492 1756 lletempsye'hosis
513 1680 645 1754 denique,
670 1683 784 1753 praeter
804 1679 929 1738 absurda
950 1682 1082 1756 superius
1100 1685 1250 1760 recensita,

206 1769 277 1826 haec
292 1767 378 1825 etiarn
398 1765 527 1824 incurrit.
545 1763 681 1836 Primum,
700 1763 777 1836 quod
797 1763 933 1822 stultitiae
953 1770 1029 1824 esset
1045 1766 1254 1828 insimulandus

206 1859 326 1912 naturae
340 1857 446 1918 allator,
469 1851 518 1924 qui
534 1864 640 1923 poenas
654 1848 772 1907 sceleris
791 1849 998 1910 emendatrices
1021 1851 1123 1910 animis
1145 1853 1253 1928 irroga-

205 1943 257 2010 ret,
274 1937 343 2011 quin
364 1935 394 1995 bi
409 1935 497 1994 ullam
510 1933 623 2007 flagitii·
636 1934 710 2006 quaed
729 1933 808 1992 luere
825 1933 939 2006 debent,
960 1937 1128 1995 memoriam
1148 1938 1253 1998 reline-

205 2029 277 2080 rent.
295 2021 409 2092 Deinde,
428 2020 542 2077 animus
552 2032 618 2076 cum
633 2018 669 2075 ad
679 2017 840 2076 belluinum
850 2020 1175 2091 corpusiniormandum
1190 2039 1255 2096 gra·

204 2108 273 2165 dum
288 2107 403 2177 laceret,
422 2102 637 2174 intelligentiae,
660 2101 823 2172 voluntatis,
849 2109 1064 2178 ceterarumque
1087 2105 1254 2166 iacrdtatum

205 2193 240 2250 ad
258 2191 437 2266 superiorem
451 2188 514 2246 eius
534 2193 643 2260 partem
659 2187 859 2260 spectantium,
882 2187 1021 2246 iacturam
1038 2190 1160 2264 faeeret3
1179 2207 1254 2265 quae

207 2283 303 2334 111111
322 2271 483 2332 necessarie
508 2287 545 2330 ex
568 2272 631 2344 ipso
647 2271 806 2328 dimanant.
824 2271 902 2338 duod
921 2272 1079 2333 absurdum
1094 2273 1125 2332 in
1143 2280 1255 2334 tantum

206 2360 293 2419 etiam
308 2357 443 2430 augescit,
461 2354 536 2427 quod
553 2355 667 2412 animus
681 2354 791 2413 ratione
806 2355 951 2428 praeditus
969 2357 1084 2416 nonnisi
1099 2358 1135 2416 ad
1150 2374 1254 2432 eorpus

201 2445 370 2514 humanum,
387 2440 469 2498 cuius
484 2437 650 2512 temperatio
666 2438 722 2496 sibi
737 2438 774 2496 sit
788 2445 995 2514 ¹consentanea,
1016 2441 1183 2502 relationem
1203 2441 1254 2500 lra-

203 2528 272 2587 1111
286 2531 388 2600 potest.

243 2611 287 2670 99.
305 2611 343 2666 ad
361 2611 528 2680 argumenta
552 2621 618 2664 vero
643 2606 870 2666 adversariorum
892 2610 968 2682 quod
988 2611 1097 2683 attinet,
1123 2612 1179 2684 ipsi
1197 2611 1254 2670 duo

204 2695 351 2755 obiiciunt.
365 2693 499 2758 Primum,
511 2691 579 2763 quia
590 2705 672 2749 secus
683 2690 821 2763 explicari
832 2708 890 2750 neu
901 2699 996 2765 posset
1005 2695 1146 2767 quomodo
1155 2695 1254 2754 anima

203 2779 313 2853 corpori
328 2777 425 2836 iuncta
440 2781 480 2833 lot
490 2774 575 2832 malis
589 2781 618 2832 et
634 2775 779 2833 aerumnis
790 2775 967 2835 subiiciatur.
983 2777 1100 2850 llelude,
1115 2778 1183 2851 quria
1196 2778 1255 2838 nisi

203 2863 317 2920 animae
333 2865 398 2918 ante
418 2857 574 2926 extiterint,
597 2857 765 2929 cogitandus
786 2865 860 2916 esset
877 2857 952 2916 Deus
967 2865 1112 2933 mmquam
1132 2860 1254 2934 singulis

203 2945 435 3019 generationibus
454 2943 579 3016 adstans,
597 2942 759 3000 administri
773 2942 863 3001 instar
881 2949 910 3002 et
921 2944 1032 3016 famuli,
1048 2948 1089 3016 ut,
1106 2950 1253 3019 compacto

206 3043 332 3102 corpore,
349 3033 426 3086 creet
441 3026 578 3084 animam.
746 3032 748 3037 '

240 3113 345 3170 Verum
362 3112 432 3168 baec
448 3110 561 3168 facilem
583 3109 753 3170 solutionem
766 3110 884 3168 habent.
900 3111 971 3170 Nam
985 3111 1022 3170 ad
1035 3111 1160 3186 primum
1177 3111 1254 3186 quod

203 3203 311 3272 spectat
325 3212 383 3254 non
398 3195 465 3268 quia
480 3195 587 3267 aliquid
602 3194 915 3268 explicarenescimus,
933 3195 1039 3254 idcirco
1054 3195 1099 3254 ius
1113 3195 1253 3254 babemus

202 3280 384 3355 confugiendi
399 3279 434 3338 ad
450 3279 588 3337 absurdas
603 3278 784 3351 hypotheses.
797 3278 965 3338 Praesertim
982 3278 1089 3337 veroid
1102 3293 1159 3338 non
1172 3276 1250 3352 lieet,

203 3381 268 3424 cunr
283 3381 320 3423 err
332 3364 429 3423 divina
444 3361 615 3420 revelatione
630 3361 755 3418 aciamus
769 3377 865 3419 veram
882 3362 1022 3434 originem
1036 3376 1250 3436 aerumnarum,

203 3450 306 3523 paribus
323 3447 511 3523 inpraesenti
527 3460 619 3518 genus
635 3445 794 3503 humanum
809 3445 956 3518 aiiligitur.
968 3445 1109 3504 Doeemur
1122 3445 1251 3520 animab

201 3533 272 3605 ipsa,
290 3547 407 3592 causam
421 3529 562 3590 eiusmodi
581 3528 695 3601 culpam
716 3529 805 3587 luisse
823 3529 1000 3602 primitivam
1018 3545 1036 3587 a
1051 3535 1251 3604 protoparente

203 3617 394 3684 commissam,
413 3615 449 3674 eb
461 3629 547 3688 quam
562 3611 717 3685 originaria
731 3613 855 3672 bominis
869 3613 994 3673 conditio
1008 3619 1118 3672 mumta
1131 3620 1183 3673 est.
1201 3614 1252 3674 llu-

200 3700 246 3759 ius
259 3699 439 3758 revelationis
450 3697 569 3771 vestigia
579 3697 720 3770 quaedam
731 3695 889 3756 clarissima
899 3699 930 3756 in
939 3699 1069 3757 omnium
1080 3699 1252 3773 pepulomm

201 3782 351 3842 traditione
370 3789 531 3843 serrantur.
548 3781 687 3853 ceterum,
704 3781 808 3841 1111111
829 3788 873 3841 est
894 3783 1024 3841 animum
1045 3797 1084 3842 ex
1104 3782 1252 3842 iunctione

200 3881 267 3932 curn
286 3882 402 3944 corpere
427 3881 579 3928 aerumnas
602 3869 713 3926 autum
732 3872 761 3929 et
774 3867 850 3928 mala
872 3881 984 3940 capere.
1005 3867 1037 3926 ln
1054 3867 1157 3942 primis
1171 3865 1252 3933 enim
