2767 4492
240 260 293 322 aba
567 275 794 322 uuunrmsrcas
810 273 955 323 senciente

240 376 316 420 novo
331 365 469 435 apparatu
483 365 512 420 et
525 362 608 420 modo
622 366 748 434 systema
765 361 895 420 idearum
913 361 1079 419 innatorum
1093 363 1244 435 proposuit
1260 368 1291 425 t.

241 445 342 504 Docuit
351 446 429 504 enim
444 461 531 504 unam
546 449 657 503 tantum
666 446 794 504 maxime
809 446 982 504 abstractam
993 450 1021 503 et
1030 445 1291 508 indeterminatam

243 528 338 586 ideam
353 544 370 587 a
386 533 487 588 natura
501 529 621 587 inditam
636 529 732 600 animo
757 546 837 602 esse,
855 529 1035 588 intuitionem
1051 529 1188 599 nimirum
1209 534 1294 592 erat-is

242 612 385 686 poss-ibitis
398 620 425 671 et
440 612 557 685 ideallr,
574 627 648 686 quae
662 613 700 672 sit
714 613 802 672 veluti
816 613 1021 687 intelligentiae
1036 615 1128 672 forma
1141 620 1171 672 et
1187 615 1293 689 ipsum

240 697 338 756 lumen
352 697 468 756 rationis
487 697 648 756 constituat.
664 697 706 755 Er
721 698 807 757 huius
831 707 926 756 autem
944 697 1133 771 applicatione
1148 704 1177 757 et
1193 700 1292 759 deter-

241 781 396 838 minatione
410 781 523 839 diversa
538 781 611 838 aliae
627 796 727 840 omnes
741 781 823 840 ideae
844 782 994 855 genericae
1008 789 1058 840 aut
1073 783 1224 855 specificae
1239 802 1294 844 ex-

241 865 371 925 oriuntur
385 865 533 924 occasione
549 866 721 924 sensadonis
732 872 760 924 et
774 867 803 923 ui
817 866 995 938 reliquarum
1010 867 1208 938 operationum
1222 870 1291 927 ani-

241 949 290 1006 mi.
307 947 397 1008 Immo
413 965 449 1008 ex
464 949 512 1007 illa
528 949 592 1023 ipsa
612 949 758 1022 profluunt
779 949 902 1022 iudicia,
919 954 1060 1021 quatenus
1077 951 1170 1024 posito
1187 968 1291 1012 sensa-

242 1032 335 1101 tione,
352 1048 425 1106 quae
440 1033 658 1106 impressionem
673 1033 798 1092 concreti
813 1033 917 1092 obiecti
938 1033 1059 1107 referat,
1075 1035 1141 1093 idea
1156 1037 1231 1095 entis
1246 1037 1291 1096 illi

242 1116 412 1193 adiungatur
426 1122 454 1175 et
467 1118 498 1176 in
512 1117 725 1192 perceptionem
742 1117 950 1192 quodammodo
969 1123 1112 1192 mutetur,
1132 1136 1189 1194 qua
1210 1120 1289 1179 obie·

242 1206 320 1260 ctum
334 1207 447 1261 exstare
460 1202 648 1271 affirmamus.

754 1369 775 1432 I.

538 1525 682 1603 deteritur
701 1549 831 1616 systema
848 1539 991 1601 Plutonis.

281 1712 341 1771 119.
359 1711 408 1770 Vel
425 1711 481 1770 bac
497 1712 583 1770 unica
606 1710 855 1770 animadversione
869 1709 946 1769 Plato
964 1709 1057 1769 refelli
1077 1714 1189 1784 posset,
1210 1708 1287 1783 quod

241 1812 292 1872 per
305 1797 401 1869 ipsum
414 1796 639 1869 intelligeremus
654 1811 702 1868 ea,
720 1810 794 1869 quae
809 1810 968 1868 numquam
984 1793 1132 1866 scivimus,
1148 1799 1177 1852 et
1193 1793 1287 1851 nesci-

242 1895 339 1938 remus
354 1895 388 1938 ea
402 1895 475 1952 quae
495 1894 608 1954 semper
622 1879 828 1938 intelleximus,
845 1879 956 1936 Etenim
972 1893 1024 1951 per
1037 1877 1182 1937 Platonem
1196 1876 1287 1936 scien·

244 1964 283 2022 tia
297 1969 393 2022 nostra
403 1968 478 2022 esset
487 1964 522 2023 de
536 1965 608 2022 ideis
625 1963 797 2037 archetypis
815 1979 888 2036 quae
903 1962 1015 2021 obiecta
1028 1963 1156 2022 referunt
1170 1962 1288 2020 omnino

243 2048 356 2107 diversa
370 2063 387 2106 a
401 2049 505 2120 rebus,
522 2064 595 2122 quae
618 2048 840 2121 adspectabilem
863 2052 996 2105 naturam
1015 2047 1148 2104 conflant.
1166 2045 1287 2106 scientia

244 2137 339 2190 autern
352 2131 456 2191 barum
470 2149 568 2192 rerum
582 2133 655 2191 inse
670 2132 848 2204 cognitarum
865 2146 1028 2190 careremus
1042 2131 1170 2190 omnino.
1181 2132 1215 2189 lt
1224 2131 1286 2204 quis

244 2231 330 2274 sanae
345 2217 449 2274 mentis
459 2217 543 2275 bonro
555 2231 612 2276 non
627 2217 713 2274 sentit
722 2231 753 2274 se
768 2216 917 2275 ricoversa
930 2216 1100 2289 archetypas
1109 2215 1287 2274 illaslormas

244 2305 327 2358 extra
349 2301 489 2358 mundum
510 2300 654 2358 visibilem
672 2299 860 2359 subsistentes
881 2316 998 2373 prorsus
1020 2300 1165 2373 ignorare3
1191 2304 1287 2358 cenna

244 2385 279 2443 de
294 2384 330 2443 iis
345 2379 537 2458 cognitionem
551 2385 667 2458 babere,
685 2400 760 2458 quac
774 2385 921 2443 mundano
935 2385 990 2444 bec
1005 2385 1073 2443 orbe
1087 2384 1286 2444 continentur?

245 2467 335 2536 Quare
349 2469 411 2528 eius
425 2469 554 2528 doctrina
563 2469 639 2527 inter
654 2469 818 2542 ingeniosas
829 2475 857 2528 et
871 2469 968 2528 doctas
983 2469 1094 2528 tabulas
1109 2468 1285 2528 amandanda

244 2552 365 2612 uidetur.

256 2638 427 2694 ·Proeterea
441 2636 486 2695 bis
509 2641 627 2710 urgetur
649 2636 852 2695 incommodis:
878 2639 899 2696 l.
922 2639 989 2697 Tota
1012 2642 1120 2712 quanta
1133 2642 1178 2696 cst
1201 2639 1284 2711 hypo

246 2719 318 2778 thesi
337 2719 438 2778 nititur
456 2719 676 2792 absurdissima,
694 2735 768 2794 quae
787 2721 916 2779 animum
936 2727 1002 2780 aute
1020 2722 1095 2780 banc
1110 2721 1199 2780 vitam
1212 2727 1285 2780 astra

245 2803 422 2864 habitantem
431 2809 459 2862 et
472 2809 587 2878 propter
601 2804 703 2877 scelus,
715 2805 812 2863 nescio
826 2805 911 2878 quod,
928 2806 1038 2878 corpori
1051 2806 1195 2878 illigatum
1208 2805 1282 2863 tacit.

245 2888 276 2945 ll.
293 2887 376 2946 Plura
390 2888 594 2962 complectitur,
612 2904 685 2962 quae
699 2905 759 2949 nen
772 2891 856 2955 uredo
868 2889 904 2948 ad
915 2889 1066 2948 arbitrium
1079 2891 1200 2948 conficta
1210 2895 1283 2962 sunt,

245 2968 295 3027 sed
309 2970 396 3028 etiam
409 2972 457 3030 vix
475 2977 525 3030 aut
537 2988 574 3030 ne
589 2973 638 3032 vix
654 2975 771 3047 quidem
788 2975 852 3034 sinc
867 2975 1056 3048 repugnantia
1074 2980 1193 3049 possunt
1205 2976 1285 3034 intel·

244 3053 304 3126 ligi.
321 3055 392 3114 Nam
406 3071 490 3130 sopor
504 3057 552 3116 ille
567 3073 604 3115 ex
620 3059 796 3119 admixtione
811 3059 938 3133 corporis
953 3058 1086 3118 inductus
1099 3060 1131 3118 in
1146 3060 1283 3131 animum,

245 3134 274 3198 bt
289 3139 448 3213 specierum
457 3141 546 3199 menti
561 3141 767 3216 impressorum
778 3145 862 3217 quasi
880 3143 1018 3217 velamen,
1030 3144 1109 3202 nulla
1122 3143 1286 3216 congruenti

244 3237 277 3280 ra
292 3223 355 3281 'one
370 3223 508 3298 explicari
521 3231 651 3299 possunt.-
668 3228 738 3286 Nam
753 3229 828 3301 quod
849 3228 957 3301 aliquid
977 3228 1069 3286 simile
1082 3225 1226 3285 nonnudlls
1240 3241 1286 3285 ac·
1362 3272 1363 3275 η

246 3201 500 3452 eiinbus
514 3325 552 3368 ex
566 3313 666 3370 morbo
682 3311 777 3385 aliquo
797 3327 905 3385 organa
923 3327 1059 3370 sensuum
1073 3311 1284 3386 praepediente,
1362 3386 1363 3391 ἵ

245 3390 275 3449 id
289 3397 373 3451 natu·
422 3409 480 3452 non
496 3396 677 3467 adversatur,
695 3411 769 3468 quae
783 3396 905 3454 delicere
920 3395 951 3452 in
966 3395 1149 3468 paucioribus
1164 3394 1287 3469 quando·
1362 3402 1363 3413 ¹

247 3481 408 3550 quepotest
421 3484 537 3552 prepter
550 3479 685 3537 adiuncta
700 3479 840 3551 quaedam
854 3479 917 3537 eius
934 3479 1064 3538 ordinem
1081 3479 1285 3552 perturbanda.

248 3559 303 3616 Sed
316 3561 390 3632 qrrod
405 3567 463 3620 tam
477 3561 603 3620 immane
622 3562 826 3620 detrimentum
840 3562 931 3622 animi
950 3579 1103 3622 commune
1118 3569 1146 3621 et
1160 3561 1288 3621 namrale

248 3640 285 3699 sit
299 3643 447 3718 omnibns;
464 3645 494 3704 id
508 3645 632 3719 contingi
652 3659 721 3704 sane
736 3659 795 3704 nen
809 3650 914 3720 potest,
935 3647 1005 3721 quin
1025 3651 1224 3722 praeposterus
1237 3660 1287 3705 na-

292 3822 302 3867 l
321 3824 403 3874 Nereo
418 3827 504 3888 Saagto
518 3827 675 3888 sutt’ortotnc
689 3827 803 3876 dctt’tctee.
