2767 4492
696 303 858 350 mutuas

670 475 839 535 lauicanos
854 471 889 533 11.

662 645 701 704 lia
716 645 899 706 campurcipi

291 815 353 878 218.
371 813 412 878 Eu
427 832 543 892 amore,
560 831 616 894 qao
637 818 768 878 nationes
786 832 817 876 se
836 814 961 876 invicem
978 807 1114 889 prosequi
1129 810 1264 884 debent,
1280 825 1313 870 ac

254 911 370 964 mutuas
388 903 522 964 utilitates
541 919 714 978 procurare,
730 902 888 961 luculenter
908 899 1037 974 seutdtur
1055 904 1087 958 ut
1106 898 1144 956 ad
1167 913 1313 956 commer-

255 989 332 1047 cium
351 995 379 1048 et
397 989 636 1064 permutationem
657 1003 755 1048 rerum
772 985 967 1046 necessarium
986 988 1036 1058 aut
1052 982 1169 1042 utilium
1187 981 1270 1042 inter
1284 997 1313 1042 sc

255 1075 447 1134 exercendum
461 1073 628 1148 obligeuter.
650 1073 721 1134 Cum
736 1073 813 1133 enim
827 1077 931 1131 natura
948 1085 1006 1130 nen
1026 1068 1124 1128 omnia
1142 1065 1259 1144 ubique
1274 1067 1314 1142 gi·

255 1160 314 1234 gni,
327 1159 377 1218 sed
392 1160 460 1220 alibi
476 1161 581 1234 lrugcs,
595 1160 664 1220 alibi
680 1175 793 1233 pecora,
808 1157 877 1218 alibi
891 1155 1015 1230 metalla,
1028 1161 1113 1230 atque
1126 1153 1167 1212 ita
1181 1153 1221 1212 de
1238 1151 1313 1226 aliis,

255 1243 401 1306 abundare
417 1247 554 1320 voluerit,
570 1245 731 1306 ostendisse
746 1244 857 1304 ridetur
876 1258 907 1304 se
925 1246 1056 1302 mutuam
1075 1238 1236 1316 quamdam
1252 1239 1314 1298 iun·

255 1329 379 1389 ctionem
400 1331 530 1404 gentium
549 1336 671 1406 optasse.
693 1331 864 1390 immorare
883 1328 938 1388 hac
955 1326 1095 1388 honorum
1116 1325 1315 1400 discrepantia

255 1420 354 1488 gentes
381 1431 480 1476 omnes
498 1415 625 1476 uicissim
647 1417 723 1478 inter
739 1432 771 1474 so
790 1415 932 1481 subiectas
955 1429 1018 1475 esse
1035 1411 1143 1484 uoluit3
1164 1410 1312 1486 siquidem

255 1499 449 1578 indigentiae,
471 1518 545 1578 quae
568 1503 636 1562 iude
658 1507 853 1574 enascuntur,
873 1503 989 1559 mutuae
1017 1501 1085 1558 suut
1102 1502 1189 1570 atque
1208 1511 1313 1556 omnes

256 1587 414 1659 generatim
436 1587 584 1662 alliciunt3
607 1582 658 1664 qui
678 1591 776 1646 autem
797 1590 879 1661 eget,
901 1585 948 1659 ei,
969 1583 1020 1659 qni
1040 1582 1189 1655 abundat,
1209 1581 1247 1640 iit
1264 1581 1313 1642 olr

254 1671 371 1732 noxius.
395 1673 441 1733 Sic
458 1680 573 1748 gentem
590 1688 680 1732 unam
701 1672 738 1731 ad
756 1670 1026 1745 communicandum
1045 1684 1114 1728 cum
1132 1666 1191 1726 alia
1207 1672 1313 1726 natura

254 1759 502 1834 ordinanterque
517 1759 553 1818 ad
562 1757 783 1819 benevolentiae
797 1754 967 1821 exercitium
977 1753 1100 1815 niodum
1110 1753 1247 1828 propriae
1257 1751 1311 1812 uti

256 1842 459 1918 tntsadegtt.
1108 1890 1111 1894 ι

293 1929 349 1988 Nec
363 1944 430 1989 vero
459 1927 655 1990 materialibus
676 1928 827 1990 dumtaxat
843 1924 1008 2003 indigentiis
1021 1924 1232 1988 commercium
1247 1923 1311 1986 stro

257 2014 354 2088 venit,
376 2015 426 2074 sed
444 2016 600 2076 moralibus
625 2016 713 2076 etiam
731 2015 871 2076 indirecte
888 2015 989 2074 saltem
1010 2015 1095 2074 iavet
1118 2011 1236 2072 Etenim
1255 2025 1311 2070 noo

256 2099 341 2157 modo
362 2100 489 2158 diversas
512 2105 610 2174 gentes
630 2102 670 2160 ita
689 2102 810 2174 miscet,
828 2105 861 2160 ut
881 2101 956 2174 quod
974 2098 1103 2174 genitam
1123 2102 1309 2170 estnequam

258 2179 289 2242 id
310 2182 385 2256 apud
407 2199 505 2246 omnes
532 2191 632 2246 natum
652 2202 715 2246 esse
733 2187 882 2260 uideatur,
905 2184 1054 2244 sedetiam
1071 2181 1206 2257 ampliori
1221 2181 1311 2242 cultu·

254 2281 304 2325 rae
324 2269 417 2341 quoad
437 2271 589 2332 scientiam
609 2271 789 2345 afferendae,
807 2287 841 2331 ac
859 2271 989 2330 moribus
1005 2267 1258 2344 temperatioribus
1273 2267 1311 2326 el

254 2351 384 2416 ficiendis
402 2355 687 2434 debitaque-lenitate
705 2357 845 2417 donandis
863 2360 1011 2430 umquam
1026 2354 1239 2414 validissimum
1251 2367 1311 2412 me

249 2435 330 2497 dium
344 2448 456 2514 praesto
471 2450 522 2502 est.
536 2443 733 2516 llaximopere
748 2442 828 2501 enim
843 2441 949 2500 evolvit
962 2439 1182 2514 intelligentiam
1195 2443 1311 2513 propter

251 2523 420 2586 uarietatem
442 2533 470 2586 et
489 2528 600 2602 copiam
624 2527 802 2586 obiectorum
820 2541 894 2600 quaa
911 2525 1047 2600 respicit,
1063 2527 1181 2598 propter
1203 2524 1310 2582 distan-

252 2609 325 2668 tium
340 2610 466 2670 locorum
481 2611 690 2686 inspectionem
707 2611 834 2685 adquae
851 2616 928 2670 terra
946 2609 1077 2683 marique
1090 2608 1226 2668 homines
1240 2623 1310 2666 mer·

249 2693 329 2752 cium
352 2696 605 2770 permutandarnm
634 2697 727 2770 gratia
751 2695 889 2771 adducit,
915 2700 1030 2770 propter
1052 2693 1134 2768 iuges
1158 2692 1308 2762 stimulos,

249 2793 321 2850 quos
336 2781 425 2840 manti
440 2781 518 2841 addit
532 2789 564 2841 ut
578 2797 660 2842 nova
678 2780 775 2841 media
794 2781 1010 2855 excogitantem,
1029 2778 1134 2854 ombus
1146 2783 1310 2838 mercatura

253 2861 339 2924 latius
349 2871 517 2926 exerceatur
527 2873 613 2942 acrae
623 2866 731 2926 exinde
746 2866 894 2940 copiosius
908 2871 937 2926 et
950 2864 1063 2926 facilius
1077 2863 1194 2924 meram
1206 2863 1310 2922 refera-

253 2953 320 3023 tur,
337 2949 459 3024 danique
473 2957 588 3025 propter
604 2957 739 3010 mutuam
753 2950 842 3010 veluti
856 2950 1002 3010 lusionem
1019 2947 1205 3023 ingeniorum
1218 2947 1309 3008 diver·

257 3049 356 3094 sarum
369 3034 538 3111 nationum,
555 3051 641 3110 quam
655 3036 788 3110 inducit,
805 3041 834 3095 et
851 3041 1017 3096 contactum
1034 3048 1150 3094 morum
1166 3033 1309 3107 opposito

256 3133 332 3195 rum,
344 3135 381 3179 ex
395 3137 451 3196 quo
467 3127 600 3182 mutuum
612 3127 874 3196 temperamentum
887 3129 916 3184 et
929 3120 1021 3181 maior
1034 3116 1190 3193 explicatio
1205 3116 1310 3179 nmium

260 3204 422 3266 elllorescit.
805 3251 820 3266 .

142 3322 145 3332 -
263 3341 265 3346 .
296 3290 369 3350 liinc
387 3293 449 3352 iure
472 3293 624 3354 observant
647 3293 809 3370 philosophi
827 3293 991 3356 maximum
1008 3290 1140 3354 caturae
1155 3287 1309 3352 arnonas

263 3376 384 3451 madum
398 3393 465 3437 cum
478 3379 649 3440 commercio
662 3382 811 3456 connecti3
836 3381 910 3440 sicut
923 3379 1113 3440 nudissimum
1128 3375 1207 3436 ritae
1221 3393 1309 3451 genus

263 3461 336 3521 illud
353 3467 413 3538 est,
434 3465 509 3540 quod
530 3465 589 3526 solo
608 3472 715 3526 venatu
734 3471 785 3525 aut
802 3466 933 3541 pastione
952 3463 1122 3526 condnetru.
1145 3461 1225 3522 later
1243 3463 1310 3520 haec

260 3550 389 3616 medium
403 3550 498 3610 locum
512 3557 631 3626 occupat
645 3551 821 3626 agricultura
830 3545 975 3611 etardum
985 3548 1224 3610 mechanicarum
1233 3563 1308 3614 usus·

261 3634 303 3692 ita
317 3639 413 3696 umen
430 3640 462 3695 nt
480 3635 653 3708 agricultura
670 3637 834 3697 domesticis
852 3643 881 3697 et
901 3636 1035 3697 civilibus
1051 3632 1210 3694 mutibus
1231 3648 1311 3692 exuo

177 3765 180 3772 .
261 3717 364 3792 lendis,
376 3721 479 3779 artium
494 3737 564 3791 risus
579 3722 705 3782 externis
720 3723 848 3782 culturae
861 3721 1040 3782 ornamentis
1049 3718 1143 3792 magis
1157 3717 1310 3778 deserviat.

262 3802 314 3862 Illa
328 3805 406 3862 enim
420 3805 544 3866 familias
563 3817 639 3867 certo
653 3807 715 3866 loco
735 3808 876 3883 affigens,
892 3807 1051 3868 nomadum
1071 3802 1187 3863 urendi
1202 3818 1311 3864 morem

265 3886 392 3946 excludit
404 3903 439 3949 ac
451 3891 582 3950 stabilem
594 3893 825 3966 permansionem
839 3895 1013 3971 suppeditat
1029 3897 1092 3976 tum
1105 3888 1197 3950 edam
1211 3905 1310 3952 curam
