2767 4492
281 363 289 374 .
346 325 421 374 nans
435 324 928 374 runnu-renumerauarnnams
1105 307 1160 370 tot
1199 373 1205 380 ,

116 403 246 472 habenda
269 415 322 470 est.
349 411 555 486 Consequentia
575 412 653 470 enim
670 427 709 470 ex
729 411 913 471 antecedente
934 423 993 470 non
1016 407 1155 483 sequitur.

115 495 263 556 Praeterea
275 497 414 570 positivae
429 495 653 555 conservationis
670 495 826 555 nenessitas
839 495 907 555 inde
928 495 1067 568 orirenu,
1084 493 1160 568 quod

115 595 162 640 res
177 581 307 643 conditae
322 581 354 640 iu
368 581 493 652 nihilum
510 581 615 656 reverti
634 581 772 641 nitantur.
789 581 904 641 atvero
917 580 944 640 is
958 580 1040 640 nisus
1053 585 1082 639 et
1096 593 1159 654 pro

116 665 216 739 pensio
231 665 356 726 absurda
371 673 447 729 sunt.

150 751 234 824 Resp.
251 751 288 810 ad
302 751 438 826 primum.
456 752 664 828 consequentia
684 752 735 812 ilia
749 755 794 812 est
814 749 943 825 legitima
955 755 984 810 et
997 765 1033 810 ex
1049 754 1161 810 antece-

115 835 200 894 dente
216 836 322 910 optims
343 837 475 896 nectitur.
492 838 548 897 Ena
567 837 646 897 enim
667 837 836 911 contingens
859 835 1099 910 quemadmodum
1115 852 1161 895 ra-

119 919 225 978 tionem
241 921 431 981 sufficientem
446 938 498 981 111
512 922 620 982 sitnon
639 922 845 997 complectitur,
855 921 897 978 ita
910 934 1023 994 quoque
1037 935 1088 978 cur
1101 936 1163 994 per-

117 1009 228 1064 sereret
241 1005 351 1064 nuliam
365 1006 461 1065 habet.
477 1006 636 1068 linistentia
649 1007 728 1066 enim
742 1005 829 1081 primi
842 1005 975 1064 instantia
990 1018 1057 1064 cum
1071 1012 1163 1078 poste

117 1088 227 1148 riorum
241 1089 395 1149 existentia
405 1106 464 1149 non
478 1092 658 1150 connectitur
672 1091 844 1163 necessario,
855 1089 956 1148 11111
969 1104 1034 1148 eam
1047 1089 1163 1162 gignen-
1195 1105 1199 1112 ’

117 1173 184 1232 dam
197 1175 329 1235 conterre
344 1181 444 1250 potest.
463 1175 641 1250 Quamquam
656 1191 716 1235 non
729 1191 788 1235 uno
801 1177 858 1236 111
869 1179 1038 1249 argumento
1052 1173 1089 1231 ad
1102 1189 1164 1233 rem

38 1269 50 1284 ·
118 1256 289 1318 firmandam
308 1259 355 1319 usi
381 1275 496 1333 eumue,
513 1261 564 1319 sed
584 1259 642 1319 alia
665 1260 838 1334 adiecimus,
856 1274 929 1334 quae
950 1273 1085 1333 praesens
1106 1273 1164 1318 non

119 1342 210 1413 tangit
224 1342 388 1403 1111111111.

153 1425 195 1482 nd
209 1425 330 1486 aiterum
345 1429 409 1488 dico
425 1429 457 1488 in
472 1430 559 1490 rebus
573 1431 677 1489 creatis
697 1431 791 1489 inesse
813 1429 930 1504 quidem
947 1428 1166 1504 propensionem
1263 1455 1266 1460 ·

119 1512 148 1568 et
162 1509 259 1569 nisum
269 1512 305 1570 ad
320 1513 496 1572 manendum
511 1514 615 1588 potius,
627 1529 716 1588 quarn
729 1515 920 1589 pereundum3
931 1529 978 1573 rea
992 1514 1072 1572 enim
1080 1528 1165 1587 quae·

123 1609 180 1668 que
194 1595 229 1654 ad
250 1597 434 1657 existentiam
449 1606 477 1658 et
497 1599 606 1659 bonum
623 1615 682 1658 non
704 1615 771 1660 vero
785 1601 821 1658 ad
839 1599 949 1658 malum
962 1604 991 1658 et
1011 1599 1167 1674 perniciem

117 1673 148 1732 vi
164 1679 283 1735 naturae
298 1677 485 1738 inclinantur.
501 1681 632 1740 Attamen
647 1680 715 1739 huic
735 1680 838 1740 insitae
856 1680 1039 1755 propensioni
1057 1678 1167 1737 satiata·

118 1773 183 1817 cere
199 1774 250 1834 per
263 1776 294 1820 se
309 1770 472 1837 nequeunt,
489 1763 575 1837 idque
591 1780 628 1822 ex
643 1764 811 1824 earumdem
828 1771 948 1824 naturae
963 1762 1103 1822 limitibus
1118 1762 1167 1820 de-

118 1842 238 1902 rivatur.
256 1844 348 1913 Quare
363 1861 429 1906 cum
446 1847 482 1907 ad
496 1848 636 1908 eiusmodi
651 1850 882 1926 permansionem
895 1848 1058 1907 habendam
1072 1861 1168 1905 neces

6 1997 7 2016 ,
122 1927 214 1986 sarius
224 1928 261 1988 sit
276 1930 457 1992 continuatus
466 1933 585 2006 qnidam
600 1933 729 1992 intiuxus
743 1947 895 2007 supremae
909 1947 1023 2003 ramae,
1034 1945 1081 1989 res
1090 1945 1167 1989 crea·

122 2016 166 2070 111
180 2012 238 2072 1111
251 2023 373 2088 possunt
393 2017 569 2090 propendere
583 2018 614 2076 in
633 2017 758 2077 nihilum
776 2019 927 2092 aspectam
942 2022 1084 2091 quatenus
1101 2014 1169 2073 licet

122 2110 241 2155 manere
255 2105 406 2173 appetant,
425 2111 520 2159 tamen
532 2101 601 2175 quia
615 2102 645 2160 id
659 2103 774 2161 nonnisi
789 2103 946 2176 opitulante
961 2101 1017 2159 Deo
1032 2098 1168 2172 consequi

6 2199 7 2270 3
119 2185 254 2252 possunt,
271 2181 303 2240 11
320 2181 452 2242 nativum
469 2184 593 2244 nihilum
612 2185 808 2246 relaberentur
822 2187 848 2246 si
868 2186 967 2246 divina
982 2185 1056 2246 actio
1078 2198 1168 2244 remo·

125 2267 249 2323 veretur.

443 2449 446 2454 '
542 2441 760 2505 11111111.

484 2609 524 2674 De
537 2613 637 2676 diuino
655 2631 814 2677 11111111,

160 2771 221 2839 tto.
244 2780 298 2849 Qui
318 2783 470 2855 positivam
491 2787 752 2857 conservationem,
768 2789 801 2841 ut
820 2781 965 2857 proposita
979 2796 997 2839 a
1009 2780 1094 2839 nohis
1108 2781 1167 2854 est,

120 2863 264 2936 reiiciunt,
282 2864 312 2922 hi
326 2865 536 2924 immediatum
549 2870 636 2926 etiarn
651 2869 701 2926 Dei
715 2881 888 2926 concursum
904 2867 934 2924 in
955 2865 1116 2924 actionibus
1130 2865 1169 2924 ei-

124 2946 285 3006 ficientium
301 2953 460 3006 creatorum
477 2950 644 3008 detractant.
657 2950 734 3017 Quae
743 2952 817 3009 duae
831 2950 987 3010 sententiae
1001 2950 1042 3009 ita
1055 2949 1130 3009 inter
1140 2966 1171 3010 se

125 3032 392 3107 aptaevidenturet
406 3032 676 3108 conquaestore
691 3042 814 3110 nequeat
828 3037 981 3111 repudiari,
999 3037 1068 3112 quin
1083 3038 1172 3095 altera

125 3131 239 3191 quoque
250 3115 407 3175 reiiciatur.
420 3115 574 3192 Praecipua
584 3120 662 3176 enim
676 3122 832 3180 necessitas
841 3120 931 3180 divini
940 3135 1095 3180 concursus
1105 3120 1171 3177 inde

124 3201 309 3275 depromitur,
323 3201 398 3273 quod
412 3208 602 3275 congruenter
617 3212 741 3276 nequeat
750 3205 831 3263 tinita
845 3205 905 3264 ulia
918 3205 1032 3264 restitas
1046 3210 1169 3275 exstare,

125 3286 182 3346 uisi
198 3286 272 3344 Deus
287 3285 429 3345 aiiirmate
446 3286 477 3344 in
492 3287 587 3361 ipsam
599 3288 710 3348 induat.
727 3289 867 3363 Vicissim,
879 3289 906 3348 si
919 3290 1065 3349 effectuae
1079 3287 1173 3346 causis

126 3371 261 3432 secundis
277 3369 501 3446 proficiscentes,
517 3372 587 3431 dum
601 3374 766 3448 gignuntur,
781 3390 820 3434 err
835 3374 914 3434 nulio
929 3373 978 3432 liei
992 3374 1117 3448 pendent
1130 3372 1172 3430 in·

127 3457 209 3516 tiunu
225 3457 233 3530 t
242 3461 270 3515 et
286 3471 388 3531 reapse
405 3472 464 3516 non
483 3457 639 3532 penderent
653 3461 677 3518 si
691 3459 748 3520 Deo
762 3476 820 3520 non
838 3465 1025 3520 concurrente
1039 3457 1170 3531 tierent);

127 3555 165 3599 ue
177 3549 275 3614 postea
285 3541 412 3615 quidem,
424 3543 492 3600 dum
503 3551 681 3618 permanent,
695 3546 778 3605 alteo
788 3546 904 3620 exigent
914 3542 1085 3602 conservari.
1097 3541 1173 3609 Quae

128 3639 195 3684 cum
209 3625 249 3684 ita
264 3625 330 3698 sint,
346 3626 467 3700 quisque
481 3627 587 3700 optime
603 3629 739 3704 perspicit
747 3630 777 3688 in
791 3645 878 3704 quam
893 3627 1064 3688 sententiam
1079 3626 1132 3684 trac
1142 3625 1173 3684 in

128 3725 161 3768 re
172 3709 262 3768 simus
275 3710 353 3768 ituri.
367 3709 395 3769 Si
406 3710 485 3770 euim
492 3712 654 3786 positivum
662 3729 759 3773 rerum
770 3713 1014 3774 conservationem
1029 3717 1173 3786 tantopere

129 3793 352 3868 vindicavimus,
378 3796 578 3858 consecutione
592 3800 718 3874 proiecto
732 3799 862 3873 quadam
874 3798 1059 3870 adducimur,
1075 3801 1107 3854 ut
1120 3796 1174 3854 im·

130 3878 286 3938 mediatum
301 3880 388 3938 etiam
402 3879 452 3937 liei
466 3895 639 3945 concursum
652 3883 684 3944 in
704 3883 825 3958 singuiis
842 3881 1003 3944 actionibus
1021 3893 1174 3943 musarum

132 3961 323 4025 secundarum
337 3963 535 4028 defendamus.
