2767 4492
523 350 760 419 mundarum
1114 345 1164 417 155

160 446 219 519 tot.
235 448 323 533 itque
340 452 373 514 ut
390 453 566 515 enucleatius
588 453 709 513 innnam
724 452 793 531 quid
810 450 865 513 lroc
882 450 1034 529 praecepto
1048 450 1085 513 ad
1100 452 1169 515 olio·

123 558 187 603 mm
200 540 400 601 detrimentum
414 538 575 599 carendum
590 538 741 613 iubeatur,
767 538 972 598 advertendum
996 542 1039 599 eat
1062 538 1169 600 exinde

25 690 30 699 ,
124 626 266 703 prohiberi
280 624 400 701 nequid
424 624 475 685 dat
487 624 564 702 quod
587 623 708 685 aliorum
727 628 777 683 aut
796 622 892 684 animo
916 628 965 684 ant
985 622 1097 701 corpori
1121 628 1171 685 aut

124 712 206 773 honio
219 712 367 788 utriunque
376 710 492 791 oiliciat.

159 792 230 859 ilinc
243 796 387 858 neminem
411 793 575 857 interimere
589 800 639 855 ant
652 792 754 856 mortis
779 790 905 871 periculo
930 806 1074 871 exponere
1097 794 1174 871 quis·
1270 820 1275 828 ·

125 898 179 961 que
193 890 323 959 tenetur,
349 882 571 957 necquidquam
587 882 719 959 edicere,
744 880 822 959 quod
844 878 961 941 alteriue
982 878 1174 940 incolumitati

125 975 209 1045 utque
222 968 376 1043 integritati
401 970 574 1027 adversetur.
602 966 693 1035 Quare
718 967 862 1026 conuaria
883 966 939 1027 iuri
962 970 1082 1025 naturae
1107 972 1175 1025 eunt

125 1052 260 1128 vulnera,
276 1052 486 1125 mutilationes,
503 1050 645 1125 verbera,
661 1056 690 1111 et
705 1050 845 1129 quidquid
859 1050 937 1112 aliud
950 1049 1107 1113 ualetudini
1124 1058 1174 1110 eut

123 1138 290 1213 perfectioni
299 1137 425 1214 corporis
439 1135 559 1196 aliorum
574 1134 724 1195 hominnm
738 1136 870 1197 detrahit.

160 1224 221 1293 ono
243 1238 310 1283 vero
324 1222 426 1296 ,magio
449 1222 563 1281 animno
586 1220 698 1296 corpori
719 1228 845 1299 praestat
859 1222 977 1299 eiusque
995 1220 1071 1284 bonu
1090 1218 1176 1283 bonln

125 1306 268 1383 corporela
280 1306 453 1367 antecellunt
466 1326 475 1380 ς
497 1322 531 1366 eo
549 1307 714 1367 nocentiora
729 1314 796 1367 eunt
809 1322 895 1383 opera
908 1322 982 1379 quac
997 1306 1087 1369 animi
1102 1306 1177 1367 nalu-

40 1396 45 1405 ‘
127 1400 182 1452 tem
200 1392 322 1467 perdunt
335 1399 386 1451 aut
400 1391 565 1467 perlectioni
588 1392 750 1452 intellectus
764 1391 809 1452 rel
823 1392 977 1452 voluntatis
991 1402 1104 1453 nocent.
1125 1393 1177 1452 Vc·

126 1478 208 1537 litum
223 1478 311 1553 igitur
325 1478 386 1551 lega
404 1484 522 1537 naturae
543 1483 586 1536 cot
600 1478 671 1537 alios
685 1494 703 1536 a
718 1478 836 1537 veritate
856 1476 1017 1551 abducere,
1039 1484 1124 1553 atque
1139 1478 1177 1537 ud

125 1576 251 1622 errorem
269 1559 417 1624 inclinare.
433 1577 536 1622 eornm
550 1560 718 1637 disciplinae
733 1562 890 1637 obsistere,
907 1562 1002 1623 rerbia
1018 1566 1067 1622 aut
1081 1578 1179 1622 exem·

125 1648 173 1723 plu
187 1647 264 1723 ipsos
282 1646 317 1705 ad
341 1647 409 1706 vitia
423 1647 565 1721 pellicere,
578 1653 627 1705 aut
641 1648 799 1723 quidquam
813 1648 961 1707 insinuare
975 1648 1052 1723 qnod
1066 1662 1180 1707 morum

126 1732 320 1811 innocentiqm
334 1731 495 1790 imminuat.
512 1730 545 1789 iit
559 1731 696 1805 quoniam
710 1732 781 1791 haee
799 1746 849 1805 per
868 1746 898 1791 ne
913 1730 990 1791 mala
1013 1738 1098 1806 sunt,
1119 1746 1178 1791 nou

126 1818 212 1877 modo
225 1816 263 1875 ab
278 1816 406 1876 externis
420 1814 548 1888 actibus,
575 1815 626 1874 sed
642 1816 730 1875 etiam
745 1814 782 1875 ab
798 1816 936 1891 internis,
953 1816 1123 1891 cogitatione
1138 1814 1181 1875 ni·

123 1904 234 1962 mirum
252 1902 413 1975 craticeo,
430 1900 530 1975 repelli
545 1900 658 1959 debent.
677 1901 764 1959 Scene
779 1901 909 1959 uoluntas
923 1900 954 1960 in
969 1916 1088 1977 pravum
1104 1900 1181 1961 oliie·

122 1994 202 2046 ctum
220 1986 356 2059 tenderet,
372 1993 457 2060 atqcue
471 1984 575 2045 exinde
590 1985 759 2059 pravitatem
774 1984 962 2045 contraheret.

156 2070 293 2145 lienique
317 2085 384 2129 curn
410 2072 443 2127 ad
471 2069 616 2127 huminem
644 2068 720 2127 bena
743 2071 830 2128 etiarn
855 2077 974 2131 externa
997 2070 1179 2151 perducant,

122 2157 152 2218 ln
172 2156 224 2215 ilia
249 2170 362 2229 quoque
384 2169 469 2213 nemo
492 2154 597 2213 iniuste
619 2152 775 2214 laedendus
799 2160 852 2215 est.
877 2152 967 2226 Quare
988 2154 1034 2218 lua
1060 2164 1181 2219 natiuae

122 2242 217 2303 ululat
231 2239 358 2313 quisquis
372 2254 418 2297 ree
434 2238 549 2297 alterius
574 2240 659 2315 eripit
673 2245 723 2297 aut
734 2238 887 2300 deteriores
903 2242 1011 2317 ellicit,
1034 2242 1181 2303 ueletiam

123 2330 188 2389 eius
207 2324 300 2383 lamae
319 2330 346 2381 el
363 2324 461 2383 lrouori
485 2323 627 2382 maculam
652 2324 786 2399 aspergit.
814 2324 893 2395 Quod
906 2326 931 2385 ni
946 2328 1011 2403 qnia
1032 2326 1063 2387 in
1078 2328 1182 2387 horum

125 2412 227 2485 aliquo
247 2409 429 2486 peccaverit,
459 2410 496 2467 ad
514 2408 652 2468 domnum
677 2408 753 2470 illico
771 2410 1008 2486 resarciendum,
1039 2419 1123 2487 utque
1146 2414 1184 2472 ad

125 2516 197 2561 eum
215 2544 222 2572 ,
248 2512 334 2573 quem
348 2494 453 2565 laesit,
479 2496 510 2555 in
534 2496 702 2571 integrum,
727 2496 820 2572 quoad
836 2501 949 2572 potent,
975 2496 1185 2557 restituendum

129 2585 284 2657 obliquior.

165 2672 257 2743 dtqne
272 2668 360 2743 liaeo,
387 2684 460 2745 qnae
475 2667 597 2729 dicimus
612 2668 647 2729 de
661 2666 787 2728 cavenda
811 2666 918 2727 iniuria
936 2664 1019 2725 aede
1034 2664 1184 2726 dilectione

130 2754 237 2815 celeria
260 2752 412 2827 habenda,
439 2756 526 2812 etiam
547 2762 678 2829 respectu
693 2752 802 2813 inimici
821 2750 1003 2825 intelligenda
1028 2754 1104 2810 eunt.
1127 2749 1186 2810 Etsi

131 2840 212 2899 euim
236 2838 405 2911 pravitatem
430 2837 662 2909 destituamini,
689 2852 746 2909 qua
761 2836 825 2909 quis
841 2834 947 2894 demna
964 2834 1047 2895 nobis
1069 2834 1184 2910 intulit,

129 2918 277 2993 detestari,
299 2934 455 2993 corumque
470 2936 591 2993 aequum
606 2920 814 2993 reparationem
830 2920 945 2993 exigere
960 2919 1003 2979 las
1018 2918 1072 2994 sit3
1090 2926 1187 2979 lamen

130 3012 278 3067 arrcwrem
294 3002 357 3062 odio
374 3004 505 3077 prosequi
514 3010 543 3060 et
552 3002 665 3061 domnia
676 2998 791 3061 allicere
806 3002 935 3077 (excepto
955 3008 1080 3079 tempore
1094 3003 1188 3062 iustae

132 3086 308 3150 defensionis
322 3088 352 3146 in
368 3087 549 3163 aggressione
573 3087 690 3161 iniqua)
716 3085 834 3147 minime
859 3102 1018 3163 possumus.
1046 3086 1188 3147 Naturalia

132 3174 214 3235 euim
228 3186 324 3245 amor,
350 3188 437 3247 quem
452 3170 554 3231 ceteris
568 3171 735 3231 hominibus
751 3172 909 3247 debemus,
934 3188 991 3232 non
1008 3172 1143 3231 tundatur
1157 3170 1189 3231 in

132 3258 238 3319 merito
253 3258 376 3333 quodam
391 3256 559 3316 individuali
573 3272 722 3333 personae,
743 3257 793 3316 sed
808 3257 838 3317 in
853 3256 990 3333 dignitate
1004 3262 1123 3316 naturae
1138 3271 1189 3315 no·
1229 3268 1231 3271 ·

132 3343 181 3404 luis
210 3344 390 3418 consimilis,
416 3358 490 3419 quae
514 3350 590 3405 certe
613 3343 642 3403 in
663 3342 756 3403 amieo
781 3344 825 3404 vel
849 3342 929 3403 hoste
952 3344 1052 3403 eadem
1074 3357 1192 3418 prorsus

134 3435 190 3490 est.
211 3429 303 3499 Quare
317 3429 481 3487 communia
506 3429 589 3502 signa
614 3428 849 3503 benevolentiae,
873 3443 947 3504 quae
962 3444 997 3488 ex
1014 3426 1068 3488 hoc
1092 3442 1191 3487 amore

135 3521 322 3588 enascuntur,
338 3514 505 3589 deneganda
520 3513 646 3574 inimicia
660 3514 747 3573 etiam
763 3530 820 3574 non
835 3520 921 3591 suut,
938 3514 995 3573 nisi
1010 3514 1080 3574 lorte
1095 3514 1124 3579 id
1139 3512 1191 3573 ali·

137 3601 254 3673 quaudo
268 3600 397 3659 medium
411 3608 509 3672 aptum
524 3598 666 3659 indicetur
680 3598 716 3657 ad
736 3612 835 3658 eorum
849 3598 1075 3673 resipiscentiam
1090 3614 1191 3675 procn-

136 3686 270 3743 rendam.
296 3684 374 3744 Tunc
388 3682 465 3743 euin'r
484 3700 542 3742 non
566 3691 680 3759 propter
696 3684 836 3759 privatam
852 3682 1007 3743 vindictam
1021 3688 1070 3743 aut
1092 3682 1192 3745 edium

138 3782 208 3842 erga
222 3769 391 3844 personum,
419 3768 468 3828 sed
483 3773 598 3845 propter
611 3769 673 3828 eiua
690 3767 817 3843 bonum,
838 3772 923 3845 atque
944 3772 976 3826 nt
994 3766 1030 3826 ad
1054 3767 1189 3828 hostilem

140 3852 269 3912 enimam
289 3852 489 3932 deponendum
503 3854 664 3929 damnaque
679 3852 762 3912 nobis
777 3852 856 3912 illuto
869 3850 1050 3913 resarcienda
1074 3850 1191 3913 luducass

107 3967 118 3983 ·
141 3942 206 4017 tur,
222 3938 362 4005 eiusmodi
385 3940 602 4019 externamque
617 3939 747 4002 omlttere
762 3936 932 4023 quaudoque
951 3933 1026 4008 licet.
1042 3935 1099 4024 dee
1113 3939 1194 4011 dur
