2767 4492
492 367 726 420 roursrurmtan
1087 357 1135 419 stt

99 455 160 520 lurn
175 457 305 520 subitura
318 460 365 520 sit.
380 459 451 520 Hinc
473 459 626 535 siquando
647 445 799 521 intercidat
812 466 845 520 nt
866 477 937 536 gens
961 461 1138 522 contermina

98 545 272 604 intestinoet
285 545 363 604 civili
378 544 451 603 hello
465 544 614 618 laceretm,
628 545 668 605 ita
678 549 710 603 ut
721 544 757 602 ad
766 551 876 604 eertum
885 547 1032 606 interilum
1041 553 1135 617 ruant,

98 637 149 689 aut
162 645 226 688 eam
237 629 341 690 iniuste
349 635 518 704 praepotens
532 631 649 704 quidam
662 629 753 689 hostis
763 629 892 705 invadat3
910 632 1136 692 internetionalis

97 715 222 788 prolecto
237 715 361 774 charitas
375 714 455 773 iubet
472 721 505 773 ut
520 715 630 774 ticinae
644 719 753 790 gentes,
766 715 791 773 si
805 716 922 789 possint,
935 731 1019 788 opem
1032 717 1134 788 lerant,

98 815 132 858 ac
147 801 335 874 propinquam
349 799 495 860 nationem
509 815 526 858 a
541 800 667 874 periculo
689 799 821 872 eripiant
839 799 917 867 Quod
932 801 1002 858 dum
1016 800 1134 865 iaciunt,

97 883 153 943 sibi
172 885 257 942 etiam
273 885 439 957 consulunt,
455 884 564 942 malum
579 884 657 942 enim
672 884 832 944 uicinorum
845 882 946 958 nequit
962 884 1002 942 ita
1015 899 1046 942 se
1060 883 1137 942 cohi-

96 967 174 1043 here,
191 975 223 1028 nt
237 970 267 1028 in
282 969 352 1028 alios
366 969 467 1027 deindo
482 985 538 1027 non
555 975 734 1042 propagetur.
751 969 877 1043 Itemque
895 970 920 1027 si
935 969 1076 1026 lame-ant
1089 981 1137 1040 pe·

96 1054 220 1112 stilentia
235 1060 283 1112 aut
298 1053 361 1112 aliis
375 1054 522 1112 aerumnis
536 1053 660 1112 finitima
675 1054 752 1112 natio
766 1053 888 1125 laborat,
905 1058 1037 1112 tenentur
1051 1052 1134 1123 aliae,

95 1153 130 1197 eo
145 1141 297 1212 modoque
312 1138 433 1211 valeant,
450 1139 593 1212 auxiliari,
606 1138 740 1197 adhibitis
755 1138 934 1198 cantionibus
948 1138 1073 1211 aelidem
1087 1144 1138 1195 aut

96 1223 244 1281 consimile
258 1223 365 1280 malum
381 1223 535 1280 olleodant.
553 1223 690 1282 Praecisis
707 1229 804 1282 autem
818 1223 897 1282 hisce
911 1222 1060 1298 periculisf,
1076 1221 1137 1280 olli·

95 1307 140 1365 cio
155 1321 267 1380 semper
282 1321 411 1380 quaeque
422 1307 541 1365 societas
552 1307 739 1380 adstringitur
752 1307 916 1367 conserendi
934 1306 1059 1380 aliquam
1073 1320 1137 1379 ope·

93 1405 157 1449 ram
172 1392 207 1450 ad
218 1396 376 1451 ceterarum
390 1391 519 1464 gentium
534 1391 655 1450 salutem
669 1398 698 1450 et
711 1393 936 1466 prosperitatem.

130 1475 251 1535 Maxime
265 1491 332 1536 nero
347 1491 463 1535 necesse
477 1482 561 1534 estut
575 1477 789 1550 perlectionem,
806 1493 880 1551 quae
894 1477 1022 1535 animum
1034 1480 1063 1535 et
1077 1489 1136 1533 mo·

93 1577 141 1620 res
156 1561 287 1636 attingit,
304 1563 335 1620 in
350 1563 414 1620 aliis
429 1569 560 1636 augeant,
575 1562 636 1621 sive
651 1577 739 1636 opera
752 1562 813 1621 sive
828 1562 959 1636 exemplo
973 1562 1033 1620 sive
1048 1560 1135 1619 etiam

93 1646 225 1720 prudenti
241 1646 368 1706 consilio.
386 1647 456 1704 Tum
471 1653 503 1704 ut
517 1645 658 1705 amicitias
672 1651 827 1706 exerceant
841 1652 971 1720 mutuas,
987 1662 1041 1705 nco
1057 1661 1135 1704 conr·

93 1731 210 1802 mittant¹
223 1738 253 1789 ut
268 1745 320 1790 sua
334 1731 418 1804 culpa
432 1746 490 1805 pax
505 1732 680 1790 defervescat
694 1739 744 1789 aut
759 1731 867 1804 aliquid
882 1737 1009 1805 patretur
1023 1729 1136 1788 asociis

95 1817 172 1889 qnod
186 1823 303 1875 mutuae
319 1830 385 1874 eum
401 1815 464 1874 aliis
483 1815 615 1889 gentibus
634 1817 802 1875 concordiae
820 1816 935 1875 ollieiat.
956 1816 1046 1874 immo
1065 1829 1134 1872 nero

96 1901 120 1958 si
137 1901 250 1974 quando
265 1901 385 1974 litigium
401 1900 568 1974 intervenit,
585 1901 656 1960 illud
671 1901 806 1960 dirimere
819 1906 949 1974 satagant
962 1900 1073 1974 legibus
1087 1914 1135 1969 po·

94 1987 153 2044 tius
169 1986 318 2060 aequitatis
334 1991 362 2043 et
382 1984 613 2058 benevolentiae,
637 2001 725 2060 quarn
746 1987 908 2061 cupiditatis
929 1992 978 2045 ant
1003 1983 1133 2043 ferociae.

94 2069 168 2128 Haec
183 2071 347 2129 summatim
361 2069 489 2127 innuisse
503 2071 573 2128 satis
595 2077 654 2144 est,
671 2087 739 2129 cum
752 2087 804 2146 per
818 2087 849 2130 so
865 2077 980 2145 pateant
993 2071 1024 2129 in
1038 2083 1132 2144 prom·

94 2160 232 2228 ptumque
248 2154 306 2211 sint
321 2152 463 2210 omnibus.

129 2239 248 2296 Tantum
264 2237 445 2294 observatum
459 2234 590 2294 volumus
606 2238 747 2298 eiusmodi
761 2239 858 2298 officia
868 2241 1073 2300 benolieentiae
1088 2255 1134 2298 eo·

93 2337 157 2382 rum
172 2336 292 2380 numero
307 2319 454 2391 contineri,
473 2336 546 2394 quae
560 2321 733 2396 irrporfccto
746 2329 897 2395 uocantum
913 2341 986 2397 qliae
1002 2325 1069 2384 licet
1081 2326 1134 2397 lpo-

94 2406 191 2466 stulari
206 2405 324 2480 possint,
341 2404 369 2462 vi
385 2405 461 2477 exigi
476 2405 595 2464 minime
610 2412 738 2479 possunt.
755 2408 825 2465 llam
841 2408 916 2480 quod
931 2409 1076 2480 proprium
1091 2415 1134 2465 cst

94 2492 253 2551 olticiorum
267 2490 509 2563 imperfectorum,
526 2489 556 2548 in
572 2491 608 2549 iis
623 2492 718 2548 locum
731 2491 827 2562 hahet,
843 2490 982 2548 nimirum
996 2492 1133 2562 denegari

93 2592 185 2652 posse,
202 2576 272 2650 quin
286 2575 395 2634 iustitia
410 2575 522 2650 proprie
537 2575 613 2633 dieta
628 2575 765 2634 laedatur.
779 2575 849 2633 Gom
859 2575 936 2633 enim
951 2575 991 2632 ita
1004 2575 1132 2632 exerceri

94 2661 224 2734 debeant,
235 2660 396 2719 utsocietas
410 2659 513 2718 olticiis
528 2659 583 2718 sihi
598 2661 701 2719 debilis
714 2660 834 2718 minime
844 2659 930 2732 desit;
948 2659 1085 2717 iudicium
1096 2659 1132 2732 de

93 2761 192 2804 eorum
208 2744 378 2818 obligatione
393 2749 420 2800 et
439 2745 647 2816 opportunitate
670 2745 706 2803 ab
721 2746 822 2803 eadem
840 2759 962 2818 persona
980 2744 1130 2816 profertur,

93 2845 166 2904 qnae
181 2831 230 2888 illa
248 2843 381 2888 exercere
404 2833 524 2886 tenetur.
542 2829 574 2887 lit
588 2830 704 2902 merito,
721 2829 792 2888 haee
810 2829 887 2887 enim
901 2830 1049 2887 dumtaxat
1068 2843 1133 2886 eon·

94 2916 151 2974 seia
165 2923 208 2971 est
223 2913 401 2985 indigentiae,
417 2928 474 2986 qua
488 2913 621 2986 allicitur,
639 2921 667 2973 et
682 2913 823 2972 facultatis
837 2929 895 2986 qua
913 2913 1012 2986 pollet,
1029 2917 1057 2971 et
1070 2913 1132 2971 oili-

93 2999 201 3059 cioru'm
220 2998 323 3070 uiribus
342 3011 411 3070 erga
431 2997 554 3070 seipsam
574 2999 768 3072 adstringitur.
787 2999 865 3066 Quod
885 2997 911 3056 si
929 2998 975 3056 his
993 2997 1129 3071 pensatis,

93 3083 160 3158 qrrid
174 3084 204 3141 in
219 3083 326 3140 honum
340 3083 461 3140 aliorum
475 3083 569 3141 iacere
584 3083 735 3156 obligetur,
751 3085 826 3141 maie
841 3082 953 3156 delinit,
970 3082 1000 3140 id
1014 3081 1130 3155 quidem

92 3170 191 3243 culpae
206 3168 258 3242 ipsi
276 3167 422 3240 tribuitur,
441 3174 470 3226 at
483 3182 561 3226 mere
581 3169 726 3242 intemae;
743 3183 817 3242 qnae
831 3168 952 3242 proinde
967 3183 984 3225 a
998 3167 1053 3225 Deo
1071 3165 1130 3240 ple-

93 3260 191 3327 ctetur,
208 3253 258 3312 sed
272 3253 406 3311 tribunali
423 3253 549 3312 humano
559 3268 616 3312 non
632 3253 790 3312 subiicitur.
803 3253 890 3312 Nemo
904 3252 991 3326 igitur
1000 3256 1131 3324 respectu

92 3341 193 3398 horum
208 3338 366 3396 ollloiorum
380 3337 426 3396 ius
439 3351 525 3396 suum
540 3337 676 3396 violatum
685 3354 748 3397 esse
762 3338 907 3397 evidenter
921 3337 1069 3396 ostendere
1082 3351 1129 3410 po-

93 3431 154 3484 test.
173 3425 262 3494 Quare
273 3425 308 3482 ad
319 3424 388 3482 illud
402 3425 589 3496 repetendum
601 3426 658 3483 vim
669 3425 804 3483 adhihere
814 3424 885 3482 nulli
900 3425 944 3482 las
953 3427 1004 3481 est.
1017 3423 1128 3480 Contra-

92 3510 166 3568 rium
182 3509 284 3567 aeeidit
298 3509 326 3566 iu
343 3507 445 3566 olliciis
468 3510 614 3581 perlectis,
637 3525 758 3584 quorum
773 3509 903 3582 neglectu
922 3524 988 3567 eum
1009 3506 1130 3565 violetur

92 3594 198 3654 iustitia
212 3601 240 3652 et
253 3593 370 3651 evidens
385 3593 431 3651 ius
446 3590 580 3666 alterius;
603 3595 740 3652 indicium
756 3594 791 3652 dc
804 3594 841 3652 iis
854 3595 913 3652 iarn
930 3593 1072 3667 prolatum
1085 3596 1129 3650 est

93 3695 160 3742 uoce
173 3685 303 3751 naturae,
320 3692 394 3752 quae
408 3677 527 3751 proinde
544 3680 705 3738 locrrltatcm
723 3678 821 3738 tribuit
835 3677 988 3739 adhibendi
1003 3677 1072 3740 rim.
