2767 4492
32 227 44 305 7
504 283 580 337 coss
597 282 717 338 sorem
1086 271 1134 342 ttl

31 314 36 407 Ρ
131 365 254 432 torneie
272 366 434 442 pbilomubi
449 367 501 426 sir
518 367 549 426 in
566 367 679 428 criteno
698 368 826 431 iesous
847 367 1009 432 deliniendo
1032 367 1136 432 disere

31 504 35 527 ¹
102 454 172 523 pent3
186 451 321 521 dissident
337 457 503 518 tamennon
518 467 630 526 parurn,
646 467 714 517 cnm
727 452 885 520 decernunt
898 455 930 512 in
942 469 999 528 quo
1018 455 1136 520 tandem

30 541 37 604 l
102 541 237 606 reponatur
249 541 281 595 et
292 536 451 610 commolere
463 537 510 601 sit.
526 537 607 608 Nam,
622 540 655 594 nt
666 537 703 598 de
717 537 861 601 veteribus
880 538 966 600 simul
985 553 1019 598 ec
1037 553 1135 600 recen-

103 617 205 680 tonbus
218 621 357 694 attingam
372 621 493 699 siquid,
510 620 586 683 Plato
606 622 637 679 in
655 620 723 684 solie
738 622 810 684 ideis
828 622 1067 696 intelligibilibus,
1083 637 1135 690 seu

101 704 284 762 communibus
298 704 471 777 qmbusdam
484 705 665 778 aeternisque
681 705 788 773 formis,
800 721 837 764 ex
847 721 969 780 qumum
983 707 1135 782 pericios·

99 784 163 847 tione
179 788 336 861 singularia
353 789 450 850 omnia
464 789 495 850 in
513 789 583 849 orbe
600 788 755 854 existentia
773 789 968 864 emanarent,
989 791 1135 855 criterium

97 872 229 942 uusttibet
240 872 380 937 contineri
396 873 549 934 arbitretur
563 878 616 932 est.
627 873 774 947 Epicurus,
786 873 817 932 in
832 874 886 934 boc
901 875 989 936 etism
1003 877 1135 939 sensibus

94 952 323 1029 bbncsvorens,
334 956 1133 1034 sensuumtidemAristotetcsconsensumautomnionr,

94 1043 140 1100 ant
152 1038 286 1113 omnum,
302 1046 353 1100 sut
366 1040 493 1102 monime
513 1040 684 1115 peritorum
701 1040 787 1102 Stoici
808 1041 980 1104 evidentiam
996 1059 1048 1104 sen
1061 1059 1136 1112 cour·

91 1122 303 1192 prehensibitenr
318 1124 516 1198 reuerentiam
530 1139 581 1197 pro
596 1125 709 1185 critcrio
723 1123 859 1186 habuere.

27 1242 28 1247 κ
121 1206 195 1268 teter
207 1209 379 1270 recentiores
393 1223 461 1266 vero
471 1207 613 1269 Canterius
626 1207 721 1271 idern
735 1207 843 1270 cleram
856 1213 885 1267 et
898 1210 1060 1275 distinctam
1076 1217 1136 1274 ten-

89 1304 172 1361 uram
180 1292 300 1354 unicum
308 1290 458 1354 criterium
466 1289 786 1362 sebncttdebrcnene
797 1306 860 1348 earn
870 1294 1052 1366 evidentiam,
1064 1312 1137 1369 uuae

87 1372 262 1431 miellectnm
275 1374 313 1431 ed
331 1387 494 1444 assensum,
510 1371 656 1429 voluntate
670 1373 756 1431 etism
775 1373 935 1448 obnitente,
952 1383 1072 1449 reseret.
1090 1380 1138 1438 Ge·

86 1456 204 1524 nnenne
218 1455 323 1530 triplici
340 1455 509 1528 evidentiae,
529 1455 697 1529 intellectos,
712 1472 862 1531 senonim,
883 1459 1067 1533 securitatis,
1083 1461 1139 1520 dno

87 1541 350 1614 ebasuperetmxit,
362 1539 499 1601 nimirum
508 1539 747 1605 conscientiamet
757 1557 875 1616 renisum
884 1542 1057 1616 momorum
1066 1559 1140 1604 oom-

27 1670 28 1673 η
87 1638 211 1689 munem.
233 1624 408 1694 Storcbenau
423 1629 548 1697 guabror
565 1624 680 1691 niteris
698 1624 828 1698 admisit,
850 1641 968 1687 senemr
986 1627 1140 1702 intimum,

86 1723 198 1768 sermm
211 1712 331 1771 nnturse
348 1722 545 1782 communem,
564 1709 757 1768 testimoninm
772 1724 911 1771 sensnum
934 1715 1133 1786 externomrn,

87 1792 280 1854 amtoritetem
291 1793 341 1852 bei
354 1793 571 1866 bominumque.
588 1792 746 1857 Leibnitiue
764 1793 872 1868 logicae
891 1795 1041 1856 dunmxst
1055 1812 1136 1870 regn·

27 1884 28 1923 t
86 1869 124 1930 las
144 1872 291 1936 criterium
308 1872 435 1933 veniatis
449 1887 513 1932 esse
532 1872 623 1937 soluit
637 1875 665 1946 ⁴3
682 1873 835 1948 ipsumque
854 1880 993 1952 segnmm
1005 1880 1050 1936 est
1065 1877 1135 1936 Wol-

85 1955 145 2030 bue,
158 1956 209 2031 uni
223 1961 374 2031 postquam
386 1956 462 2014 banc
479 1957 702 2030 propositionem
717 1957 826 2016 sanxit:
843 1957 883 2024 ud
898 1975 1037 2020 cremone
1056 1962 1132 2034 solco

85 2039 308 2102 dissenentium
325 2040 446 2116 recubu
464 2039 573 2116 leubae
593 2041 759 2116 sufficiunt:
778 2041 853 2102 banc
872 2043 1016 2109 subnectit
1033 2045 1135 2106 irratio

84 2138 160 2184 nem:
171 2124 302 2185 mnatre
312 2124 410 2200 tuom
418 2123 537 2188 criterio
552 2123 687 2183 veritatis
697 2131 820 2200 opscos
834 2127 859 2182 2.
872 2125 1042 2201 beniquene
1052 2119 1135 2202 ptura

84 2216 241 2284 mntecter,
258 2208 386 2272 licemini
403 2208 498 2273 ideam
517 2208 607 2281 entie3
625 2207 749 2273 timberti
767 2209 919 2273 formulam
937 2211 1073 2285 idealem,
1091 2228 1136 2272 su-

84 2307 212 2366 premum
223 2293 284 2351 reri
298 2291 446 2358 criterium
460 2296 641 2365 sumserunt.
651 2291 701 2352 Cui
712 2291 776 2366 ptus
784 2293 882 2352 minue
896 2294 1036 2354 sccednm
1049 2295 1136 2354 ceteri

84 2379 221 2454 octotog',
238 2392 305 2441 cum
319 2381 370 2441 act
389 2376 421 2435 in
434 2375 491 2434 lieo
509 2376 570 2452 ipso
589 2382 639 2436 ant
655 2377 687 2435 in
705 2377 863 2440 renonibus
882 2378 1004 2438 aeternis
1022 2376 1136 2436 divinae

83 2463 194 2536 mentis,
206 2477 226 2522 a
236 2460 320 2521 nobis
333 2460 441 2520 directe
455 2465 485 2519 et
500 2460 666 2521 immediate
679 2463 830 2536 perceptis,
841 2459 986 2523 criterium
996 2459 1136 2521 eiusmodi

84 2547 231 2608 cobocent.
248 2547 294 2605 sic
312 2546 427 2606 diversa
440 2546 568 2607 diversos
582 2547 725 2606 sententia
739 2547 880 2614 distraxit.
897 2547 930 2606 tt
948 2545 1086 2625 quidquid
1100 2546 1135 2608 de

84 2647 182 2693 eorum
196 2631 331 2706 opinione
340 2632 386 2706 sit,
398 2630 468 2706 quid
481 2639 706 2693 consentaneum
722 2632 833 2692 ceritati
847 2633 940 2708 magis
954 2633 1084 2696 videatur
1093 2633 1135 2700 di·
1151 2639 1154 2644 ·

84 2715 392 2790 lucideproponamus.
1002 2715 1006 2722 '

116 2802 161 2870 72.
178 2802 213 2859 Et
226 2802 257 2860 in
270 2801 371 2874 primis
385 2800 415 2858 id
434 2801 497 2866 lure
515 2800 673 2860 notandum
691 2803 749 2870 est,
769 2797 896 2856 veritatis
914 2798 1062 2858 crimmum
1079 2811 1137 2854 non

83 2901 144 2946 ease
154 2900 225 2945 crnn
234 2884 424 2956 cognoscendi
432 2884 534 2945 mediis
545 2881 712 2943 subiectivis
723 2880 964 2941 confundendum.
976 2879 1050 2942 Haec
1060 2881 1137 2938 enirn

81 2975 148 3030 sunt
169 2967 259 3024 vetuti
277 2966 435 3035 lentescit
453 2965 559 3034 quibus
576 2975 675 3020 rerum
692 2960 836 3018 mutiam
856 2959 939 3020 nobis
960 2959 1092 3033 emergit,
1108 2967 1137 3020 et

79 3051 199 3128 proprie
213 3048 243 3106 in
261 3045 445 3104 facultatibus
459 3045 549 3104 enimi
563 3043 656 3118 posite
669 3047 745 3102 sunt.
762 3043 795 3102 tt
812 3043 957 3109 criterium
971 3049 1038 3104 nota
1052 3061 1137 3118 utrec-

81 3139 149 3197 uam
165 3147 230 3205 esse
244 3130 331 3190 debet
343 3135 373 3188 et
386 3128 558 3196 intrinsecus
576 3127 725 3186 character
742 3126 846 3186 0biecti
866 3143 897 3194 se
915 3127 999 3187 nobis
1017 3129 1134 3190 manile·

83 3221 197 3291 stantis,
211 3232 269 3292 uno
279 3215 309 3274 in
321 3230 355 3274 eo
369 3212 551 3275 diiudicando
566 3211 725 3287 innitimm,
736 3212 805 3274 dum
819 3227 968 3278 assensum
978 3229 1045 3272 vero
1055 3229 1134 3289 pree-

84 3311 203 3376 stsmds,
220 3307 306 3375 atque
320 3315 339 3358 s
351 3299 428 3375 sobo
443 3298 619 3370 coliibemnr.

118 3390 268 3450 Praeterea
281 3385 466 3459 advertimus,
483 3399 540 3450 uon
556 3382 712 3458 peculiaria
725 3384 841 3444 criterie
854 3385 943 3458 (qnae
958 3399 997 3442 cx
1015 3383 1136 3458 spuica-

86 3473 162 3534 tione
182 3475 211 3530 et
228 3469 464 3531 determinatione
482 3468 591 3533 criterii
609 3469 770 3531 communis
790 3473 939 3544 emergunt
957 3483 991 3528 ae
1011 3472 1050 3528 tot
1073 3483 1135 3530 esse

86 3560 218 3629 possunt,
239 3557 308 3629 quot
325 3553 423 3615 metiri
442 3555 551 3628 species
568 3553 710 3626 iudicium
733 3553 838 3624 mentis
860 3551 1060 3626 extorquent),
1083 3553 1134 3614 ced

129 3739 142 3784 l
161 3739 244 3786 treet.
262 3738 290 3785 de
306 3740 444 3798 monitione,
460 3740 559 3786 cecitate
574 3744 597 3786 st
612 3739 680 3787 ideis

128 3814 144 3860 2
159 3810 250 3862 Pbt‘lec
268 3815 363 3862 motos
382 3818 439 3876 part.
458 3813 482 3877 2,
498 3819 550 3862 sset.
568 3814 593 3876 l,
610 3811 636 3884 ᾖ
654 3813 711 3871 itti.
