2767 4492
252 293 305 354 238
663 337 666 341 a
692 306 858 355 aermnae

251 393 282 453 in
296 391 371 453 filios
384 392 501 467 gaudet,
519 406 619 455 remm
633 392 721 453 etiem
733 393 784 461 ius,
794 392 920 469 possidet
934 394 1085 455 ordinandi
1102 397 1189 455 totam
1202 397 1289 457 multi·

252 479 393 553 tudinem,
409 495 483 555 quae
497 482 534 539 ad
548 480 687 540 familiam
701 478 782 539 illam
797 484 951 555 utcumque
965 482 1098 556 pertinet.
1114 482 1190 541 llaec
1204 489 1290 543 aucto

250 564 334 637 ritas,
350 580 423 639 quae
437 565 592 624 domestica
606 564 663 624 dici
677 571 781 639 potest,
798 564 958 639 ueletiam,
975 566 1000 625 sl
1015 566 1108 640 lubet,
1125 567 1289 641 patriarcba·

251 648 296 723 lis‚
313 650 450 724 paulatim
463 650 494 709 in
509 650 653 724 politicam
667 651 948 724 conventualium
962 652 1025 725 ipse
1039 652 1140 711 domus
1156 653 1199 713 rel
1212 653 1289 713 lami·

251 734 292 794 lia
308 735 554 795 tumescentibus
567 735 720 810 nepotibus
735 740 763 795 et
779 736 894 795 famulis
908 740 936 795 et
950 735 1058 796 colonis
1077 736 1246 812 intubum,
1261 739 1288 797 in

251 820 401 897 populum,
418 825 447 879 et
462 820 576 879 tandem
589 821 621 879 in
634 822 791 895 perlectam
806 820 970 881 societatem
984 820 1099 882 ciuilem
1115 824 1289 883 transforma·

253 914 308 968 tur.
329 907 421 977 Quare
440 909 471 967 iu
485 908 586 983 queris
601 906 711 967 familia
725 908 935 981 independente
955 914 1036 984 pater
1056 914 1100 969 esl
1113 924 1166 968 res
1181 909 1290 985 quidem

251 992 411 1066 inchoatus,
427 1000 460 1051 ut
472 993 514 1052 ite
526 993 631 1062 dicam,
646 998 675 1051 et
688 994 770 1067 quasi
786 993 883 1053 intans
896 1000 1027 1069 respectu
1041 1000 1170 1054 maturae
1185 996 1288 1057 seete

252 1078 381 1138 ffleuba
393 1080 423 1137 in
439 1094 472 1138 eo
487 1083 545 1137 tota
558 1084 620 1152 est,
642 1078 693 1137 sed
707 1078 835 1137 nondum
856 1079 939 1153 plene
954 1080 1127 1155 explicatum
1144 1081 1212 1155 quia
1225 1096 1290 1141 non·

253 1164 322 1223 dum
335 1165 420 1239 plene
437 1165 595 1240 explicatus
614 1168 658 1223 eat
673 1165 870 1239 amandemus,
891 1166 923 1224 in
938 1181 1023 1240 quern
1042 1166 1198 1225 ulmenam
1215 1182 1291 1225 exer-

253 1256 324 1310 ceat
338 1250 379 1309 En
393 1250 565 1323 primigenia
577 1254 606 1308 et
620 1249 758 1309 naturalis
772 1250 851 1323 origo
865 1257 1013 1311 concretae
1028 1252 1175 1325 potestatis
1189 1251 1289 1325 cirilis3

252 1351 336 1410 quae,
352 1335 388 1394 ad
401 1335 527 1396 radicem
540 1334 616 1409 quod
630 1335 739 1408 attinet,
756 1350 823 1394 cum
837 1342 955 1410 paterna
970 1336 1136 1395 auctoritate
1151 1336 1293 1410 coniungi·

254 1427 316 1494 tur,
332 1437 366 1480 ae
380 1422 498 1494 pmiude
512 1437 549 1480 ex
566 1422 620 1479 bac
634 1420 722 1480 etiam
736 1427 816 1495 parte
832 1421 994 1481 immediate
1009 1422 1136 1495 procedit
1149 1438 1167 1481 a
1180 1422 1254 1495 lieo,
1275 1438 1293 1482 o

253 1523 313 1583 pao
327 1508 424 1566 omnis
439 1508 652 1583 paternitatis
666 1507 743 1565 coelo
763 1514 789 1565 ct
804 1507 839 1565 io
852 1515 937 1567 terre
957 1509 1143 1567 nominetur.

290 1594 386 1652 Brevi:
402 1606 467 1653 cum
483 1593 651 1652 esocietatis
660 1598 798 1667 conceptu
809 1597 838 1651 et
851 1592 1003 1651 existentia
1012 1594 1058 1653 ius
1067 1594 1217 1653 ordinandi
1227 1595 1294 1653 mul-

255 1678 405 1737 titudinem
421 1677 498 1737 demi
516 1683 654 1751 nequeat3
675 1677 800 1749 idipsum
819 1676 895 1751 quod
915 1677 1074 1736 naturalem
1090 1678 1229 1751 originem
1250 1678 1295 1736 tri-

254 1763 318 1822 buit
331 1767 478 1821 concretae
493 1762 629 1834 societati,
643 1762 742 1820 tribuit
756 1762 844 1820 etr'am
856 1761 1014 1821 naturalem
1029 1762 1171 1835 originem
1184 1776 1297 1821 cancre

255 1854 300 1905 tae
310 1847 449 1922 potestati,
462 1862 536 1920 quae
550 1845 693 1904 societatis
703 1846 820 1905 formale
834 1846 1006 1920 principium
1016 1852 1068 1905 est.
1078 1846 1162 1921 Atqui
1173 1846 1298 1919 primum

254 1932 381 1991 larniliae
395 1931 539 2004 oompetlt.
550 1930 622 2003 llrgo
638 1930 763 1989 familiae
778 1930 913 2005 competit
926 1932 1013 1991 edam
1027 1933 1195 1991 secundum.
1207 1932 1299 1999 Quare

255 2017 329 2077 sicut
346 2015 497 2075 multitudo
512 2014 604 2074 civilis
618 2020 661 2073 est
678 2014 823 2089 ampliatio
838 2016 978 2089 quaedam
995 2016 1188 2076 multitudinis
1203 2016 1299 2077 dome

256 2100 342 2159 stione
353 2099 434 2159 novis
443 2099 628 2160 relationibus
642 2099 774 2173 indutae3
791 2100 833 2159 eie
847 2101 1000 2160 auctoritas
1009 2100 1101 2159 civilis
1117 2107 1160 2160 est
1173 2102 1300 2176 explica-

257 2185 295 2243 tio
309 2185 449 2258 quaedam
464 2185 581 2244 ulterior
601 2185 776 2245 auctoritatis
790 2184 961 2245 domesticae
979 2186 1061 2246 novis
1079 2185 1136 2245 illis
1156 2187 1302 2247 relationi·

255 2269 310 2329 bus
323 2269 488 2329 ordinandis
500 2270 668 2345 applicatae.
1055 2288 1056 2293 ¹

213 2383 217 2388 ·
294 2355 364 2414 llinc
377 2354 545 2430 intelligitur
559 2372 611 2415 cur
624 2356 688 2415 iura
703 2356 792 2433 regia
802 2356 973 2416 etiamritae
987 2361 1015 2415 et
1028 2356 1109 2417 necis
1123 2358 1154 2417 in
1164 2359 1304 2435 andquis·

257 2440 338 2500 simis
351 2439 483 2515 familiis,
499 2441 628 2502 noudum
642 2440 755 2500 civilem
770 2441 934 2501 societatem
948 2442 1183 2517 clamantibus,
1201 2443 1306 2503 existe·

256 2532 333 2598 reut;
350 2540 471 2600 quorum
485 2526 624 2601 reliquiae
637 2525 791 2585 nonnullae
805 2526 837 2586 in
851 2526 1055 2601 posterioribus
1070 2528 1212 2587 aetatibus
1226 2531 1309 2603 apud

152 2634 159 2647 =
257 2611 361 2670 multas
375 2616 472 2684 gentes
486 2612 696 2685 superfuerunt.
713 2610 882 2684 Intelligitur
897 2612 984 2671 etiam
999 2627 1050 2673 cur
1064 2614 1174 2687 primae
1188 2613 1309 2687 regimi-
1370 2668 1371 2681 ,

258 2697 398 2771 alequas
413 2696 489 2770 apud
503 2695 709 2756 vetustissimos
723 2696 843 2770 populos
858 2703 1052 2772 apparuerunt
1066 2714 1124 2758 non
1138 2698 1248 2758 ineunt
1264 2700 1309 2758 ni·
1370 2706 1371 2769 j

258 2780 284 2841 si
297 2780 515 2855 monachicae,
535 2786 563 2841 et
581 2781 675 2856 prime
688 2796 779 2856 regna
792 2783 879 2843 unius
894 2784 954 2843 lere
967 2782 1048 2845 urbis
1062 2783 1171 2845 ambitu
1190 2800 1221 2845 se
1239 2800 1311 2847 con·
1370 2770 1371 2845 l

142 2926 152 2945 x
260 2864 404 2928 innume
1370 2866 1371 2921 l

670 3038 841 3101 terremus
858 3039 893 3101 lle

321 3208 472 3271 Nonnulla
484 3208 653 3271 enodantur
668 3226 745 3357 agrion
758 3220 863 3271 contro
873 3212 1058 3291 propositam
1072 3211 1246 3297 matrinam

667 3312 683 3356 o
715 3298 754 3358 tot
767 3305 891 3375 possent.

299 3470 360 3530 let.
378 3470 516 3539 Quoniam
535 3469 666 3543 superior
683 3470 864 3544 pertractatio
880 3470 1004 3530 nimium
1018 3472 1164 3547 excrevit,
1182 3472 1318 3535 difficul-

260 3558 354 3629 tates,
381 3568 454 3629 quae
468 3554 530 3613 lteri
549 3556 683 3629 possent,
707 3553 738 3614 in
762 3558 922 3630 separatum
938 3555 1090 3618 oraculum
1110 3556 1323 3621 coniiciendas

260 3640 406 3700 duximus.

314 3726 402 3785 bbiic.
418 3727 439 3786 l.
456 3727 559 3786 Omnes
575 3726 706 3786 homines
721 3731 787 3785 sunl
807 3727 996 3788 essentialiter
1015 3730 1148 3805 aequales
1162 3730 1325 3808 interse,

260 3827 315 3870 nec
333 3818 436 3870 natura
448 3826 599 3884 personam
617 3810 707 3871 ullam
726 3812 873 3886 designat,
899 3812 929 3873 in
943 3830 999 3889 qua
1013 3814 1166 3875 auctoritas
1180 3818 1331 3879 residere

261 3895 371 3953 debeat.
397 3896 469 3968 Ergo
493 3895 633 3955 eiusmodi
657 3897 854 3958 determinatio
871 3892 988 3963 nonnul
1008 3916 1026 3963 e
1045 3905 1192 3964 contractu
1214 3905 1333 3979 repeti

261 3982 353 4049 potest
366 3983 394 4039 et
408 3980 525 4043 alibero
539 3980 744 4054 paciscentium
758 3982 913 4050 voluntate.
