2767 4492
203 309 236 368 κ]
619 311 824 358 rannonucrro
896 291 901 302 “

203 404 345 476 Moralem,
366 403 506 476 quatenus
523 412 560 458 err
576 394 802 455 consideratione
816 397 935 451 naturae
948 392 1092 450 humanae
1106 404 1253 466 quaenam

135 525 139 528 Δ
203 487 382 562 operationes
396 485 488 544 eidem
503 482 662 542 conformes
672 479 730 538 sint
738 477 928 552 inquirimu53
944 482 1083 535 auterreo
1094 477 1253 550 quodlleus

202 578 246 634 est
259 573 401 646 perfectus
416 574 445 628 et
459 566 572 636 infinite
586 570 711 636 sanctus,
723 579 780 637 quo
793 567 877 636 pacto
892 576 959 619 eum
974 560 1081 618 imitari
1095 560 1253 620 debeamus

201 661 372 716 scrutamur.
399 653 475 720 Quae
489 651 606 724 quidem
620 647 769 723 inquisitio
783 644 970 721 impossibilis
982 643 1104 702 dicenda
1118 660 1177 703 non
1196 650 1251 702 est.

200 741 261 800 lton
276 738 353 797 enim
364 736 441 796 aliud
455 734 578 810 postulat
591 733 647 792 nisi
658 739 689 792 ut
704 730 845 806 principia
851 729 1033 802 universalia,
1044 744 1118 802 quae
1127 728 1255 788 naturali

199 823 308 883 lumine
323 820 441 879 rationis
456 818 661 890 innotuerunt,
686 816 864 890 applicenan
885 813 1013 873 subiecto
1038 813 1153 871 cuidam
1166 827 1256 886 pecu-

199 907 274 979 liari,
291 906 367 981 quod
382 905 426 964 vel
442 902 616 964 conscientia
630 901 807 974 attingimus,
823 900 870 960 vel
882 915 934 973 per
948 897 1153 973 speculativam
1173 899 1254 957 inve

199 991 381 1065 stigationem
402 990 463 1047 iam
486 993 552 1046 ante
575 977 826 1062 apprehendimus.
850 985 941 1052 Quare
954 989 987 1042 ut
1000 983 1095 1042 omnis
1109 982 1250 1056 cognitio,

200 1075 288 1134 etiam
304 1072 487 1148 speculativa,
504 1071 659 1131 intellectui
674 1075 771 1130 nostro
782 1069 845 1128 sine
858 1068 1000 1142 praesidio
1015 1067 1174 1126 traditionis
1189 1066 1254 1124 adi·

199 1158 304 1218 menda
321 1163 379 1229 est3
405 1161 454 1216 aut
469 1157 493 1214 si
509 1156 562 1214 hoc
576 1155 681 1214 falsum
696 1170 759 1213 esse
773 1152 938 1213 conceditur
957 1153 966 1225 t
975 1157 1007 1211 ut
1026 1166 1128 1225 reapse
1141 1151 1250 1210 lasum

202 1257 265 1301 esse
284 1241 315 1300 in
330 1239 524 1315 metaphysica
539 1239 830 1310 demonstravimus),
846 1236 1000 1296 veritatum
1012 1235 1101 1294 etiam
1115 1235 1253 1308 practica·

205 1339 271 1382 rum
285 1324 398 1397 adeptio
412 1323 509 1398 aliqua
518 1321 602 1382 nohis
613 1322 784 1380 concedatur
799 1325 918 1395 oportet.

255 1407 416 1466 Adversarii
431 1413 499 1466 durn
522 1405 705 1465 revelationis
728 1404 928 1464 necessitatem
953 1409 1147 1477 exaggerant,
1166 1405 1252 1465 ralia

202 1507 271 1552 nem
285 1491 350 1565 plus
364 1507 455 1565 aequo
469 1490 642 1564 deprimunt.
664 1489 725 1556 Qua
737 1489 769 1547 in
782 1504 814 1548 rc
838 1487 975 1548 iniuriam
992 1488 1050 1547 lieo
1072 1489 1213 1562 irrogant;
1233 1505 1253 1548 a

204 1592 261 1650 quo
275 1581 308 1634 ut
320 1575 470 1646 revelatio,
497 1575 538 1633 sic
552 1574 639 1633 etiam
662 1574 735 1631 ratio
748 1573 891 1646 procedit,
907 1579 940 1631 ut
952 1576 1074 1645 uhanue
1088 1586 1139 1646 pro
1153 1587 1251 1630 rerum

202 1659 364 1718 conditione
386 1659 526 1718 iuvamur.
547 1658 648 1716 Divina
672 1657 807 1715 revelatio
822 1672 873 1730 per
892 1672 923 1715 se
941 1672 1000 1715 non
1019 1662 1145 1730 praestat
1162 1657 1252 1716 seien-

93 1801 97 1816 ,
205 1745 296 1815 tiam,
312 1743 362 1802 sed
376 1743 489 1815 Fidem,
505 1756 559 1801 nec
574 1741 702 1799 absolute
715 1740 877 1800 necessaria
894 1736 1002 1798 homini
1016 1747 1060 1798 est
1072 1747 1187 1814 propter
1203 1756 1251 1800 ve

203 1828 303 1885 ritates
318 1827 425 1884 ordinis
439 1825 596 1896 naturalis,
620 1825 668 1882 sed
682 1829 796 1897 propter
810 1824 942 1882 veritates
958 1824 1066 1883 ordinis
1084 1830 1251 1897 supernatu-

205 1911 296 1982 ralis,
316 1926 389 1984 quae
403 1911 521 1969 rationis
536 1910 634 1968 lumen
648 1911 800 1982 excedunt.
827 1909 906 1976 Ouod
926 1909 951 1966 si
966 1909 1004 1966 ad
1017 1909 1150 1968 veritates
1164 1909 1251 1968 etiam

204 1993 349 2052 naturales
364 1993 541 2067 extenditur,
555 1994 584 2051 id
599 2009 637 2051 ex
649 1993 771 2065 gratuito
786 1993 836 2052 Dei
846 1992 986 2051 beneficio
1000 1993 1187 2066 repetendum
1196 1999 1250 2067 est,

205 2077 254 2150 qni
269 2077 419 2151 veritates,
446 2078 482 2136 ad
496 2093 567 2151 quas
582 2093 672 2150 genus
686 2077 845 2136 humanum
864 2075 979 2150 propria
998 2075 1142 2134 industria
1159 2081 1252 2136 meur·

204 2177 271 2236 gere
285 2163 412 2222 absolute
429 2167 548 2236 poterat,
573 2161 729 2222 liberaliter
742 2162 953 2234 manifestavit,
970 2167 1003 2218 ut
1017 2161 1060 2220 sie
1078 2163 1171 2235 citius,
1187 2163 1252 2221 uni·

203 2245 362 2318 versellas,
389 2263 423 2305 ac
441 2248 503 2306 sine
517 2247 575 2305 ulla
589 2247 695 2306 erroris
709 2246 885 2305 admixtione
903 2262 939 2305 ea
952 2257 1150 2319 cognosceret,
1178 2263 1253 2320 quae

111 2363 126 2412 '.
202 2329 258 2402 ipsi
273 2331 467 2405 maximopere
491 2331 653 2392 necessaria
676 2336 758 2390 erant
776 2331 813 2388 ad
826 2331 964 2389 moralem
986 2330 1076 2389 vitam
1097 2331 1248 2404 agendam

202 2413 273 2472 Hinc
287 2414 461 2474 immensum
475 2415 546 2474 illud
561 2415 716 2474 discrimen
730 2413 874 2472 enascitur
891 2414 967 2472 inter
991 2415 1149 2487 practicam
1162 2414 1251 2488 philo·

201 2498 332 2571 sophiam
347 2499 525 2558 ethnicorum
540 2503 569 2558 et
583 2498 805 2558 christianorum
823 2497 1009 2570 sapientiam,
1022 2513 1149 2572 quarum
1161 2504 1252 2572 poste—

200 2581 260 2654 rior
274 2582 356 2644 altari
370 2583 411 2643 sic
426 2589 561 2656 praestat,
579 2589 611 2642 ut
631 2583 682 2641 lua
697 2583 727 2641 in
742 2581 825 2655 pleno
841 2582 960 2640 meridie
974 2582 1090 2641 incertis
1103 2588 1132 2640 et
1146 2582 1252 2641 subob-

200 2665 292 2724 scuris
307 2681 426 2725 aurorae
441 2666 620 2742 crepusculis
639 2665 792 2724 antecellit.

254 2749 443 2808 Nihilominus
457 2751 544 2808 etiam
559 2749 652 2822 quoad
667 2747 720 2806 has
735 2748 866 2808 veritates
881 2749 989 2809 ordinis
1003 2748 1157 2822 naturalis,
1174 2765 1252 2823 quae

201 2830 298 2889 divina
312 2833 485 2892 revelatione
495 2833 685 2904 continentur,
703 2833 904 2892 demonstratio
919 2832 1087 2893 errationis
1101 2832 1255 2906 principiis

201 2915 324 2986 petenda
338 2922 394 2988 est,
419 2931 486 2975 cum
500 2915 694 2990 philosophice
710 2917 825 2974 tractari
839 2918 947 2976 volunt.
963 2917 1142 2991 Philosophia
1155 2916 1253 2991 enirn,

121 3017 123 3022 ·
202 2998 333 3069 quamvis
358 2997 410 3057 suh
437 3000 524 3058 tutela
538 2999 627 3058 divini
642 3000 801 3073 magisterii
815 3001 923 3060 servari
937 3001 1051 3075 erigat,
1076 3007 1109 3060 ut
1127 3000 1251 3068 declinet

203 3095 328 3154 errores,
345 3083 375 3140 in
392 3099 461 3156 quos
475 3084 511 3143 ob
526 3083 909 3144 innatam'deiectibititatem
922 3101 1004 3144 mens
1018 3086 1146 3144 humana
1166 3085 1252 3143 facile

202 3165 335 3240 oliendit3
354 3173 448 3227 tamon
463 3169 568 3228 directe
583 3185 639 3229 non
655 3169 764 3228 lumine
779 3169 874 3242 Fidei,
896 3169 945 3228 sed
959 3169 1055 3228 nativa
1069 3169 1134 3227 luce
1146 3168 1249 3228 intelli-

202 3251 315 3324 gentiae
329 3251 469 3312 innitItur.
486 3253 573 3326 Leges
588 3259 683 3311 autern
698 3253 812 3312 divinae
827 3269 863 3311 ex
879 3253 1088 3328 supernaturali
1102 3252 1249 3312 revelatio

201 3347 239 3390 ne
249 3334 395 3408 deductae,
411 3336 524 3409 proprie
534 3342 563 3395 et
577 3351 628 3409 per
641 3352 672 3394 se
684 3336 770 3394 ahana
785 3337 966 3411 disciplinam
979 3338 1165 3410 constituunt,
1176 3351 1251 3410 quae

202 3417 319 3476 moralis
336 3418 491 3491 theologica
506 3421 678 3479 nominatur.

255 3501 299 3559 lll.
326 3502 452 3577 Denique
476 3505 622 3578 savigny,
643 3505 792 3578 Niebuhr,
812 3505 957 3580 Eichorn‚
978 3507 1086 3581 aliique
1104 3506 1253 3565 criterium

201 3587 519 3647 morurnhumanorum
534 3604 567 3647 ac
582 3587 731 3648 socialium
744 3590 915 3650 relationum
929 3608 966 3650 ex
981 3591 1099 3650 historia
1121 3595 1252 3663 repeten-

203 3666 273 3724 dunr
288 3671 496 3750 existimarunt.
513 3673 601 3734 Nimis
617 3673 694 3732 enim
708 3674 816 3748 abrepti
831 3677 971 3735 desiderio
986 3678 1063 3749 leges
1078 3675 1177 3734 civiles
1191 3689 1253 3732 nro-

204 3749 285 3807 rihus
299 3756 327 3809 et
341 3757 550 3816 conditionibus
564 3757 733 3832 populorum
748 3759 991 3833 accommodandi,
1012 3759 1179 3818 earumdem
1188 3772 1254 3815 nor-

203 3847 281 3892 mam
301 3839 331 3895 et
352 3837 437 3902 vitale
460 3841 652 3916 elementum,
678 3843 754 3914 qinotl
768 3841 798 3903 in
813 3844 875 3909 huc
900 3843 1025 3910 naturali
1039 3842 1189 3913 cernitur,
1213 3854 1254 3899 ex
