2767 4492
208 332 260 396 lto
348 326 353 335 '
652 344 815 393 secururs

206 433 346 493 damnum
369 428 486 493 inimico
504 426 617 489 anobis
630 428 723 503 inliigi
736 445 820 505 posse
844 432 990 504 nmquam
1004 442 1125 504 menam
1141 424 1249 489 sceleris

207 522 238 577 et
249 516 358 578 ordinis
371 512 538 591 perturbati.
549 514 621 577 llam
633 514 662 573 id
677 529 737 574 uun
751 514 788 573 ad
804 513 943 589 privatam
958 528 1109 588 personam
1124 515 1249 589 pertinet,

192 602 195 606 ’
209 600 261 661 sed
274 600 312 660 ad
324 599 544 676 gibernaturem
557 598 791 683 communitatis,
809 600 855 659 cui
870 614 957 659 curae
973 604 1016 659 est
1030 598 1160 659 ordinem
1175 598 1252 659 tutari
1361 598 1382 671 ἢ

209 685 329 761 eiusque
343 684 528 746 nemoribus
541 693 745 759 coagmentem
760 700 883 760 menam
896 685 1062 761 rependere.
1380 694 1381 697 ’

248 771 308 831 105.
324 771 385 831 liuc
399 770 485 831 etiam
500 771 601 831 reterri
616 775 708 846 potest
722 769 849 829 ollicium
864 770 1035 844 veracitatis,
1056 785 1112 845 quo
1123 767 1254 831 iubemur

208 861 242 915 ut
255 854 402 916 neminem
416 871 551 916 sermone
565 856 753 929 decipiamus,
773 854 823 913 sed
838 854 958 914 fideliler
976 855 1022 929 iis,
1034 855 1204 929 quibuscum
1218 855 1253 914 lo-

208 939 346 1015 quimur,
372 940 536 1018 aperiamus
551 940 648 1000 verbis
662 939 738 1015 quud
755 956 858 1015 reapse
881 940 977 999 animo
991 941 1158 1014 cogitamus.
1177 940 1216 999 iu
1229 937 1255 998 id

207 1025 285 1085 enim
299 1041 394 1085 sermo
409 1025 557 1087 institutus
574 1032 677 1085 natura
690 1031 754 1098 est,
771 1032 802 1083 ut
818 1026 908 1084 animi
925 1042 1008 1085 sensa
1028 1040 1094 1085 cum
1109 1026 1173 1084 aliis
1186 1039 1256 1083 uum·

206 1110 398 1170 muniremus.
410 1111 531 1191 Proinde
545 1111 574 1170 si
587 1110 696 1170 ordinis
710 1116 838 1182 naturae,
855 1110 880 1168 is
895 1111 945 1184 qui
959 1110 1110 1169 nobiscum
1125 1109 1254 1183 loquitur,

205 1194 251 1254 ius
266 1196 389 1270 acquirit
408 1212 510 1256 verum
528 1196 666 1273 capiendi·
673 1211 713 1254 en
727 1210 856 1253 sermone
872 1210 959 1269 quem
974 1195 1118 1269 cumipse
1142 1193 1257 1252 sunieri-

209 1294 285 1339 mus.
301 1280 391 1341 Huius
406 1281 494 1357 igitur
505 1283 551 1341 ius
565 1280 725 1355 laedimus,
747 1280 772 1339 si
786 1280 951 1339 mentiendo
965 1279 1043 1339 aliud
1064 1285 1159 1339 mente
1174 1278 1257 1352 agita

209 1378 286 1438 mus,
303 1364 382 1425 aliud
397 1366 491 1427 verbis
506 1365 706 1442 exprimimus.

249 1449 307 1509 lluo
322 1456 418 1510 autem
432 1450 487 1511 hoc
500 1452 595 1510 cilicio
612 1450 811 1509 continentur:
832 1453 864 1509 ut
881 1449 977 1511 verbis
992 1454 1106 1511 utamm
1121 1448 1202 1509 iuxta
1218 1464 1259 1509 re·

212 1540 329 1607 ceptum
343 1536 533 1595 cummuniter
547 1540 652 1609 nsunt,
669 1542 757 1609 utque
772 1550 806 1595 ea
826 1537 983 1595 sententiae
996 1536 1086 1595 animi
1104 1550 1204 1609 reapse
1218 1550 1260 1593 re
1380 1601 1382 1610 ¹

212 1620 380 1693 spondeant.
396 1621 468 1680 ilinc
487 1626 583 1680 tamen
598 1621 720 1679 minime
735 1619 918 1694 prohibetur,
939 1636 975 1679 no
991 1621 1161 1695 aliquando,
1187 1613 1272 1678 iusta‘

209 1705 400 1775 persuadente
414 1721 510 1778 causa,
526 1706 676 1765 veritatem
690 1706 879 1777 reticeamus,
899 1706 955 1764 alio
970 1704 1139 1765 inflectendo
1155 1719 1259 1763 scrmu

212 1802 290 1846 nem.
305 1789 366 1848 Non
384 1790 463 1849 enim
477 1790 583 1863 omnia,
602 1806 675 1863 quae
689 1790 797 1848 scimus
812 1797 841 1849 et
854 1789 975 1849 interius
990 1792 1150 1865 agitamus,
1170 1788 1260 1847 maui-

213 1870 318 1931 iestare
336 1873 400 1933 aliis
422 1880 524 1933 natura
538 1874 693 1949 praecipit,
715 1874 803 1933 immo
822 1876 954 1934 etiamid
976 1892 1061 1950 saepe
1080 1874 1149 1934 levis
1172 1874 1261 1933 animi

215 1960 245 2013 et
257 1955 444 2030 imprudentis
462 1958 602 2017 iudicium
620 1965 672 2017 est.
689 1960 781 2026 Quare
796 1967 910 2034 propter
931 1960 1131 2019 rationabilem
1146 1972 1262 2017 causam
1376 1947 1381 1968 '

217 2040 404 2114 ambiguitate
427 2043 584 2102 sententiae
608 2043 649 2102 uti
672 2042 739 2102 licet
753 2043 789 2101 ad
804 2044 951 2103 veritatem
974 2043 1144 2118 quandoque
1168 2042 1262 2102 celan·

216 2124 301 2199 dam,
322 2126 407 2186 modo
426 2141 494 2187 eam
508 2127 693 2202 interroganti
710 2129 820 2201 aperire
835 2128 896 2188 iure
911 2129 1006 2203 aliquo
1021 2144 1078 2187 nun
1092 2128 1261 2201 obligemur.

215 2208 329 2283 Verum,
346 2217 378 2270 ut
391 2211 458 2272 inde
472 2213 655 2273 mendacium
669 2212 765 2286 absit,
782 2211 910 2288 loquulio
924 2213 1009 2273 debet
1026 2226 1089 2273 esse
1103 2212 1261 2285 eiusmodi,

213 2299 248 2352 ut
261 2309 298 2353 ox
312 2295 367 2355 alio
382 2298 470 2357 etiam
483 2304 550 2357 notu
565 2298 642 2357 vocis
655 2313 743 2358 sensu
752 2298 797 2357 vel
812 2315 849 2357 ex
859 2298 943 2358 modo
952 2298 1085 2372 loquendi
1101 2298 1146 2357 nel
1162 2298 1263 2356 saltem

214 2395 253 2440 ex
267 2380 490 2443 circumstantiis
508 2382 605 2457 colligi
624 2399 693 2443 uera
708 2399 790 2442 mens
805 2382 946 2457 loquentis
961 2385 1067 2458 possit,
1088 2382 1155 2442 iicet
1175 2381 1265 2440 rerba

216 2465 295 2525 aliud
309 2482 411 2527 sonare
425 2467 586 2527 videantur.
604 2467 650 2527 Sic
669 2468 697 2526 S.
710 2467 901 2541 Athanasius,
917 2484 984 2529 cum
998 2472 1195 2545 persecutores
1213 2482 1265 2526 au·

215 2550 336 2625 lugeret,
353 2568 458 2627 eosque
470 2553 591 2611 evadere
606 2568 637 2610 se
651 2567 710 2610 non
722 2568 804 2627 posse
818 2553 1003 2627 conspiceret,
1020 2552 1191 2625 naviculam,
1207 2567 1267 2626 qua

215 2636 382 2710 saliebatur,
402 2643 499 2696 eontra
513 2636 592 2695 littus
606 2635 759 2695 obvertens
773 2636 830 2696 illis
845 2637 959 2696 chriam
973 2638 1071 2711 rediit,
1089 2651 1212 2711 cumque
1228 2634 1267 2694 ab

213 2720 251 2779 iis
266 2721 307 2780 nil
321 2721 376 2780 tale
390 2720 601 2795 suspicantibus
615 2720 839 2794 interrogaretur
852 2736 890 2779 an
905 2722 1090 2781 Athanasium
1107 2722 1267 2795 lugientem

213 2804 345 2879 vidisset,
366 2804 510 2879 satiante,
526 2804 629 2879 inquil,
645 2804 801 2865 nonenim
816 2804 884 2865 hirto
902 2805 1034 2865 multum
1049 2804 1138 2866 obest

249 2889 307 2947 llac
323 2888 411 2962 igitur
429 2889 558 2948 adhibita
573 2889 723 2964 cautione,
750 2890 837 2949 celari
852 2889 957 2949 neritus
975 2890 1147 2966 quandoque
1171 2892 1271 2965 potest

213 2974 276 3034 sine
291 2975 415 3048 iniuria3
433 2975 504 3035 laisa
518 2976 595 3034 enim
610 2976 706 3050 opinio
725 2992 799 3051 quae
816 2983 882 3037 tunc
894 2976 1003 3050 oritur,
1029 2992 1088 3037 non
1102 2976 1270 3051 deceptioni

214 3060 366 3134 loquentis,
391 3060 441 3119 sed
455 3059 664 3133 imprudentiae
678 3061 820 3120 audientis
836 3061 987 3120 tribuenda
1001 3068 1053 3120 est.
1070 3062 1199 3121 Attamen
1216 3074 1265 3120 se·

214 3144 281 3204 dulu
305 3144 547 3204 animadvertatur
569 3160 628 3204 non
650 3153 800 3219 propterea
824 3146 938 3221 probari
962 3146 1157 3225 restrictiores
1181 3160 1268 3221 pure

214 3228 365 3298 sualane,
377 3244 562 3303 seuprorsus
574 3228 722 3301 interuos;
730 3230 804 3289 idest
813 3230 990 3303 loquutiones
1000 3246 1058 3302 eas,
1070 3228 1270 3304 quaeratione

217 3314 263 3373 sui
285 3318 315 3372 et
338 3312 562 3387 adiuncturum,
581 3313 612 3371 in
632 3313 736 3388 quibus
761 3314 966 3388 proteruntur,
998 3328 1087 3372 unum
1111 3314 1272 3372 dumtaxat

215 3412 334 3457 sensum
348 3398 520 3472 exprimant,
536 3397 586 3472 qui
601 3398 689 3457 luleus
708 3403 751 3457 est
766 3418 773 3471 ς
794 3399 860 3457 licet
874 3414 925 3473 per
940 3402 1049 3473 partem
1064 3397 1170 3472 aliam,
1187 3412 1272 3471 quae

215 3481 386 3541 solamente
405 3480 564 3555 retinetur,
581 3482 658 3541 ellici
675 3482 765 3556 possit
779 3496 871 3541 rems.
897 3482 949 3551 Qui
963 3482 1042 3542 enim
1058 3484 1100 3541 sic
1114 3481 1272 3556 loquitur,

216 3566 306 3626 rerba
323 3566 430 3640 pruiert
452 3566 637 3641 conceptibus
657 3566 742 3641 plane
765 3565 931 3641 ditionnia,
961 3582 994 3626 ac
1017 3566 1136 3643 proinde
1158 3582 1272 3625 revera

215 3651 363 3710 mentitur.

254 3734 315 3793 tuo.
331 3734 471 3810 cognitio,
488 3751 575 3811 quam
585 3734 660 3797 inter
672 3735 803 3797 homines
818 3736 980 3797 communie
994 3735 1279 3810 naturaconstituit,

216 3816 245 3871 et
259 3827 349 3886 amor,
366 3816 416 3888 qui
430 3816 535 3877 exinde
549 3833 618 3892 erga
627 3816 698 3878 alios
712 3819 854 3894 exsurgit,
870 3834 927 3879 nun
941 3820 1025 3879 modo
1038 3816 1159 3893 requirit
1169 3822 1201 3876 ut
1218 3831 1284 3877 eos

215 3910 274 3954 non
285 3895 451 3976 laedamus,
466 3902 518 3965 sed
530 3902 615 3966 etiam
629 3910 662 3966 ut
679 3904 716 3967 ad
726 3920 826 3969 eorum
839 3904 1064 3973 incolumitatem
1081 3918 1116 3966 ac
1129 3902 1251 3965 bonum
1267 3948 1280 3978 ,
