2767 4492
129 385 155 408 ,-
234 335 287 405 ιιι
563 345 793 402 murmurarem
807 335 954 395 srncnms

233 451 299 501 cum
320 440 454 500 veritates
478 443 592 514 captum
617 439 775 496 humanum
791 440 958 509 superantes
972 433 1144 508 respiciant,
1171 431 1283 512 anullo

232 523 356 584 naturali
380 523 484 583 mentis
499 529 572 582 statu
587 521 651 580 elici
668 537 760 597 posse.
778 521 832 580 Sed
846 521 900 578 hae
914 523 943 577 et
956 517 1119 578 condmiles
1143 518 1285 582 vanitates

232 608 329 670 ideoa
348 607 532 668 rationalistis
546 607 748 681 proteruntur,
772 611 805 664 ut
818 604 896 664 omni
912 602 1121 677 supernaturali
1137 603 1284 679 Religione

235 695 279 770 (sl
294 695 355 754 deri
370 693 484 768 posset)
499 691 665 764 eliminate,
686 700 756 750 suae
771 692 969 765 praeposterae
987 693 1016 746 et
1029 687 1162 748 deliranti
1179 687 1286 750 rationi

233 785 342 840 mntem
358 776 555 837 auctoritatem
573 777 711 851 tribuunt,
731 781 764 834 nt
776 775 823 834 ius
837 774 868 833 in
884 773 1018 833 veriores
1032 785 1132 833 omnes
1147 771 1234 833 veluti
1249 772 1287 835 de

234 865 303 924 sella
318 879 351 922 ac
367 861 502 921 tribunali
516 861 689 936 pronuntiet.
706 859 779 920 Proh
793 858 1099 920 stultommuominum
1110 857 1284 932 petulantia!

234 957 320 1024 quam
338 947 400 1006 lure
416 947 486 1006 adeo
504 945 653 1006 contundit
670 945 764 1019 Ileus3
789 950 821 1004 ut
842 943 907 1003 licet
928 955 1013 1018 saepe
1030 942 1147 1017 ingenio
1161 957 1220 1002 non
1236 960 1285 1003 ca-

233 1037 316 1094 reant
329 1031 506 1108 perspicaci,
524 1035 617 1090 tamen
639 1033 670 1091 in
685 1030 755 1090 tales
773 1029 907 1090 labantur
921 1029 1067 1104 insanias,
1088 1043 1212 1104 quarum
1224 1026 1287 1089 bal·

233 1118 393 1180 bulianum
412 1117 529 1192 putaret
541 1115 725 1176 infantulum.

626 1287 796 1346 dnrrcnnns
822 1280 888 1345 tm.

328 1437 329 1442 ¹
404 1453 443 1516 lla
457 1438 612 1532 appetendi
625 1455 656 1515 ut
669 1457 697 1514 ct
712 1454 902 1530 potustmnru
916 1453 951 1514 dc
967 1451 1107 1514 libertate.

268 1625 313 1688 dt.
330 1623 444 1688 Praeter
458 1623 652 1699 cognoscendi·
663 1623 816 1698 actionem,
828 1628 922 1683 motus
937 1623 1075 1698 quosdam
1089 1621 1172 1682 nobis
1188 1622 1284 1682 inesse

235 1711 410 1787 experimur,
432 1709 537 1784 qulbus
552 1707 641 1783 adid,
658 1708 734 1782 quod
751 1713 896 1782 umquam
910 1704 1018 1766 bonum
1033 1704 1283 1782 apprehendimus,

233 1793 370 1868 ιειιιιιιιις
392 1793 422 1853 ld
445 1806 531 1868 reru,
549 1793 625 1868 quod
640 1791 749 1851 malum
764 1791 894 1868 apparet,
907 1806 1083 1852 aversamur.
1110 1792 1284 1852 laenitatem

114 1937 116 1944 ι
234 1877 366 1939 eliciendi
376 1875 428 1938 hos
443 1882 523 1938 actus
537 1878 596 1937 vim
604 1877 756 1952 appetendi
766 1877 958 1937 nominamus.
968 1875 1035 1936 llius
1045 1877 1123 1937 enim
1130 1875 1286 1954 praecipua

235 1965 308 2024 actio
323 1963 354 2022 in
369 1964 541 2038 appetitione
561 1961 615 2021 site
629 1969 689 2035 est;
715 1961 857 2036 siquidem
872 1961 903 2021 in
919 1966 1029 2021 tantum
1048 1975 1065 2020 a
1083 1962 1158 2021 malo
1176 1960 1284 2037 refugi·

146 2071 149 2081 ·
234 2061 309 2122 mus,
321 2049 351 2108 in
366 2053 505 2122 quantum
519 2047 694 2118 contrarium
704 2047 777 2115 eius,
794 2061 897 2122 nempe
907 2045 1025 2120 bonum,
1044 2045 1283 2120 concupiscimus.

238 2130 329 2202 Quare
343 2133 465 2207 ipsamet
485 2133 553 2208 tuga
567 2131 637 2190 mall
652 2131 857 2206 appetitionem
872 2129 941 2190 bont
956 2131 1103 2190 cuiusdam
1118 2128 1247 2189 includit

271 2217 316 2278 83.
333 2217 560 2280 Fundamentum
574 2223 601 2275 et
616 2214 693 2276 telrrt
707 2209 855 2289 redimens
869 2229 931 2290 qua·
942 2218 1082 2290 appetitus
1096 2215 1230 2290 pullulet,
1252 2215 1286 2274 in

235 2301 415 2364 incommodo
430 2302 551 2377 quodem
567 2301 657 2361 animl
678 2307 753 2360 statu
766 2306 795 2360 et
809 2299 964 2374 irrequieta
988 2299 1070 2376 qnasi
1096 2299 1250 2373 agitatione
1266 2313 1284 2358 a

235 2387 364 2449 sensistis
382 2386 537 2462 reponitur.
553 2383 657 2446 lerum
673 2385 702 2444 id
722 2401 780 2445 non
798 2399 915 2444 cansam
929 2385 1110 2460 appetitionis
1134 2385 1166 2442 ln
1180 2397 1286 2458 genere

235 2472 286 2534 sed
306 2473 370 2532 eius
385 2471 517 2531 effectum
538 2470 662 2546 aliquem
680 2475 709 2529 et
722 2471 896 2544 peculiarem
912 2471 1032 2530 urmam
1047 2465 1181 2542 extimet,
1199 2467 1285 2527 nimi·

234 2573 301 2618 rum
325 2559 451 2616 dolorem
465 2561 494 2615 et
509 2555 661 2615 tristitiam.
685 2551 718 2613 Et
742 2571 810 2615 sane
824 2555 953 2630 inquieta
977 2556 1048 2614 haec
1070 2553 1184 2628 agitatio
1206 2551 1286 2611 nullo

237 2640 323 2700 modo
338 2639 437 2701 sentiri
452 2635 488 2699 ab
505 2641 600 2699 animo
624 2645 735 2714 posset,
760 2640 818 2699 nisi
837 2647 920 2699 antea
934 2639 1079 2698 inclinatio
1098 2635 1238 2710 quaedam
1253 2637 1286 2694 in

234 2727 295 2801 ipso
310 2723 512 2785 subaudiretur
526 2725 562 2783 ad
576 2725 684 2783 bonum
697 2723 821 2798 aliquod,
838 2739 876 2784 ex
891 2724 973 2783 coins
987 2721 1114 2782 carentia
1128 2721 1242 2794 angitur
1257 2721 1287 2778 et

235 2809 364 2873 tabescit.
377 2811 468 2879 Quare
479 2809 563 2869 radix
573 2809 754 2884 appetitionis
769 2815 878 2868 remote
893 2812 936 2867 est
950 2806 1013 2882 ipsa
1027 2813 1138 2879 natura,
1154 2803 1287 2880 pmxime

234 2908 302 2956 reru
317 2899 360 2954 est
384 2895 517 2970 cognitio.
542 2893 657 2955 liemote
672 2900 716 2954 est
731 2899 852 2967 natura,
880 2895 966 2968 quia,
992 2906 1059 2951 curn
1073 2907 1120 2951 res
1131 2903 1233 2949 omnes
1244 2886 1286 2948 ad

234 2979 382 3053 proprium
397 2981 484 3039 tinem
500 2977 651 3056 collineare
666 2977 807 3054 debeant;
831 2978 921 3038 indita
942 2983 985 3037 est
999 2977 1119 3052 singulis
1133 2973 1286 3070 pmpensio

236 3062 396 3138 qtraedam,
425 3079 481 3138 qua
497 3063 533 3123 ad
547 3065 608 3124 eins
630 3064 814 3140 adeptionem
837 3064 974 3123 nitantur
994 3062 1042 3122 Est
1066 3077 1133 3121 vero
1154 3059 1286 3135 proxime

233 3145 372 3222 engallim
395 3147 463 3222 quia
476 3149 507 3207 in
526 3147 639 3208 entibus
654 3148 813 3223 cognitione
829 3147 965 3222 praeditis
976 3147 1014 3220 id,
1031 3145 1067 3204 ad
1081 3145 1157 3220 qood
1172 3144 1224 3203 niti
1239 3139 1288 3201 de

232 3233 320 3307 hent,
343 3231 503 3306 cognitione
519 3235 696 3308 proponitur.
713 3233 790 3293 Unde
805 3237 899 3291 ortum
912 3232 1015 3292 habunt
1027 3229 1120 3291 illud
1111 3245 1170 3290 ram
1184 3229 1288 3286 tritum

231 3333 364 3416 sermone
380 3317 578 3414 pmverbinm:
594 3317 689 3393 ignoti
707 3317 794 3376 nollo
810 3317 926 3391 cupido

231 3405 344 3466 llaec
365 3404 523 3496 generatim
541 3404 600 3462 ιιιιι
618 3403 770 3476 appetendi
791 3402 939 3475 aliquam
930 3417 962 3460 ιιι
976 3402 1061 3460 nobis
1084 3401 1174 3459 inesse
1188 3395 1288 3455 decla·

233 3496 314 3562 rant;
335 3503 473 3562 eamque,
477 3489 587 3560 utpote
604 3503 676 3559 quae
691 3487 882 3560 cognitionem
897 3486 1046 3560 sequitur,
1067 3482 1200 3543 bilariam
1219 3496 1287 3555 par-

236 3573 361 3632 dandam
377 3587 440 3632 esse
456 3571 643 3645 persuadent,
669 3571 701 3629 in
726 3572 859 3630 sensilem
872 3571 1012 3630 nimirum
1040 3576 1070 3629 et
1096 3565 1285 3638 rationalem,

236 3662 319 3728 pmut
333 3657 464 3730 cognitio,
479 3667 517 3714 cx
527 3671 583 3729 qua
598 3656 751 3728 derivatim,
764 3655 799 3714 sd
816 3670 932 3714 sensnm
945 3655 1087 3730 pertineat
1096 3652 1143 3711 rel
1153 3651 1189 3709 ad
1203 3647 1289 3707 intel

237 3737 353 3798 lectum.
378 3741 517 3816 appetitio
532 3740 672 3800 sensilis
663 3755 695 3800 ιιι
716 3740 808 3799 brutis
829 3741 916 3800 etiam
938 3741 1032 3813 inest;
1055 3735 1289 3797 rationationem

238 3820 271 3883 in
283 3822 399 3883 homine
410 3831 530 3885 tantum
544 3825 627 3885 Poma
643 3825 679 3886 de
692 3826 747 3884 hac
757 3823 907 3886 dumtaxat
920 3825 968 3886 hic
982 3833 1146 3886 sermonem
1162 3815 1289 3881 insuun-

235 3922 318 3968 mus·
312 3905 484 3983 ,angmdae
499 3901 1291 3987 sqmdem‚q1uumadstrtnaunur,rerumdtcenda-

236 3953 704 4062 mundamdelecamtuuena
