2767 4492
584 363 715 410 nrnrunr
1136 354 1172 414 at

130 451 296 511 vindicaret.
312 451 382 512 Nam
396 451 429 510 ut
443 449 572 510 omittam
586 454 696 510 ceteras
710 451 860 526 qualitates
881 455 1010 532 pmprias
1025 454 1092 514 linis
1105 453 1172 514 ulti·

129 537 179 610 mi,
191 551 262 614 quas
276 536 421 611 superlore
436 533 553 594 articulo
568 535 788 612 descripsimus,
800 537 831 595 id
840 554 931 603 unum
945 539 1172 599 animadvertere

130 620 265 684 sulliciat:
282 619 507 692 delectationem,
525 634 722 696 quaecumque
738 621 853 680 tandem
867 637 902 680 ea
916 623 961 696 sit,
974 639 1033 683 non
1048 639 1110 684 esso
1124 624 1173 684 ob-

129 704 235 764 lectum
250 705 285 764 ad
300 704 376 780 quod
390 704 607 779 adipiscendum
620 703 753 778 ultimum
771 705 821 764 sed
836 705 970 766 ellectum
984 706 1132 767 dumtaxat
1144 713 1173 768 et

129 789 360 864 consequentiam
374 787 535 848 naturalem
545 803 582 848 ex
592 787 744 864 adeptione
758 789 827 848 honi
843 788 975 864 optabilis
993 792 1172 864 proticiscen-

129 879 196 933 tem.
206 875 296 933 immo
310 875 406 948 etiam,
418 879 449 932 ut
460 873 625 949 supradixi,
638 873 773 932 constitui
785 874 886 948 nequit
901 888 952 948 pro
968 875 1025 934 line
1040 875 1169 949 actionis,

129 959 200 1032 quin
209 973 307 1018 rerum
321 965 350 1018 et
363 959 481 1018 rationis
496 959 564 1017 ordo
574 963 704 1017 anatura
718 959 878 1032 propositus
889 958 1079 1032 perturbetur.
1090 959 1171 1019 Prae·

132 1049 210 1101 terea
220 1042 245 1102 si
256 1043 405 1102 delectatio
421 1041 575 1116 spiritualis
590 1056 756 1118 supremum
764 1042 954 1102 essetbouum
963 1042 1097 1116 hominis,
1108 1059 1172 1117 pro·

129 1131 191 1200 pter
205 1128 280 1200 quod
294 1133 389 1186 cetera
403 1130 591 1200 appetantur,
607 1127 734 1200 prolecto
748 1141 783 1184 ea
798 1131 873 1185 esset
891 1141 964 1199 quae
981 1142 1020 1186 ex
1032 1127 1107 1186 bono
1122 1129 1172 1187 lm·

129 1217 210 1269 nesto
225 1211 367 1284 dimanat;
380 1210 409 1268 id
418 1210 497 1268 enim
508 1210 622 1284 pmprie
637 1211 673 1268 ad
688 1210 828 1270 rationem
842 1209 974 1284 pertinet.
991 1211 1075 1286 Atqui
1088 1227 1172 1271 nemo

128 1310 186 1353 non
202 1295 278 1353 videt
293 1296 400 1353 honum
415 1295 583 1368 honestum,
601 1293 625 1352 si
639 1299 755 1368 propter
769 1294 986 1354 delectationem
1005 1301 1170 1370 appetatur,

130 1378 206 1436 illico
221 1394 238 1436 a
254 1378 298 1436 sui
313 1383 415 1436 natura
429 1379 595 1437 desciscere.
613 1378 756 1437 liiusmodi
771 1379 849 1438 cuim
865 1384 925 1452 cst,
942 1385 1045 1438 utnon
1060 1380 1116 1439 alia
1130 1396 1173 1440 ra·

133 1462 209 1520 tione
225 1463 317 1538 optari
331 1463 446 1538 exigat,
467 1463 523 1522 nisi
537 1463 605 1536 quia
618 1463 717 1544 decet,
734 1461 845 1522 etiamsi
861 1462 971 1522 nullam
985 1464 1081 1524 auimo
1095 1465 1173 1530 volu-

129 1551 236 1622 ptatem
246 1547 373 1620 afferret;
386 1561 479 1622 neque
495 1548 548 1605 lrac
562 1547 760 1622 praerogativa
774 1547 890 1621 spoliari
904 1551 1005 1624 potest,
1017 1547 1086 1622 quin
1096 1565 1174 1623 pror·

129 1645 178 1689 sus
198 1631 354 1704 perimatur
368 1635 396 1690 et
409 1631 539 1692 intereat.
560 1631 651 1698 Quare
665 1631 719 1689 etsi
738 1631 819 1690 iuxta
840 1634 959 1690 naturae
983 1632 1113 1691 ordinem
1134 1633 1172 1691 sit

128 1728 181 1774 nos
195 1715 230 1774 de
244 1714 393 1789 adeptione
406 1715 474 1775 boni
490 1715 601 1774 honesti
624 1714 775 1790 delectam
792 1715 875 1776 valde
895 1723 991 1774 umen
1008 1722 1169 1792 praeposte-

129 1813 194 1857 rum
209 1804 283 1858 esset
297 1797 322 1858 si
336 1799 372 1858 ad
388 1799 527 1858 eiusmodi
541 1799 758 1862 delectationem
776 1799 884 1859 bonum
902 1799 998 1874 ipsum
1017 1799 1170 1860 honestum

129 1882 325 1956 dirigeremus.
342 1883 386 1943 Sic
401 1885 450 1962 qui
464 1884 598 1946 uirtutem
620 1889 752 1959 exercet,
769 1887 845 1943 recte
866 1885 969 1960 poterit
981 1884 1016 1944 de
1031 1885 1170 1946 exercitio

129 1967 182 2026 hoc
197 1968 330 2042 gaudere,
347 1983 439 2044 neque
455 1969 560 2028 idcirco
574 1968 729 2046 vituperari
745 1973 849 2042 potest3
861 1972 890 2026 at
900 1968 1084 2028 vehementer
1099 1970 1172 2028 ritu·

127 2057 292 2128 peraretur,
307 2052 332 2111 si
347 2059 495 2128 propterea
516 2054 651 2113 virtutem
670 2067 805 2116 exercere
821 2067 851 2120 ee
865 2051 991 2128 diceret,
1007 2053 1074 2135 quia
1093 2054 1171 2114 volu·

129 2139 236 2216 ptatem
250 2135 377 2216 aliquam
392 2136 459 2198 iude
475 2136 611 2212 decerpit.

537 2303 715 2366 Pnorosrrro
730 2305 765 2368 ll.-

126 2438 130 2448 .
147 2494 151 2506 ·
186 2449 202 2464 ”
217 2473 370 2556 sapentia
384 2483 410 2538 et
421 2475 519 2538 virtue
533 2484 683 2552 moueant
697 2491 755 2536 eree
768 2476 880 2540 altimo
899 2486 926 2540 et
942 2491 1083 2558 supremo

513 2558 642 2636 hooaiotr
661 2561 795 2638 [elicitae.

168 2731 209 2791 lt.
226 2731 311 2792 Prot.
330 2731 476 2794 Obiectum
491 2731 634 2793 felicitatis
649 2732 704 2791 tale
719 2747 781 2792 esse
795 2731 889 2805 debet,
905 2735 938 2790 ut
952 2731 1014 2796 eius
1025 2731 1173 2806 adeptione

129 2815 240 2878 homini
256 2834 294 2876 ex
320 2819 397 2876 omni
412 2823 491 2892 parte
513 2818 586 2876 bene
601 2832 634 2876 ac
648 2816 732 2876 beate
747 2817 797 2890 sit,
818 2815 968 2888 omnisque
987 2815 1049 2876 eius
1067 2817 1174 2889 appeti·

131 2899 169 2960 tio
188 2901 344 2972 expleatur.
370 2901 474 2972 Secus,
498 2901 522 2958 si
542 2898 649 2974 aliquid
669 2898 788 2958 ulterius
805 2898 1025 2959 desiderandum
1041 2913 1171 2971 superes·

130 2987 181 3054 set,
202 2981 268 3040 linis
288 2981 403 3042 ultimus
422 2982 478 3041 dici
493 2996 549 3040 non
568 2985 677 3054 posset3
700 2981 806 3054 quippo
823 2996 891 3040 cum
908 2982 1112 3056 appetitionem
1130 2983 1173 3044 ul·

131 3067 199 3126 timo
219 3065 520 3126 ponderataque
539 3065 669 3123 virtuset
681 3065 830 3140 sapientia,
852 3067 905 3126 etsi
919 3082 1024 3142 magna
1046 3069 1171 3133 nominis

126 3150 183 3211 sint
200 3149 275 3210 bona
291 3155 319 3208 et
333 3149 466 3208 omnibus
477 3149 589 3210 viribus
608 3147 782 3222 expetenda3
801 3156 895 3225 tamen
913 3156 1023 3212 tantum
1042 3152 1171 3212 sibinen

129 3235 294 3308 vindicant,
315 3239 347 3292 ut
371 3249 438 3292 eum
458 3233 656 3307 undecumque
679 3233 846 3309 perficiant,
866 3251 920 3294 nec
943 3235 998 3310 ipsi
1016 3237 1174 3310 quidquam

130 3320 207 3380 aliud
216 3319 474 3392 concupiscendum
483 3318 655 3394 relinquant.
667 3317 738 3378 Nam
748 3323 781 3378 ut
794 3319 924 3380 omittam
934 3336 968 3380 ea
978 3334 1127 3394 nunquam
1141 3319 1173 3384 iu

131 3409 242 3464 tantum
260 3418 412 3478 augescere
427 3409 456 3463 et
472 3403 597 3476 extendi,
617 3409 648 3462 ut
666 3402 786 3464 ulterius
806 3404 905 3477 augeri
923 3409 951 3464 et
965 3419 1094 3464 crescere
1109 3403 1171 3464 sine

130 3489 187 3549 line
207 3489 310 3563 iugiter
319 3495 462 3564 nequeant
481 3489 565 3564 <quod
577 3494 673 3564 aperte
693 3488 876 3564 coniungitur
886 3505 953 3550 com
970 3490 1110 3561 desiderio
1123 3506 1172 3564 po·

131 3574 209 3634 tiaris
222 3573 314 3648 boni);
337 3577 413 3634 certo
432 3573 591 3646 asanitatc,
609 3573 753 3648 adivitiia,
772 3573 1169 3650 apulchritudine,aririum

129 3659 248 3734 robore,
269 3675 286 3721 a
304 3659 487 3724 diuturnitate
503 3657 577 3728 vitae
604 3658 705 3720 revera
728 3657 871 3718 differunt.
891 3659 965 3719 Haec
987 3663 1082 3720 autem
1107 3673 1170 3718 csso

93 3793 98 3804 .
130 3741 206 3802 hona
219 3743 329 3804 homini
343 3743 374 3804 in
393 3743 534 3818 praesenti
552 3747 627 3802 statu
644 3757 696 3802 sua
714 3742 798 3807 modo
809 3741 1007 3806 convenientia
1026 3758 1110 3805 nemo
1121 3757 1172 3802 no-

53 3877 59 3886 .
131 3825 223 3902 gabim
241 3831 277 3886 ad
296 3843 368 3902 quae
384 3827 542 3904 appetenda
562 3827 631 3886 adeo
645 3827 824 3902 sollicitatur,
845 3832 877 3888 ut
895 3842 981 3902 saepe
997 3841 1048 3902 prn
1065 3828 1168 3886 virtute

132 3910 272 3972 miranda
296 3926 363 3972 cum
382 3927 482 3973 corum
501 3911 611 3974 iactura
629 3927 765 3988 magnam
781 3911 838 3977 sibi
859 3909 917 3974 vim
933 3911 1038 3975 inlerre
1057 3911 1167 3973 debeat.
