2767 4492
496 289 742 338 ssuourouoom
1093 279 1144 339 lii

97 371 192 450 quoad
213 369 395 435 existentiam
416 375 522 450 pendet
536 377 562 435 ⁴.
588 377 680 444 Quare
701 391 736 435 ea
760 373 867 436 abusus
893 376 937 436 est
960 373 1082 452 Spiuoza
1110 377 1147 439 ad

96 460 309 534 phanteismum
323 460 517 520 excitandum.

133 546 218 605 dudio
232 547 378 605 nocentior
392 551 434 603 est
449 545 619 606 (tausiniano
632 545 770 620 delinitio,
781 560 854 622 quae
864 547 1147 609 dicitursubstootiu

98 645 159 689 esse
173 645 223 688 erar
233 629 314 704 qood
326 629 406 689 utbtt
418 629 503 689 ultro
517 646 546 688 se
555 630 589 689 io
599 630 703 688 ordine
713 629 752 688 od
763 631 946 691 chalcidena
960 631 1103 691 subaudit
1119 635 1144 692 2.

96 715 170 774 llaec
183 717 310 789 protecto
331 729 388 773 nou
402 714 459 775 nisi
473 715 617 774 increatae
631 715 822 788 substantioe,
838 715 895 776 lieo
910 716 1062 791 nimirum,
1079 733 1146 778 con·

95 799 179 871 gruit
196 799 229 859 lit
243 813 312 858 sane
326 799 453 874 sophista
467 799 558 873 gallus
568 801 708 859 unitatem
719 799 798 857 illiue
805 800 982 860 substantiae
995 801 1143 874 derivavit,

95 884 197 942 cetenis
211 883 325 942 entibus
338 883 369 947 in
384 883 503 942 classem
518 884 781 958 phaenomenorum
800 885 946 944 coniectis.
972 884 1036 960 ipsa
1057 887 1145 960 igitur

94 966 123 1025 vi
138 968 293 1028 verborum
306 975 335 1026 ot
348 967 439 1042 ipsius
454 969 576 1027 auctoris
596 967 702 1026 iudicio
725 967 761 1026 ad
782 967 995 1042 phanteismum
1017 969 1141 1030 adducit.

93 1051 186 1119 Quare
200 1058 260 1111 tam
274 1052 399 1111 absurda
412 1057 441 1109 et
453 1058 634 1112 monstruosa
658 1057 716 1124 est,
740 1067 828 1126 quam
843 1052 1000 1112 absurdum
1023 1057 1052 1113 et
1066 1069 1145 1114 mon-

91 1140 238 1196 struosum
252 1142 295 1196 est
308 1142 434 1210 systema
446 1135 526 1209 illud,
544 1136 581 1194 ad
595 1136 671 1210 quod
687 1134 864 1194 fundandum
875 1136 1003 1196 inservit.
1068 1133 1074 1144 '

117 1221 174 1282 45.
190 1221 356 1281 hccuraiius
371 1234 496 1278 examen
510 1219 601 1291 exigit
611 1217 707 1276 bachii
725 1217 831 1292 opinio,
853 1219 902 1294 qui
919 1221 1145 1281 comminiscitur
1159 1251 1163 1260 ·
1215 1237 1219 1246 ·

90 1304 286 1362 substantiam
304 1303 376 1361 nihil
392 1317 455 1360 esse
468 1301 566 1373 aliud,
589 1315 676 1372 uuam
696 1301 859 1374 coopertam
879 1301 1019 1362 idearum
1034 1306 1145 1379 simpli-

87 1389 177 1446 cium
185 1401 273 1443 sceau
280 1392 502 1459 perceptorum,
513 1399 573 1454 seu,
585 1389 616 1441 ut
626 1383 765 1442 obiective
774 1384 805 1441 id
814 1383 947 1458 explicet,
963 1387 1146 1460 conmissum

88 1469 300 1544 qualitatum,
328 1483 405 1542 quoa
418 1483 506 1525 senso
518 1466 716 1542 percipimur,
743 1465 846 1540 ipooto
863 1466 980 1526 votione
993 1470 1147 1529 catamito·

91 1555 175 1612 tium
189 1557 214 1610 ³.
229 1553 336 1611 Harum
351 1567 418 1610 vero
432 1550 590 1610 subiectum
602 1551 770 1624 figmentum
785 1551 891 1610 mentis
905 1565 968 1610 esse
981 1551 1059 1626 dicit,
1079 1554 1146 1614 inde

90 1640 245 1704 exortum,
269 1636 345 1710 quod
359 1634 423 1693 illas
437 1634 479 1693 rei
494 1635 644 1709 paralitates
658 1639 691 1692 ut
705 1633 736 1694 in
755 1633 811 1695 alio
826 1631 982 1694 existentes
996 1635 1145 1712 concipere

92 1720 200 1782 assueti
215 1719 315 1779 simus.

127 1805 233 1864 terum
246 1805 301 1864 hoc
314 1804 392 1863 baud
412 1808 465 1876 est,
482 1807 514 1863 ut
527 1803 729 1878 philosophum
743 1803 843 1876 decet,
861 1807 995 1864 naamam
1006 1807 1144 1880 scrutari3

93 1891 145 1950 sed
160 1891 255 1964 inepte
273 1888 361 1948 verba
374 1889 512 1964 prolerre,
529 1903 603 1962 quae
619 1887 819 1962 ignorantibus
833 1889 933 1948 lucam
947 1890 1064 1949 iaciant.
1085 1891 1145 1959 Quo

91 1974 170 2034 enim
179 1978 262 2048 pacto
276 1972 427 2047 qualitates
441 1972 631 2031 substantiam
647 1972 770 2032 lormare
780 1977 909 2046 possunt,
926 1973 950 2032 si
965 1989 1064 2032 earum
1079 1990 1145 2035 con·

91 2063 241 2133 captusne
255 2062 352 2116 mente
366 2057 484 2130 quidem
498 2057 688 2132 exprimitur,
706 2056 768 2116 siue
784 2057 899 2116 notione
914 2057 1034 2117 subiecti
1050 2059 1144 2119 cuius·

91 2143 168 2216 dam,
186 2142 261 2216 quod
275 2142 306 2200 in
320 2157 352 2200 se
366 2141 403 2199 sit
417 2141 508 2200 etillis
518 2141 680 2200 alliciatur?
695 2141 768 2200 Sane
777 2143 854 2200 notio
866 2141 1011 2215 medatis
1025 2142 1145 2202 relativa

90 2233 150 2299 est,
172 2226 250 2286 notio
265 2226 440 2285 substantiae
454 2226 593 2285 absoluta.
610 2225 753 2294 Quomodo
767 2225 855 2300 igitur
872 2225 1023 2285 relativum
1039 2226 1144 2286 consti·

90 2315 152 2370 luet
165 2311 342 2383 absolutum
359 2310 384 2369 si
399 2309 550 2368 relativum
564 2324 624 2369 nou
637 2310 722 2369 modo
741 2309 877 2369 subaudit
899 2309 1077 2382 absolutum,
1094 2309 1144 2369 sed

89 2396 179 2456 etiam
189 2397 251 2454 sine
260 2395 309 2454 illo
320 2394 441 2468 intelligi
450 2394 567 2468 nequit?
581 2394 729 2453 Praeterea
739 2394 862 2468 qualitas
871 2393 1046 2468 exigentiam
1056 2393 1145 2451 invol-

89 2481 133 2539 vit
147 2479 268 2538 subiecti
284 2479 331 2537 cui
346 2478 495 2537 inhaereat
509 2484 537 2536 et
551 2477 627 2552 qarod
645 2494 680 2537 ea
693 2477 846 2538 alliciatur.
866 2477 894 2536 Si
908 2477 1058 2551 qualitates
1072 2476 1144 2536 mul·

90 2564 263 2638 tiplioeutur,
283 2562 520 2637 multiplicabitur
535 2562 680 2636 exigentia
689 2563 811 2622 subiecti
826 2561 902 2636 quod
916 2576 964 2620 eas
979 2559 1080 2619 luloire
1094 2561 1143 2620 de-

89 2648 140 2707 bet
150 2664 188 2710 ,ao
205 2648 354 2708 sustinere.
380 2649 458 2708 [inde
473 2647 561 2722 igitur
575 2649 736 2708 subiectum
751 2646 828 2707 istud
841 2645 1010 2720 habebitur,
1025 2645 1049 2706 si
1065 2646 1142 2707 solae

89 2732 241 2809 qualitates
255 2733 386 2792 iemntur
399 2734 430 2792 in
444 2733 594 2792 medium?

125 2818 181 2876 Sed
199 2819 236 2875 ad
252 2817 470 2876 luculentiorem
491 2817 588 2876 Lockii
612 2816 983 2888 refutationem-percontor
1005 2829 1042 2870 ox
1061 2815 1138 2886 ipso¹

88 2908 187 2961 utrum
202 2901 353 2974 qualitates
368 2901 446 2972 illae,
467 2915 590 2972 quarum
608 2914 710 2957 acervo
728 2897 919 2955 substantiam
937 2894 1068 2952 exhiberi
1087 2896 1140 2968 ait,

88 2983 177 3041 alicui
192 2980 322 3038 subiecto
335 2994 436 3036 revera
450 2979 619 3035 inhaereant
632 2975 744 3032 necne‘l
760 2974 787 3030 Si
802 2973 928 3045 primum
943 2972 1020 3043 dicii,
1037 2973 1142 3031 direm-

88 3074 138 3142 pta
156 3065 193 3121 lis
212 3062 276 3118 orit.
292 3062 363 3118 Nam
385 3059 546 3116 subiectum
563 3059 617 3116 hoc
636 3055 825 3130 appellabitur
843 3056 1019 3128 substantia,
1037 3056 1142 3130 quippe

87 3147 169 3224 quod
183 3143 240 3202 illis
255 3142 440 3216 qualitatibus
461 3139 584 3214 substet3
600 3140 687 3212 idque
702 3137 819 3226 proinde
834 3153 892 3198 non
913 3138 1140 3199 commentitium

133 3305 145 3349 l
164 3302 264 3350 Advertit
278 3300 320 3346 hoc
333 3299 463 3362 leibnitius,
479 3299 517 3362 qui
532 3298 556 3345 in
571 3298 669 3346 crumino
683 3297 843 3361 principiorum
856 3295 1013 3345 Melabrrnohii
1029 3295 1056 3344 do
1067 3313 1092 3344 er
1107 3299 1139 3344 sic

87 3381 203 3442 loquitur:
225 3397 233 3418 ι
246 3379 306 3423 Cotto
320 3375 436 3422 definitam
451 3375 478 3421 ds
493 3375 515 3421 la
528 3375 645 3421 substance
661 3375 683 3420 n'
691 3379 724 3420 est
738 3387 777 3437 prs
788 3377 886 3436 exempta
901 3373 928 3418 de
942 3371 1067 3420 limentes.
1080 3373 1140 3419 Duos

93 3477 101 3495 ·
118 3455 140 3501 le
154 3454 208 3500 lond
223 3453 240 3500 ii
255 3452 299 3515 n'p
314 3467 327 3498 ι
341 3467 384 3514 que
398 3452 453 3498 bien
467 3451 515 3498 soal
530 3451 568 3513 qui
582 3451 657 3513 puisse
666 3455 712 3496 ttra
721 3463 790 3508 conco
802 3463 885 3494 comum
895 3447 1046 3510 independant
1056 3446 1141 3493 d'rutrs

91 3553 99 3572 ·
117 3530 190 3576 chose.
207 3529 356 3574 Discus-nous
370 3527 437 3589 donc,
451 3540 503 3574 avoc
517 3541 548 3572 un
563 3527 645 3574 certain
660 3531 765 3572 novatour
780 3529 828 3587 trop
843 3539 928 3587 nonna,
945 3537 987 3584 que
1002 3523 1057 3568 Dira
1072 3527 1106 3568 ost
1119 3521 1141 3570 Ιι

91 3626 100 3647 ι
118 3605 179 3652 seule
192 3604 318 3665 murce,
334 3602 557 3650 continerentur·
572 3617 600 3648 no
613 3601 685 3648 soient
700 3615 742 3662 que
756 3599 787 3646 les
803 3597 985 3646 modificatione?
1002 3617 1011 3638 ι

134 3679 276 3739 Nileum
288 3679 315 3725 de·
329 3679 356 3724 V.
372 3679 457 3724 Cnosia
471 3678 565 3725 herlotta
581 3677 607 3723 od
624 3677 744 3724 nominata
760 3675 796 3722 dol
812 3675 861 3723 Bar.
880 3675 995 3721 Glbbttm
1012 3675 1138 3735 Ontolcpio

86 3756 236 3880 maog&
249 3832 311 3892 parv.
329 3843 391 3878 ms
404 3832 468 3880 vau.
481 3829 544 3903 tos.
556 3829 573 3876 l.
585 3829 610 3893 e,
620 3829 657 3876 o.
673 3829 712 3876 aa.
