2767 4492
434 343 838 390 nausearis-cosmometra
1121 325 1157 388 st

151 422 243 507 (thiic.
261 429 303 490 lV.
320 427 445 488 Tandem
459 429 554 486 Victor
577 427 678 486 cousin
698 428 727 486 in
741 429 803 487 loco
824 431 1084 502 supramemorato
1103 427 1160 489 duo

116 514 227 574 ohii'cit:
245 515 381 589 primunr,
398 513 572 572 creationem
594 512 710 570 sibimet
730 513 934 584 contradicer03
952 513 1093 587 siquidem
1110 515 1161 590 lay·

114 599 240 674 potheaia
255 599 348 656 nih-ili
361 599 447 657 dohet
462 604 586 656 amente
601 597 697 670 aliqua
712 597 843 670 cogitari,
860 597 963 655 mentis
978 603 1074 656 autem
1088 599 1162 673 cogi-

117 684 184 742 tatio
199 683 382 742 existentiam
403 681 553 755 cogitantis
573 679 703 740 includit.
727 677 818 748 Quare
838 697 889 754 per
908 683 1082 741 creationem
1102 683 1162 742 exl-

115 769 220 827 stentia
231 775 353 842 negatur
363 767 450 826 simul
461 773 489 825 et
499 768 670 825 altirmatur.
682 765 807 824 Alterum
820 771 876 824 est:
888 781 921 823 ea
932 767 1064 839 opinione
1073 768 1164 828 multa

115 854 211 911 enasci
228 853 362 924 absurda,
380 852 561 926 potissimum
575 851 653 926 quod
672 851 797 909 muudus
819 849 941 910 iniectus
956 857 1040 926 atque
1056 869 1093 912 ex
1106 855 1163 914 Deo

112 937 194 996 nulla
209 939 320 994 ratione
331 937 459 1010 pendens
474 942 635 1010 poneretur.

150 1022 335 1096 Respondes:
352 1021 410 1080 liae
430 1021 604 1080 obiectioncs
623 1037 680 1079 non
703 1021 767 1095 plns
786 1020 893 1080 hahent
912 1021 1055 1096 ponderis,
1077 1039 1163 1098 quam

112 1108 195 1167 iocus
208 1106 362 1165 verborum
386 1113 435 1165 aut
460 1107 548 1180 gratis
572 1106 718 1164 asserendi
740 1105 893 1166 temeritas.
906 1105 941 1165 ln
963 1107 1063 1181 primis
1085 1108 1164 1166 enim

112 1191 220 1250 salsum
236 1197 279 1249 est
293 1191 323 1250 in
339 1192 482 1249 sententia
498 1189 649 1249 creationis
664 1205 715 1252 scu
729 1189 922 1262 productionis
936 1207 974 1250 ex
988 1191 1087 1266 nihilo,
1105 1193 1164 1253 exi-

114 1275 249 1335 stentiam
264 1292 380 1334 omnem
395 1275 547 1333 removeri.
565 1275 635 1331 llam
650 1279 747 1347 aperte
765 1274 897 1332 statuitur
916 1281 1048 1348 arctaque
1067 1277 1163 1336 delen·

113 1361 192 1419 ditur
213 1361 367 1418 existentis
391 1375 496 1416 causae
517 1360 638 1430 primae,
657 1373 731 1429 quae
752 1373 817 1416 cum
837 1358 949 1416 infinita
969 1361 1071 1432 agendi
1090 1362 1118 1419 vi
1136 1367 1164 1420 et

112 1442 303 1516 intelligentia
318 1443 354 1499 sit
369 1441 507 1514 praedita,
524 1442 564 1498 ita
580 1447 713 1514 operetur
731 1447 763 1498 ut
780 1441 901 1500 materia
921 1441 980 1500 ulla
996 1458 1054 1502 nou
1071 1451 1161 1516 egeat.

112 1528 231 1599 Deinde,
249 1526 350 1584 Gousiu
366 1526 441 1583 male
463 1526 612 1583 contundit
632 1525 813 1583 eductionem
836 1541 873 1582 ex
894 1526 985 1584 nihilo
1009 1542 1075 1586 cum
1089 1529 1163 1586 eius·

114 1611 181 1669 dem
206 1610 387 1682 cogitatione.
413 1609 492 1676 Quod
513 1625 599 1681 quam
620 1610 716 1681 inepte
735 1609 794 1681 dat,
817 1624 901 1667 nenio
920 1625 977 1668 non
997 1611 1082 1669 ridet.
1104 1613 1164 1671 lion

113 1694 193 1753 enim
208 1694 272 1768 ipsa
287 1693 394 1751 creatio
412 1708 462 1766 per
477 1709 550 1765 sese,
568 1693 618 1750 sed
634 1693 762 1751 eiusdem
777 1693 966 1752 consideratio
980 1695 1164 1754 existentiam

112 1778 222 1837 mentis
241 1778 392 1852 cogitantis
414 1777 545 1835 includit.
566 1777 600 1835 tt
619 1777 749 1835 omittam
765 1778 841 1850 quod
860 1779 972 1836 etiamsi
991 1779 1045 1837 hoc
1063 1779 1165 1852 largia-

111 1877 188 1936 mur,
203 1877 261 1920 non
282 1867 377 1920 tamen
393 1863 460 1920 inde
475 1862 628 1920 existentia
644 1861 792 1934 materiae,
808 1877 845 1919 ex
861 1877 917 1936 qua
930 1861 1056 1922 mundus
1072 1865 1160 1939 deret,

113 1948 299 2006 derivaretur.
324 1947 482 2005 Existentia
498 1947 575 2005 enim
593 1947 698 2004 mentis
720 1945 870 2018 cogitantis
892 1958 968 2005 certe
981 1950 1082 2022 nequit
1100 1965 1162 2009 esse

112 2033 329 2091 meteriaunde
352 2033 479 2090 muudus
502 2032 650 2105 confletur,
672 2031 730 2090 nisi
750 2029 851 2089 Ficthii
870 2031 1057 2090 deliramenta
1079 2049 1159 2094 reno-

115 2125 229 2176 ventur.
246 2117 285 2175 lle
304 2117 437 2175 absurdis
458 2133 526 2174 vero
551 2133 625 2189 quae
643 2117 739 2187 iactat,
763 2130 829 2174 cum
848 2115 964 2174 nonnisi
983 2116 1032 2175 illa
1055 2123 1163 2176 tantum

113 2205 171 2262 duo
190 2203 327 2274 nominet,
354 2217 427 2274 quac
445 2202 530 2260 modo
545 2202 685 2274 diximns3
712 2201 746 2258 ad
767 2216 801 2258 ea
821 2201 1001 2274 respondisse
1020 2201 1058 2261 sit
1081 2204 1160 2263 satis.

113 2287 241 2346 'landem
259 2286 335 2358 quod
353 2287 389 2343 de
407 2285 630 2359 independentia
654 2286 755 2344 mundi
775 2301 825 2359 per
845 2291 1029 2364 transennam
1052 2287 1159 2360 innuit,
1254 2323 1255 2328 .

35 2397 40 2404 ·
98 2370 269 2429 'manifesta
284 2367 406 2427 falsitate
425 2369 543 2427 laborat.
566 2369 633 2437 Quis
653 2369 731 2428 enirn
748 2377 791 2428 cst
810 2370 858 2444 qui
877 2385 934 2429 non
957 2370 1104 2442 intelligat,
1125 2385 1162 2428 ex

115 2469 151 2514 eo
166 2454 242 2528 quod
257 2454 381 2512 mundus
399 2467 415 2512 c
429 2452 520 2512 nihilo
540 2454 628 2512 alteo
646 2454 765 2514 eductus
781 2455 901 2528 dicatur,
917 2471 975 2513 non
992 2455 1076 2512 modo
1091 2471 1161 2512 neu·

115 2539 226 2611 tiquam
242 2538 376 2611 consequi
391 2537 525 2596 eumdem
544 2538 682 2596 iniectum
706 2555 767 2598 esse
783 2545 832 2598 aut
847 2555 887 2597 ex·
899 2553 985 2596 causa
1003 2537 1081 2596 nulla
1096 2553 1163 2611 pen-

113 2622 240 2694 dentem,
260 2623 309 2681 sed
329 2623 503 2682 contrarium
523 2623 616 2696 potius
636 2624 780 2683 derivarit
801 2625 892 2691 otiare
913 2621 1056 2696 sophistae
1074 2623 1160 2682 huius

120 2707 293 2765 confidentia
308 2707 339 2780 in
352 2708 407 2783 his,
425 2723 497 2783 quae
512 2724 549 2767 ne
564 2709 689 2783 speciem
706 2710 822 2782 quidem
836 2708 944 2767 hahent
959 2707 1096 2781 veritatis,
1112 2723 1161 2767 ore

113 2794 237 2852 rotundo
252 2793 415 2853 eructandis
429 2799 624 2867 contemptum
638 2795 754 2852 excitat.

522 2963 691 3019 marcatus
706 2961 749 3018 lli.

455 3129 495 3187 De
508 3128 617 3188 mundi
632 3129 819 3204 antiquitate.

154 3304 196 3365 ts.
210 3303 267 3363 llac
277 3303 307 3361 in
316 3317 348 3360 re
358 3301 388 3360 id
399 3317 489 3360 unum
500 3301 696 3376 philosophiae
706 3301 831 3376 partium
842 3303 893 3376 est,
905 3305 937 3361 ut
952 3301 1073 3360 tueritne
1088 3315 1160 3359 senr-

116 3391 247 3466 piternus
260 3389 386 3447 mundus
401 3387 596 3460 investigetur.
613 3387 702 3446 Istaec
717 3387 794 3445 enim
810 3385 870 3446 sola
883 3386 1011 3462 quaestio
1026 3401 1062 3443 err
1077 3385 1161 3442 ratio-

118 3476 163 3534 nis
173 3474 325 3550 principiis
335 3473 437 3531 resolvi
448 3479 554 3547 potest3
567 3478 661 3531 cetera
670 3487 738 3532 vero
749 3489 822 3547 quae
833 3473 1049 3532 determinatam
1060 3469 1162 3528 mundi

118 3564 240 3618 aetatem
255 3560 406 3638 attingunt,
420 3559 456 3616 ad
471 3559 542 3617 alias
553 3559 719 3634 disciplinas
729 3559 883 3633 pertinent.
901 3557 1099 3625 Quaestionem
1110 3555 1161 3613 ita-

119 3659 173 3718 que
190 3645 230 3702 sic
246 3645 417 3719 propositam
432 3643 463 3702 in
477 3651 631 3718 negantem
645 3645 763 3704 omnino
778 3649 888 3719 partem
899 3641 1060 3713 delinimus,
1077 3645 1161 3714 atque

119 3730 258 3787 mundum
273 3729 350 3787 nullo
366 3735 446 3802 pacto
461 3735 610 3787 aeternum
627 3730 713 3788 luisse
728 3729 955 3804 pronuntiamus.

156 3812 231 3880 Quae
245 3813 361 3887 quidem
376 3814 528 3872 affirmatio
543 3814 720 3872 Aristotelem
735 3813 765 3871 in
776 3813 877 3887 primis
892 3817 921 3871 et
935 3811 1063 3871 Proclum
1078 3809 1161 3869 allos·
1220 3883 1222 3886 Ι

119 3913 175 3970 que
189 3899 326 3972 coarguit,
343 3899 393 3972 qui
410 3899 517 3958 mundo
536 3900 729 3963 necessariam
748 3897 945 3962 aeternitatem
959 3897 1100 3973 opinionis
1119 3911 1162 3956 er·
