2767 4492
506 331 584 406 vanas
602 332 745 379 aaronis
1096 318 1150 386 195

100 432 167 478 nem
181 417 350 493 pertineant,
366 416 444 477 nullo
459 416 543 476 modo
558 415 751 476 subiiciuntur
765 418 896 491 potestati
911 416 1005 494 civili,
1022 418 1071 479 sed
1086 420 1148 483 sola

100 506 266 565 auctoritate
281 503 473 563 ecclesiastica
489 507 693 577 temperantur.
706 502 777 576 Ergo
793 508 846 563 etc.
866 506 890 564 t.
903 504 980 573 Quod
995 521 1145 579 argumen-

76 672 79 679 .
100 595 163 655 tum
179 594 273 655 tanae
289 588 449 656 evidentiae
463 592 523 662 est,
539 592 572 647 ut
585 587 718 663 pluribus
734 586 897 655 confirmari
913 606 969 655 non
984 594 1075 669 egeat.

440 758 603 823 solvuntur·
618 758 811 837 difficultates.

138 936 227 997 bbiic.
244 936 265 996 l.
287 936 367 997 ilatio
385 932 560 993 sacramenti
574 930 701 1006 separari
716 936 838 1007 potesta
852 933 960 993 rationo
976 936 1146 997 contractus.

101 1020 132 1082 ld
148 1038 213 1081 vero
228 1021 253 1081 si
268 1022 331 1095 dat,
348 1018 563 1078 matrimonium
577 1016 681 1077 subiici
695 1016 799 1095 poterit
813 1016 972 1079 auctoritati
987 1018 1064 1079 civili
1081 1024 1148 1082 tam·

103 1122 191 1183 quom
208 1122 306 1165 merus
321 1110 492 1164 contractus.

136 1193 219 1266 llesp.
236 1192 310 1249 Haec
326 1188 447 1249 obiectio
461 1188 569 1263 duplici
584 1206 621 1249 ex
636 1194 718 1264 parte
733 1190 855 1249 vacillat.
873 1188 1008 1263 Primum,
1021 1190 1088 1265 quia
1102 1206 1147 1251 ra·
1237 1232 1239 1237 ·

1 1317 2 1350 3
101 1278 140 1337 tio
157 1275 330 1336 Sacramenti
345 1275 423 1335 nullo
443 1275 527 1334 modo
547 1277 672 1350 separari
689 1282 781 1350 potest
801 1293 818 1335 a
836 1276 946 1335 rationo
966 1282 1145 1351 contractus,

100 1368 250 1437 propterea
264 1361 339 1435 quod
354 1363 415 1435 ipse
431 1367 592 1420 contractus
607 1367 722 1420 evectus
739 1367 782 1421 est
797 1362 832 1420 ad
849 1362 1079 1436 Sacramentum,
1097 1378 1146 1421 seu

100 1449 132 1507 in
147 1448 362 1506 Sacramentum
376 1463 531 1506 conversus
545 1452 597 1505 est.
614 1447 701 1506 Secus
720 1462 777 1506 non
797 1448 892 1521 ipsam
911 1446 1146 1521 matrimonium,

102 1532 177 1607 quod
192 1538 267 1590 certe
283 1548 350 1590 cum
364 1536 509 1590 contractu
531 1532 735 1605 contunditur,
752 1532 893 1590 dicoretur
908 1546 969 1589 esso
986 1530 1148 1590 Sacramen-

102 1622 172 1689 tum,
190 1622 221 1674 ut
238 1616 363 1676 Ecclesia
377 1616 522 1689 delinivit;
541 1617 590 1674 sed
604 1617 631 1675 ei
648 1616 862 1674 Sacramentum
879 1616 1045 1674 adivrnetom
1060 1615 1148 1675 luisse

101 1700 254 1759 dicendum
269 1706 352 1775 esset,
369 1702 444 1775 quod
459 1702 588 1775 personis
602 1701 658 1758 iam
675 1700 891 1759 matrimonium
906 1700 1010 1758 iunctis
1025 1700 1146 1760 admini-

101 1790 216 1843 stretur.
233 1784 339 1844 Deinde
355 1785 467 1844 vacillat
481 1785 603 1844 obiectio
619 1802 657 1843 ex
671 1802 714 1858 oo,
728 1786 801 1859 qnod
813 1783 1037 1856 matrimonium,
1049 1786 1148 1843 etiam·

101 1870 125 1930 ei
140 1874 172 1929 at
187 1875 349 1929 contractus
361 1886 440 1929 mere
452 1869 590 1928 naturalis
601 1870 806 1940 consideretur,
816 1868 946 1942 potestati
957 1868 1033 1927 civili
1045 1868 1149 1928 sollici

101 1955 209 2029 nequit.
226 1956 355 2029 Etenim,
373 1955 613 2029 quemadmodum
629 1969 716 2028 supra
736 1952 887 2027 probatum
908 1956 969 2025 est,
987 1952 1074 2011 ctiam
1090 1950 1144 2011 sab

102 2040 151 2098 tali
166 2041 390 2100 consideratione
405 2046 448 2099 est
462 2057 507 2099 res
522 2057 595 2114 quae
610 2046 714 2098 natura
728 2055 780 2098 sua
795 2038 831 2097 ad
846 2038 891 2097 ius
901 2036 1084 2111 individuale,
1097 2037 1145 2097 do·

101 2128 252 2185 musileum
268 2131 296 2184 et
310 2125 476 2198 religiosum
492 2125 626 2198 pertinet.

138 2210 227 2269 0biiei
242 2212 273 2269 ll.
286 2212 355 2268 inte
366 2210 520 2267 adventum
536 2208 636 2267 dbristi
651 2212 775 2283 potestas
786 2208 878 2268 civilis
892 2208 1074 2267 matrimonia
1089 2223 1147 2267 mo·

102 2296 264 2353 durabatur.
281 2296 352 2367 Ergo
367 2294 480 2367 signum
495 2302 538 2351 cst
554 2294 630 2367 qarod
645 2294 670 2351 si
692 2294 909 2353 matrimonium
924 2298 956 2353 ut
970 2310 1066 2352 morus
1085 2309 1149 2353 cou-

104 2384 209 2437 tractos
224 2380 383 2453 inspicitur,
401 2378 532 2451 potestati
547 2375 626 2436 civili
642 2377 803 2437 subiicitur.

138 2464 221 2538 Resp.
234 2466 265 2524 ln
280 2464 381 2538 primis
395 2464 524 2538 ineptum
540 2468 583 2521 est
598 2463 747 2520 desumere
763 2478 894 2521 normam
906 2461 965 2519 veri
976 2460 1074 2520 inrisa
1088 2478 1149 2522 mo·
1251 2490 1255 2497 ·

102 2551 182 2609 ribus
197 2556 225 2608 et
240 2549 491 2609 constitutionibus
509 2548 614 2607 vitiatis
629 2546 798 2621 populorum
810 2544 968 2618 gorvillium.
986 2546 1072 2603 Sceus
1087 2563 1150 2620 per·

102 2634 176 2694 lecta
191 2636 321 2707 servitus,
336 2650 393 2709 qua
408 2633 552 2708 mancipia
562 2631 817 2692 considerabuntur
833 2636 863 2689 nt
877 2646 922 2689 res
938 2645 995 2689 non
1010 2636 1041 2687 ut
1056 2646 1149 2703 perso

102 2736 166 2793 nae,
178 2720 298 2779 dicenda
313 2724 388 2779 esset
402 2718 495 2778 ordini
510 2726 630 2777 naturae
646 2716 811 2789 condormis3
829 2714 969 2788 siquidem
979 2714 1053 2772 iusta
1068 2719 1097 2772 et
1111 2714 1149 2774 le·

102 2805 202 2877 gitima
216 2804 252 2862 ab
263 2804 397 2863 omnibus
412 2802 544 2877 gentibus
558 2803 727 2861 habebatur.
740 2800 856 2871 Deinde,
869 2798 995 2873 supremi
1007 2800 1148 2873 imperan-

104 2894 145 2945 tes
160 2888 265 2947 ideirco
280 2896 347 2947 tunc
362 2889 393 2946 in
413 2887 647 2959 matrimonium,
664 2885 904 2959 quemadmodum
925 2884 953 2941 in
973 2882 1043 2941 alias
1062 2884 1149 2943 etiam

103 2988 149 3029 res
165 2988 260 3029 sacras
274 2988 305 3030 se
318 2972 502 3044 ingerebant,
520 2972 588 3043 quia
604 2968 734 3043 potestati
751 2966 829 3027 civili
843 2966 928 3026 etiam
946 2967 1149 3026 sacerdotalem
1219 2992 1221 2997 ¹

104 3056 200 3130 aliqua
215 3056 315 3114 saltem
330 3073 367 3115 cx
381 3054 507 3129 partein
522 3071 553 3113 se
569 3053 751 3128 copulabant.
769 3052 814 3112 Sic
829 3052 947 3113 llomaui
964 3053 1150 3126 imperatores

103 3140 285 3199 Pontificatus
299 3140 420 3199 maximi
435 3140 571 3213 dignitate
587 3136 744 3211 fulgebant.
760 3138 793 3196 ill
807 3154 875 3197 vero
890 3136 920 3195 iu
937 3137 997 3209 lego
1008 3134 1149 3209 evangeli·

104 3242 137 3284 ca
149 3226 210 3284 iura
222 3224 408 3284 Sacerdotalis
418 3223 532 3299 imperii
543 3240 560 3282 n
570 3223 681 3282 iuribus
692 3222 805 3297 imperii
817 3222 909 3281 civilis
921 3222 1063 3280 disiuncta
1073 3225 1147 3295 sunt;

104 3318 189 3385 atque
204 3310 250 3369 ivis
265 3316 419 3369 eventuum
434 3310 627 3368 bumanorum
647 3314 725 3366 rotae
740 3307 866 3381 relictiS,
882 3306 931 3366 illa
951 3304 1088 3381 lpostolis
1103 3322 1149 3365 eo·

104 3412 229 3471 rumque
244 3395 457 3455 successoribus
471 3395 556 3453 unice
572 3394 678 3452 tributa
694 3398 769 3452 sunt.

140 3482 229 3542 Obiie.
245 3480 288 3540 lll.
306 3482 428 3539 Potestas
443 3480 535 3539 civilis
548 3484 639 3555 potest
653 3480 794 3553 imperare
810 3483 838 3536 et
852 3478 929 3550 loges
943 3476 1091 3551 imponere
1105 3491 1148 3535 ce·

105 3568 171 3627 toris
186 3564 387 3627 contractibus.
406 3566 459 3623 Gur
474 3563 520 3623 bic
537 3582 622 3637 unus,
640 3563 690 3638 qui
704 3563 919 3625 matrimonium
934 3561 1089 3637 constituit,
1103 3576 1150 3623 et·

105 3652 253 3729 cipicndus
268 3656 311 3712 est
326 3667 343 3709 a
357 3649 502 3710 communi
517 3649 697 3710 conditione?

150 3839 161 3884 i
180 3841 237 3887 ilaec
253 3858 309 3904 queo
323 3841 364 3887 boe
379 3840 426 3885 loco
441 3824 525 3885 unium
540 3838 671 3899 innuimus,
698 3836 768 3883 turias
785 3842 915 3900 pertractata
929 3836 1024 3903 reperies
1039 3836 1062 3883 in
1078 3841 1152 3887 nolito

118 3916 239 3985 opuscolo:
256 3920 280 3969 lt
295 3918 449 3970 Matrimonia
464 3932 475 3966 e
490 3918 513 3966 io
525 3918 600 3965 soto.
619 3913 698 3978 Nepoti
712 3913 782 3966 tabl.
