2767 4492
551 357 762 412 mrnonucrro
1145 347 1184 416 ts

132 440 165 509 bt
181 439 317 524 quoniam
333 441 368 508 sd
386 441 416 508 ld
440 447 725 530 accommodatiorem
740 449 938 510 existimamus
954 445 1110 510 secundam
1136 450 1179 511 di·

133 535 326 607 stinctioucm,
343 549 430 608 quam
444 533 519 592 inter
533 533 656 592 ethicam
668 539 697 592 et
710 535 755 594 ius
769 540 888 594 uehuae
903 535 1180 610 constituipoasedi·
1244 525 1251 540 ’

132 620 238 694 ximus
255 635 319 680 earn
333 619 474 694 eligimus,
490 625 575 696 atque
590 619 654 679 ideo
671 620 714 680 sic
731 619 881 696 utriusque
901 621 1042 682 elementa
1062 622 1180 682 exhihe-

129 705 233 778 bimus,
250 711 286 764 ut
297 721 348 780 pro
362 711 530 780 argumento
545 705 660 764 lithicae
676 706 790 779 proprio
804 705 997 779 intelligamus
1011 713 1107 767 actum
1125 707 1179 766 hu·

133 805 250 849 manum
275 805 324 863 per
347 805 377 849 se
401 789 562 864 inspectum
587 795 671 863 prout
696 790 790 850 bonus
804 790 881 850 ellici
906 790 999 863 debet,
1023 793 1177 852 scrutando

133 875 310 935 conditiones
324 875 387 935 illas
398 891 469 950 quas
479 875 639 949 generatim
661 875 797 935 induitul
809 866 926 934 moralis
939 875 1050 948 evadat
1067 891 1118 950 pro
1135 893 1180 936 ar·

132 967 267 1036 grmento
283 967 377 1019 cutem
392 960 463 1020 iuris
478 965 597 1018 naturae
613 959 790 1035 accipiamus
814 961 941 1020 actiones
964 959 1177 1035 determinatas,

133 1061 204 1120 quas
218 1047 303 1106 homo
317 1045 489 1118 obligatione
505 1043 575 1118 legis
589 1046 729 1104 naturalis
743 1045 892 1104 tacerevel
908 1045 938 1104 in
953 1043 1019 1103 allis
1028 1043 1179 1104 ohservare

134 1136 253 1205 tenetur,
271 1129 443 1189 utiustitiae
466 1130 540 1188 ratio
554 1129 708 1189 incolumis
730 1135 855 1189 menect.
877 1127 948 1188 iiiuc
971 1129 1055 1188 iaclle
1079 1129 1128 1190 ilat
1148 1134 1182 1188 ut

134 1216 271 1274 mahriae
293 1215 447 1274 discrimen
462 1213 611 1289 hubeahrr,
630 1216 700 1290 quin
716 1221 811 1292 partes
830 1214 917 1274 unius
933 1213 1101 1288 disciplinae
1115 1229 1181 1273 cum

133 1299 249 1358 alterius
265 1298 393 1372 partibus
408 1297 627 1371 contundantur3
644 1303 706 1358 tum
722 1315 767 1373 ea,
787 1315 861 1373 quae
876 1297 1052 1372 generaliora
1067 1303 1180 1372 suntac

134 1383 353 1458 particularibus
367 1381 513 1457 implicita,
531 1384 675 1458 praemitti
691 1384 809 1458 possint,
827 1398 931 1457 magno
942 1381 1081 1442 claritatis
1101 1397 1179 1442 emo

133 1469 270 1526 lumento.
291 1467 383 1535 Quare
393 1467 429 1527 ab
441 1467 588 1528 elementis
598 1469 709 1528 ethicae
719 1468 864 1528 tradendis
874 1468 1064 1542 auspicantes,
1076 1467 1180 1526 cauni·

134 1567 167 1610 co
185 1551 256 1612 libro
271 1552 500 1627 complectemur,
517 1553 567 1628 qui
582 1559 661 1612 achis
672 1553 792 1612 humaui
807 1553 965 1627 generatim
972 1551 1093 1624 inspecti
1103 1552 1181 1612 theo·

134 1637 206 1695 riam
229 1637 393 1706 continebit,
417 1643 502 1712 etque
517 1638 552 1696 de
566 1637 630 1696 eius
648 1638 807 1697 moralitate
821 1649 850 1696 et
873 1637 1055 1710 obligationis
1077 1642 1180 1695 ustura

134 1721 263 1780 disseret.
281 1721 344 1780 Post
358 1720 396 1780 ad
410 1722 454 1781 ius
476 1726 593 1780 neturus
607 1722 770 1794 gradientes
785 1727 841 1779 tres
861 1721 948 1780 libros
964 1720 1177 1794 subnectemus,

106 1813 109 1820 '
133 1819 254 1879 quorum
269 1806 379 1879 primus
403 1805 448 1864 ius
462 1805 646 1878 individuale,
676 1806 749 1864 ulter
764 1805 810 1864 ius
828 1805 942 1878 sociale,
960 1805 1059 1864 tertius
1072 1806 1118 1864 ius
1137 1805 1180 1864 ln·

133 1890 319 1949 lernatlonale
335 1889 380 1949 vel
390 1890 518 1964 gentium
533 1889 652 1963 evolvet,
671 1907 722 1965 pro
744 1889 847 1962 triplici
858 1895 989 1964 respectu
1003 1904 1060 1963 quo
1079 1890 1179 1948 huma·

134 1989 188 2033 nae
203 1975 391 2048 operationes,
418 1981 502 2048 prout
527 1975 620 2034 iustae
635 1982 712 2044 sunt,
739 1974 915 2033 considerari
937 1979 1064 2048 possunt.
1091 1973 1180 2034 liomo

134 2057 221 2130 enim,
238 2058 291 2116 etsi
307 2059 341 2116 ad
359 2059 466 2116 iactum
481 2059 558 2132 quod
572 2059 699 2134 pertinet
713 2059 744 2116 in
758 2058 892 2118 societate
908 2058 1077 2117 constitutus
1091 2058 1137 2130 sil,
1153 2063 1183 2116 et

134 2142 164 2199 in
178 2143 311 2202 societate
327 2157 384 2200 una
399 2141 525 2200 existens
540 2143 574 2200 ad
591 2142 811 2215 alioshomines,
826 2151 907 2216 prout
917 2142 1081 2202 societatem
1093 2143 1179 2200 aliam

133 2225 293 2296 efformant,
311 2241 410 2300 reapse
425 2225 573 2298 reseratum
591 2231 686 2288 tamen
703 2229 879 2302 praecisione
893 2227 997 2286 mentis
1021 2229 1180 2286 considera-

133 2311 158 2372 ri
177 2317 268 2384 potest
282 2308 327 2368 vet
347 2317 378 2368 ut
393 2325 512 2386 persona
529 2317 638 2372 tantum
654 2311 785 2372 humana
800 2317 852 2386 est,
871 2312 1062 2378 abstrahendo
1076 2313 1181 2387 cogita·

135 2394 243 2454 tionem
258 2409 275 2452 a
291 2395 424 2454 societate
440 2394 517 2458 civili
534 2403 592 2458 tum
604 2411 665 2468 sua,
682 2396 712 2458 iu
722 2411 780 2474 qua
800 2398 870 2458 torte
883 2400 1033 2477 reperitur,
1062 2403 1121 2461 tum
1138 2413 1180 2458 ce

134 2485 258 2538 teromm
274 2478 432 2552 hominum,
449 2480 498 2554 qui
513 2481 758 2555 sempereliquum
771 2484 1005 2544 communitatem
1015 2482 1177 2556 edormsuh

136 2564 178 2622 vel
189 2565 311 2639 speclari
323 2571 414 2638 potest
430 2571 461 2622 ut
477 2564 639 2625 membrum
660 2566 812 2640 peculiaris
827 2565 975 2624 cuiusdam
990 2563 1182 2623 multitudinis

133 2649 420 2709 sociotatemcivilem
441 2650 551 2724 proprie
566 2651 777 2723 constituentis,
801 2649 1008 2708 considerando
1030 2647 1181 2703 dumuxat

132 2733 284 2794 relationes
297 2749 369 2810 quas
385 2734 470 2794 hahet
485 2736 545 2794 sive
560 2750 627 2794 cum
643 2736 708 2794 aliis
721 2734 832 2794 civibus
847 2735 907 2791 slve
918 2747 984 2791 cum
995 2731 1145 2804 Superiora
1163 2745 1181 2788 a

133 2835 189 2892 quio
204 2820 320 2894 regitur,
338 2819 381 2878 vel
397 2819 520 2893 denique
536 2821 656 2894 speclari
671 2825 764 2894 potest
780 2823 920 2892 quatenus
930 2823 1077 2889 tamquam
1091 2829 1180 2873 mem·

133 2901 218 2960 hrum
234 2903 317 2962 unius
332 2903 475 2964 societatis
490 2903 708 2978 independentis
718 2917 784 2959 curn
802 2899 986 2959 societatibus
996 2897 1178 2962 aliisearum·

133 2985 336 3057 quemembris
350 2983 487 3046 relatione
498 2984 621 3050 naturali
636 2984 805 3049 devincitur.
824 2985 855 3043 in
876 2983 930 3045 hoc
948 2985 1027 3044 nulla
1046 2985 1180 3062 hypothe-

133 3067 173 3127 sis
189 3068 315 3141 ilngitur,
332 3069 381 3126 sed
396 3084 474 3127 mere
489 3085 539 3140 pro
555 3069 663 3143 ordine,
681 3070 717 3128 ad
733 3067 1179 3143 scientiamrilecomparandam

135 3152 307 3225 necessarie
330 3151 499 3226 cogitatione
526 3151 633 3210 mentis
659 3151 688 3210 id
707 3150 900 3226 distinguitur,
917 3155 993 3227 quod
1017 3155 1048 3212 in
1065 3154 1181 3212 homine

132 3236 314 3310 complexum
333 3242 384 3296 est.
402 3237 431 3294 ld
446 3253 512 3296 vero
527 3253 612 3296 omne
628 3237 666 3295 ad
682 3237 903 3295 abstractionem
918 3239 1023 3296 mentis
1047 3238 1177 3311 pertinet;

132 3321 339 3380 abstrahendis
349 3331 446 3380 autem
456 3330 487 3380 ut
497 3321 847 3395 scitciuquitdristoleles,
858 3337 919 3379 acu
929 3321 1176 3380 etmendactwm.

168 3407 226 3465 Hac
234 3405 321 3480 igilur
330 3413 511 3480 respecturum
521 3407 853 3478 varietate'considcreta,
865 3413 893 3464 et
903 3405 1074 3479 operationis
1081 3404 1180 3464 huma·

132 3507 187 3550 nae
200 3491 326 3565 generali
341 3492 556 3565 investigatione
567 3492 733 3566 praemissa,
750 3490 930 3564 particularis
944 3492 1007 3548 eius
1016 3491 1177 3564 disquisitio

132 3577 162 3634 in
175 3585 230 3635 tres
241 3586 333 3651 partes
343 3579 462 3651 dispesci
475 3585 572 3652 potest.
585 3577 707 3637 Unuerit
721 3592 794 3649 quae
804 3579 839 3633 de
849 3575 950 3633 officiis
964 3582 993 3634 el
1007 3575 1119 3634 iuribus
1129 3575 1178 3634 ho

131 3661 218 3719 minis
231 3662 370 3722 individui
380 3662 537 3737 eloquatur,
555 3678 627 3735 quae
639 3662 758 3735 proinde
768 3660 816 3718 ius
824 3659 1009 3718 individuale
1019 3659 1178 3720 nominabi-

133 3749 186 3800 tur.
212 3746 303 3805 dltera
325 3751 388 3808 iura
411 3747 583 3806 scrutabitur
598 3755 627 3805 et
641 3747 737 3806 cilicia
749 3745 873 3803 hominis
884 3745 1049 3804 societatem
1063 3747 1177 3804 civilem

129 3827 323 3912 eliormandis,
335 3834 420 3895 huius
430 3834 573 3896 societatis
583 3831 736 3894 relationes
750 3832 877 3892 merdas
888 3831 1117 3909 contemplando,
1134 3837 1174 3892 at-
