2767 4492
235 338 286 398 ldb
564 345 954 421 amrmnrsrcan'sancnnrs

231 437 263 497 id
272 439 373 495 ,auiam
388 449 454 494 cum
469 434 506 493 sit
520 433 713 504 verissimum,
734 437 876 491 tantuma
892 431 1049 490 temeritate
1063 432 1154 509 abest,
1169 439 1202 495 ut
1217 439 1281 498 sine

236 520 355 580 stultitia
374 528 497 594 nequeat
516 517 675 576 detrectari.
697 515 829 576 Rationes
847 517 935 589 igitur
953 517 1058 590 quibus
1077 519 1214 580 materiae
1235 539 1283 584 co-

234 606 401 680 gitationem
420 618 568 677 negamus,
591 617 649 660 non
670 607 768 661 nostra
789 602 967 676 ignoratione
987 603 1127 677 nituntur,
1153 606 1203 663 sed
1224 609 1285 668 evi·

234 689 409 748 deotissimis
426 686 544 746 rationis
563 685 723 761 principiis.
745 687 794 745 llis
807 687 886 746 enim
905 686 1041 745 docemur
1061 689 1283 751 contradictoria

233 777 270 834 n'e
289 791 307 832 a
327 775 383 832 lieo
406 771 521 845 quidem
543 771 619 830 ellici
640 787 740 846 posse,
760 772 910 830 materiam
928 787 996 831 acro
1018 772 1191 846 cogitantem
1210 789 1279 834 con·

234 859 362 932 captibus
382 861 481 916 mutuo
499 855 695 931 pugnantibus
712 855 862 916 contineri.

642 1027 811 1084 laricanus
834 1026 867 1084 ll.

356 1197 395 1256 Dc
413 1198 509 1256 caiani
529 1197 664 1257 humaui
675 1196 865 1272 simplicitate
882 1205 909 1256 ct
926 1195 1149 1271 spiritualitate.

268 1371 312 1430 ot.
339 1369 459 1427 Dilllcile
485 1369 563 1427 dictu
587 1371 631 1427 est
660 1370 798 1441 quantum
825 1368 930 1426 iactata
958 1366 1126 1427 instauratio
1156 1369 1277 1443 pbiloso

232 1455 318 1529 phiec
335 1470 396 1512 rem
416 1454 490 1512 banc
510 1453 686 1524 obscurarit,
710 1453 824 1511 notione
845 1452 1035 1526 simplicitatis
1054 1469 1121 1512 cum
1140 1461 1279 1530 conceptu

236 1538 443 1614 spiritualitatis
462 1538 590 1596 conlusa.
612 1537 683 1594 llinc
705 1535 783 1594 enim
810 1537 914 1595 accidit
933 1542 965 1595 ut
983 1537 1097 1596 animus
1116 1537 1278 1614 humanus,

239 1624 275 1682 ab
293 1623 391 1680 anima
410 1623 569 1694 brutorum,
587 1637 660 1694 quae
675 1620 800 1694 simplex
818 1621 943 1694 prolecto
961 1627 1013 1694 est,
1027 1638 1084 1680 non
1099 1623 1167 1681 satis
1181 1623 1281 1683 discri-

231 1709 402 1778 minaretur;
413 1721 466 1764 nec
478 1706 539 1765 eius
559 1705 757 1766 immortalitas
768 1706 875 1763 adstrui
887 1711 990 1778 posset,
1007 1707 1077 1780 quin
1091 1706 1178 1766 buius
1193 1709 1281 1767 etiam

232 1809 291 1851 non
308 1791 455 1850 desitionis
471 1791 615 1865 exigentia
632 1797 865 1865 consequeretur.
881 1792 959 1850 inde
975 1799 1102 1850 recentes
1120 1792 1282 1867 philosophi

231 1877 314 1936 valde
340 1875 523 1935 laborantia
553 1876 741 1949 excogitanda
765 1881 814 1934 aut
837 1877 933 1934 lutura
959 1876 1054 1949 aliqua
1073 1877 1278 1952 destinatione,

232 1977 305 2037 quac
325 1961 476 2020 animabus
495 1961 631 2020 belluinis
647 1967 710 2035 post
730 1959 945 2020 dissolutionem
965 1962 1088 2036 corporis
1105 1961 1277 2035 assignetur,

232 2053 281 2105 aut
296 2037 409 2105 'ratione
429 2047 525 2122 aliqua
545 2061 596 2106 cur
612 2047 666 2104 bae
686 2045 853 2105 interiturae
872 2044 938 2118 siut,
962 2045 1073 2104 animae
1093 2060 1159 2104 rcro
1175 2046 1278 2106 buma-

233 2147 289 2190 nae
308 2145 499 2204 nequaquam.

266 2215 323 2274 Hae
339 2216 425 2274 tricae
441 2215 524 2274 vitari
539 2219 692 2288 nequeunt,
709 2215 766 2273 nisi
780 2230 860 2274 mera
869 2215 1035 2288 simplicitas
1048 2230 1065 2273 a
1081 2215 1280 2290 spiritualitate

231 2299 438 2372 distinguatur,
457 2301 531 2373 quod
545 2300 592 2358 bic
607 2317 659 2359 nos
674 2301 768 2358 lacere
783 2300 908 2360 studioso
919 2300 1093 2359 curabimus,
1111 2300 1279 2373 Simplicitas

230 2383 335 2458 itaque,
353 2390 383 2443 ut
398 2400 481 2458 saepe
494 2385 629 2458 diximus,
647 2386 772 2458 partium
785 2386 934 2444 dumtaxat
945 2385 1216 2458 coagmentationem
1231 2402 1280 2444 ex·
1382 2446 1383 2457 ,

230 2468 326 2527 cludit.
348 2470 439 2537 Quare
452 2469 522 2526 illud
537 2469 659 2542 simplex
674 2485 774 2527 revera
790 2469 909 2540 dicitnr,
932 2470 1007 2543 quod
1021 2470 1188 2528 extensione
1202 2484 1279 2542 pror·
1382 2466 1383 2491 ¹

230 2569 279 2612 sus
293 2558 379 2624 caret,
402 2559 486 2626 atque
501 2569 558 2611 nna
575 2558 683 2610 tantum
700 2560 728 2610 et
742 2553 911 2612 indivisibili
930 2554 1059 2612 realitate
1073 2558 1191 2612 constat.
1214 2553 1280 2610 Con·
1382 2554 1383 2579 ¹

231 2641 273 2693 ira
297 2636 481 2709 spiritualitas
491 2637 532 2722 ⁸iu
554 2636 710 2696 intrinseca
730 2638 944 2711 indipendenlia
964 2655 982 2696 a
1002 2638 1122 2696 materia
1142 2637 1195 2695 sita
1216 2643 1277 2708 esi,

230 2725 369 2792 qrratenus
384 2721 453 2777 illud
469 2720 615 2794 spirituale
632 2722 751 2794 dicatur,
769 2723 844 2796 quod
857 2738 916 2780 nou
931 2723 1015 2780 modo
1031 2722 1068 2781 sit
1082 2721 1214 2795 simplex,
1229 2721 1280 2780 sed

229 2805 348 2878 insuper
362 2804 545 2864 subsistentia
565 2821 617 2878 per
636 2823 666 2864 sc
686 2814 818 2874 ornetur,
840 2823 893 2867 nec
914 2809 1035 2865 materia
1049 2807 1086 2864 ad
1099 2805 1279 2864 existendum

228 2887 364 2961 indigeat.
387 2889 471 2948 Porro
487 2888 635 2948 brutorum
659 2891 773 2950 animae
798 2907 856 2950 non
879 2892 1014 2964 competit
1028 2891 1085 2949 nisi
1101 2896 1210 2948 tantum
1223 2890 1280 2962 pri-

229 2986 296 3042 ma,
321 2989 389 3030 nam
404 2973 580 3032 sensationes
595 2989 653 3032 non
669 2975 746 3033 aliud
760 2975 882 3049 probant
900 2974 956 3034 nisi
971 2975 1181 3048 simplicitatem
1195 2972 1280 3030 alicu-

196 3119 205 3136 ·
229 3054 275 3113 ius
290 3055 421 3128 principii
436 3073 491 3130 prro
507 3057 667 3117 subiectum
682 3058 809 3117 sentiens
825 3059 1003 3117 inlormctnr.
1019 3059 1055 3129 dt
1070 3058 1165 3116 animo
1180 3056 1280 3115 huma·
1382 3080 1383 3111 i

229 3154 266 3198 no
281 3139 414 3213 competit
427 3147 547 3216 utraque
562 3143 621 3216 dos,
645 3143 786 3203 nimirum
802 3148 862 3200 tum
877 3143 1055 3216 simplicitas
1074 3147 1134 3201 tum
1149 3141 1280 3214 spiritua·

228 3223 303 3298 litas,
329 3224 567 3298 quemadmodum
582 3241 651 3286 mox
665 3226 887 3287 demonstraturi
902 3242 1011 3287 sumus.

637 3397 816 3456 Paorosrrro
844 3399 865 3457 l.

500 3566 624 3623 Animus
644 3565 798 3625 littutuaus
816 3575 857 3626 cst
874 3567 1009 3644 simplex.

264 3729 308 3788 92.
325 3731 399 3790 llaec
415 3734 519 3792 veritas
540 3749 652 3794 merum
671 3741 715 3794 est
738 3738 918 3798 corollarium
938 3737 1135 3812 praecedentis
1155 3734 1280 3793 articuli.

229 3813 298 3872 Nam
313 3814 338 3872 si
353 3818 497 3890 materiae,
521 3822 551 3876 ut
565 3818 606 3876 ibi
621 3821 806 3895 ostendimus,
828 3829 970 3898 repugnat
984 3822 1126 3896 cogitatio,
1146 3835 1198 3878 seu
1217 3833 1279 3876 me·

229 3896 285 3959 lius
298 3899 420 3976 cognitio
434 3905 590 3978 generatim
605 3911 739 3982 accepta3
763 3907 875 3967 animus
889 3914 994 3980 noster,
1017 3908 1067 3982 qui
1082 3911 1158 3964 certe
1174 3903 1283 3979 cogita-
