2767 4492
262 344 315 413 tra
704 354 865 405 anennual

152 477 157 486 ·
261 464 359 508 rorum
374 447 593 506 tundamentum
606 447 658 519 est,
670 444 729 504 rita
744 439 1039 515 ninrirum,spolietur
1052 438 1123 500 etin
1137 446 1318 517 perpetuum

261 533 427 593 asocintate
441 534 577 607 humana,
594 547 650 606 qua
666 547 697 588 se
712 529 826 603 penitus
841 527 993 600 indiguum
1007 527 1112 600 effecit,
1129 545 1317 589 summovea-

262 623 318 678 tur.
336 619 422 677 Sacas
440 619 518 677 enim
539 619 614 676 inter
637 616 774 674 delictum
788 620 817 672 et
830 629 954 687 poenam
969 614 1144 672 conveniens
1166 615 1318 688 proportio

260 719 320 762 nan
334 703 538 776 intercederet3
556 718 643 776 urtam
666 702 734 761 ordo
750 701 902 773 iustitiae,
918 699 966 757 cui
981 699 1110 772 providet
1133 699 1253 758 socialis
1269 717 1318 760 au

263 788 393 861 claritas,
411 788 526 847 omnino
542 789 661 861 flagitat.
677 788 787 860 Quare,
804 790 837 844 ut
851 780 959 858 liquido
979 785 1086 858 tatem,
1103 785 1252 845 molliores
1275 787 1318 846 illi

261 873 422 947 philosophi
438 874 488 947 qui
503 888 623 948 poenam
643 872 743 944 capitis
759 869 801 930 sic
815 874 993 944 aversantur,
1009 877 1042 928 ut
1054 869 1185 930 dictitent
1199 872 1317 930 nullum

263 957 334 1016 adeo
350 963 431 1032 turpe
446 973 508 1016 esse
523 958 663 1030 flagitium
677 960 793 1031 propter
807 957 883 1031 quod
897 955 989 1030 infligi
1005 956 1054 1015 illa
1068 957 1175 1030 possit3
1193 973 1318 1032 praepo

263 1049 338 1103 stero
354 1045 464 1116 pietatis
474 1059 559 1101 sensu
576 1049 730 1116 tanguntur
739 1047 769 1101 et
783 1042 912 1100 animum
925 1057 990 1100 uere
1000 1042 1176 1101 foemineum
1188 1050 1316 1118 gestant,
1368 1048 1369 1051 ’

264 1129 314 1202 [μή
327 1129 392 1202 plus
403 1128 471 1187 mali
486 1127 638 1200 sensibilis,
650 1143 736 1201 quam
747 1127 817 1186 mali
831 1127 948 1186 moralis
963 1127 1080 1186 horrore
1095 1128 1221 1201 capitur.
1235 1129 1316 1196 Quod

266 1215 289 1272 si
306 1215 340 1271 ad
355 1215 486 1288 publicae
500 1214 661 1273 securitatis
672 1220 700 1272 at
714 1214 846 1288 propriae
859 1213 1035 1272 detensionis
1049 1214 1103 1287 ius,
1117 1229 1175 1287 quo
1185 1219 1265 1273 certe
1277 1231 1317 1273 so

266 1299 355 1356 uictas
377 1300 496 1373 gaudet,
519 1303 645 1358 mentem
667 1314 853 1372 revocamus,
871 1300 972 1358 eadem
989 1299 1095 1358 ueritas
1114 1315 1191 1358 noro
1207 1301 1314 1360 robore

265 1383 473 1443 obfirmabitur.
485 1385 553 1444 h'am
568 1385 692 1457 prolecto
701 1385 821 1443 societas
836 1399 867 1443 se
875 1385 962 1442 tutari
976 1384 1062 1443 dehet
1072 1391 1173 1442 contra
1188 1386 1315 1444 reditum

265 1469 410 1543 criminis3
428 1470 512 1544 quod,
531 1471 555 1528 si
570 1471 687 1545 impune
703 1476 847 1544 patretur,
865 1471 901 1528 ad
916 1485 947 1529 se
962 1470 1124 1528 iterandum
1140 1472 1235 1528 tendit
1254 1487 1317 1545 pro-

246 1561 329 1629 -pter
342 1571 495 1629 pravorum
510 1555 658 1615 hominum
673 1555 858 1629 uoluntatem,
871 1567 945 1630 quae
959 1555 1075 1615 nonnisi
1091 1555 1248 1614 formidine
1258 1572 1319 1614 ma·

265 1639 357 1698 lorum
374 1641 522 1699 sensilium
538 1656 555 1699 a
569 1641 715 1714 peccando
731 1641 864 1699 abstinet.
880 1640 953 1699 llinc
967 1641 997 1698 iu
1013 1641 1149 1699 societate
1163 1640 1211 1698 ius
1227 1655 1320 1699 emer·

267 1724 310 1797 git
331 1725 480 1798 infligendi
495 1725 663 1784 facinorosis
688 1741 810 1800 poenam
825 1740 884 1784 non
900 1725 1146 1799 qualemcumque,
1164 1726 1216 1783 sed
1231 1726 1321 1784 talem

267 1825 340 1880 quae
351 1815 416 1882 apta
426 1813 463 1867 sit
477 1809 513 1868 ad
524 1825 599 1868 cosa
614 1810 721 1868 scelere
736 1811 928 1869 deterrendos.
941 1811 1034 1878 Quare
1043 1810 1069 1868 si
1079 1810 1222 1868 immania
1231 1827 1322 1884 quae·

145 1881 150 1894 '
201 1939 205 1946 .
267 1894 334 1950 daur
349 1892 456 1965 llagitia
469 1894 630 1952 mitioribus
646 1897 745 1968 poenis
761 1896 896 1954 nonsatis
912 1901 1110 1966 remorentur3
1127 1895 1174 1953 ius
1189 1898 1323 1970 prolecto

267 1977 322 2036 erit
336 1978 463 2035 societati
479 1993 600 2050 poenam
616 1980 768 2054 capitalem
783 1981 951 2054 adhihendi;
969 1981 1139 2054 praesertim
1153 1995 1225 2038 cum
1249 1983 1325 2042 haec
1368 1978 1369 1997 ³

268 2062 306 2120 sit
320 2061 458 2120 eiusmodi
473 2068 506 2120 ut
520 2065 703 2122 assuetudine
716 2081 776 2123 non
791 2066 939 2138 vincatur,
955 2081 1010 2124 nec
1034 2080 1115 2139 spem
1131 2065 1224 2124 ullam
1241 2067 1324 2128 dein·

267 2161 335 2220 ceps
349 2147 486 2214 evadendi
502 2149 596 2222 iaciat,
613 2156 646 2208 ut
659 2151 695 2208 de
708 2150 772 2209 aliis
786 2151 925 2224 contingit
940 2152 1049 2225 poenis.
1368 2164 1369 2229 i

305 2231 366 2289 187.
382 2232 592 2306 perpendamus
607 2236 690 2294 modo
706 2237 810 2309 quibus
826 2237 1002 2310 argumentis
1012 2236 1169 2297 adversarii
1185 2238 1267 2299 hane
1283 2244 1327 2301 to
1368 2232 1369 2293 l

267 2317 324 2376 tius
339 2319 451 2391 generis
471 2319 590 2378 humani
610 2322 781 2380 sententiam
796 2323 968 2382 labefactare
992 2325 1133 2384 nituntur.
1150 2325 1295 2386 Bercaria
1315 2329 1326 2376 t
1368 2336 1369 2353 ²

166 2463 172 2470 ,
268 2409 297 2462 at
312 2403 448 2462 Bentlram
464 2408 478 2452 2
493 2406 564 2466 haee
579 2406 734 2466 obiiciunt:
757 2408 778 2465 1.
795 2408 842 2465 lus
857 2408 951 2467 civilis
969 2410 1116 2483 potestatis
1131 2412 1272 2484 exsurgit
1287 2428 1328 2472 ox
1368 2474 1369 2479 ,

235 2523 238 2526 -
269 2490 467 2550 coniunctione
488 2491 594 2550 inriunr
616 2492 795 2566 singulorum
810 2493 933 2566 civium,
950 2495 1002 2567 qni
1016 2500 1127 2568 partem
1142 2494 1279 2569 aliquam
1295 2482 1330 2579 iri
1368 2482 1369 2553 Ῠ

269 2591 412 2635 summam
435 2577 572 2650 colligunt
595 2578 628 2635 ad
653 2577 788 2636 socialem
810 2577 1006 2636 auctoritatem
1026 2578 1276 2639 constituendam.
1294 2586 1331 2641 ht
1368 2574 1369 2633 ἶ

250 2721 252 2724 .
267 2662 379 2720 veroin
394 2662 539 2737 propriam
554 2663 643 2720 vitam
661 2677 747 2720 nemo
760 2662 807 2720 ius
823 2662 917 2721 hahet.
934 2663 1006 2736 llrgo
1020 2663 1129 2722 adstrui
1142 2665 1251 2737 nequit
1267 2668 1329 2728 ori-
1368 2660 1369 2741 ξ

268 2759 318 2819 go,
334 2763 372 2805 ex
386 2762 443 2820 qua
456 2746 502 2805 ius
516 2745 596 2804 necis
613 2745 774 2805 incivilem
796 2750 965 2820 potestatem
984 2747 1138 2806 derivetur.
1159 2747 1193 2806 11.
1210 2749 1293 2810 hlors
1311 2739 1332 2814 ‘a
1368 2766 1370 2817 t

267 2830 386 2889 nefariis
399 2831 564 2890 hominihus
578 2845 762 2906 nequaquam
775 2831 935 2906 concipitur
948 2836 1097 2906 tamquam
1106 2832 1257 2893 malorum
1274 2825 1332 2896 ex*-
1368 2828 1369 2907 ἶ

269 2919 408 2989 tremum;
426 2916 611 2989 siquidemiis
629 2917 685 2975 vita
700 2919 759 2976 iam
772 2919 867 2991 grauis
876 2923 920 2977 est
934 2923 1048 2991 propter
1063 2933 1219 2978 aerumnas
1231 2925 1264 2978 et
1275 2937 1332 2994 pe-
1368 2918 1369 2993 j

266 2999 359 3058 ricula
369 2999 473 3074 quihus
488 3001 601 3060 assidue
616 3002 754 3060 subiacet.
767 3003 807 3060 hd
817 3019 866 3061 eos
881 3002 967 3076 igitur
981 3003 1164 3062 deterrendos
1179 3015 1326 3078 opportu-

267 3099 323 3143 nus
344 3085 436 3158 magis
455 3085 508 3144 erit
529 3086 681 3146 diuturnus
705 3103 812 3147 carcer.
829 3089 873 3147 lll.
890 3088 1061 3162 Supremam
1085 3088 1267 3163 supplicium
1287 3095 1329 3151 si·

266 3170 460 3229 militudinem
474 3173 630 3244 praesefert
644 3173 801 3247 homicidii,
814 3173 889 3248 quud
899 3173 935 3232 de
945 3173 1087 3233 industria
1097 3178 1125 3231 et
1136 3179 1242 3247 pacate
1258 3192 1326 3250 per·

268 3259 405 3327 patretur.
422 3255 559 3329 Exemplo
573 3257 661 3331 igitur
676 3274 727 3316 suo
743 3259 778 3317 ad
793 3259 929 3317 delictum
943 3257 1037 3331 potius
1052 3257 1199 3317 intuentes
1216 3260 1323 3320 allicit.
1368 3280 1369 3283 ¹

268 3338 311 3396 ll.
324 3339 454 3399 societati
469 3341 567 3401 utilior
581 3348 624 3401 est
637 3343 696 3402 rita
706 3344 844 3418 nocentis,
861 3359 936 3417 quae
950 3343 1042 3402 labori
1056 3343 1217 3418 addicatur,
1229 3361 1324 3420 quarn
1368 3400 1369 3429 p

268 3439 346 3484 mors
360 3425 492 3500 violenta,
511 3443 584 3502 qnae
599 3427 746 3488 individuo
764 3429 845 3488 illam
859 3429 961 3504 privet.

305 3511 470 3586 Respondeo
485 3512 608 3586 primam
623 3513 820 3573 difficultatem
837 3515 908 3574 falso
923 3515 1053 3576 laborare
1070 3516 1227 3592 supposito.
1253 3521 1325 3580 Tota

267 3599 347 3657 eninr
361 3605 468 3673 quanta
483 3603 541 3672 est,
558 3600 724 3660 houssearti
738 3601 889 3676 hypothesi
904 3602 1005 3662 nititur
1025 3604 1176 3664 statuentis
1193 3609 1326 3668 auctori·
1368 3622 1369 3635 ¹

270 3689 390 3744 talama
408 3685 521 3744 iuribus
541 3685 758 3747 individuorum
779 3687 961 3750 derivarint
982 3705 1036 3751 nos
1054 3690 1328 3755 demonstravimus

313 3870 324 3919 l
343 3871 388 3923 net
401 3871 480 3922 dettttt
493 3889 505 3922 e
518 3873 577 3926 delle
589 3889 659 3940 penei

313 3949 329 3992 2
346 3951 448 3998 Oearree
461 3953 478 3995 t.
496 3951 527 4009 lla
