2767 4492
502 329 579 374 runis
598 331 740 378 neruum
1089 311 1141 377 ion

105 423 180 481 lurae
190 421 382 496 praeceptum,
394 413 470 492 quod
485 415 586 476 ceteris
601 416 735 476 omnibus
745 432 803 477 non
813 419 897 478 modo
911 415 1047 493 dignitate
1062 428 1143 492 prae

104 505 184 578 cellit,
202 507 250 565 sed
269 506 354 564 etism
365 502 475 576 origine
486 502 646 560 antevertit.
663 501 745 561 Nulla
758 504 837 563 euim
851 509 894 563 est
906 503 1016 563 homini
1027 507 1085 562 tem
1099 519 1143 564 es·

105 591 229 650 sentiatis
245 589 355 662 relatio,
366 602 453 663 quum
463 587 513 645 illa
523 601 596 661 quae
611 586 780 660 ipsumcum
790 587 846 646 lieo
856 588 988 661 devincit,
1000 594 1146 663 tamquam

104 692 168 736 oum
182 691 315 750 suprema
332 673 460 733 eiusdem
475 685 562 730 causa
577 677 605 729 et
616 670 717 730 ultimo
731 671 798 731 line.
814 673 885 732 iiam
899 672 1057 745 ontologica
1079 689 1144 733 con·

105 761 280 833 sideratione,
297 759 413 834 quaevis
423 755 480 815 alia
488 755 597 827 relatio,
607 771 664 829 qua
675 755 747 815 ioris
756 757 875 815 aflectus
884 757 969 817 lromo
977 756 1143 833 concipitur,

105 847 226 924 proiecto
245 845 307 905 eius
321 845 479 903 realitatem
494 848 522 900 et
536 841 721 900 existentiam
731 841 873 901 subaudit.
885 843 974 901 lmmo
983 842 1044 916 ipse
1050 857 1147 917 respo-

105 937 166 990 ctus
180 929 343 1002 identitatis,
362 945 417 1004 quo
433 927 516 986 homo
538 925 574 984 ad
599 925 726 1000 seipsum
741 927 871 999 retertur,
889 926 1007 1000 cogitari
1020 941 1078 984 uon
1098 942 1147 1000 po·

7 1071 9 1078 ,
108 1024 174 1090 test3
191 1017 246 1074 nisi
263 1017 318 1074 ianr
332 1019 398 1072 aute
412 1011 441 1071 in
451 1009 564 1087 propria
574 1017 677 1070 natura
688 1009 775 1070 homo
785 1012 956 1071 constitutus
963 1011 1148 1086 intelligatur.

106 1103 138 1164 dt
151 1101 248 1161 relatio
263 1099 476 1176 dependendae,
499 1111 586 1172 quam
601 1098 750 1166 ,habemus
769 1113 787 1156 a
808 1097 874 1171 lieo,
899 1097 929 1157 iu
948 1099 1012 1172 ipsa
1033 1098 1149 1156 notione

107 1197 219 1246 nostrae
234 1185 370 1244 rsulitstis
386 1182 553 1254 imbibitum
570 1197 643 1256 quae
663 1190 749 1255 corte,
765 1189 851 1255 pmut
876 1182 906 1240 iu
922 1198 953 1242 se
978 1189 1030 1256 est,
1047 1183 1149 1257 attingi

108 1271 276 1346 cogitatione
292 1268 400 1343 neqrrit,
415 1267 482 1342 quin
497 1266 581 1325 simui
597 1267 633 1324 ad
641 1267 730 1325 Deum
741 1267 881 1326 referatur
892 1273 1038 1342 umquam
1047 1269 1084 1327 nd
1093 1268 1150 1344 pri·

108 1371 184 1416 mam
200 1361 228 1414 et
243 1355 431 1414 universalem
448 1367 564 1412 causam
581 1353 665 1412 totius
677 1351 857 1425 existentiae,
874 1351 990 1411 unicam
1005 1359 1101 1411 autom
1124 1358 1152 1412 et

6 1455 7 1474 ³
109 1440 268 1516 proximum
283 1437 458 1497 substantiae
473 1437 640 1512 spiritualis.
657 1437 729 1510 lingo
745 1437 769 1495 si
777 1437 845 1496 ordo
855 1437 1015 1497 ciliciorum
1025 1438 1153 1498 ordinem

6 1575 7 1612 ,
110 1525 238 1600 sequitur
248 1525 431 1596 relationum,
444 1539 517 1596 quae
532 1523 562 1581 in
579 1528 681 1581 natura
697 1521 871 1595 fundanium
888 1529 974 1596 certe,
992 1539 1058 1582 cum
1082 1523 1154 1582 rela-

6 1613 7 1674 ἶ
112 1611 149 1669 iio
166 1609 201 1668 ad
211 1610 299 1669 licum
315 1610 351 1668 sit
365 1609 458 1684 prima
473 1615 501 1666 ct
515 1608 643 1666 omnium
659 1607 807 1682 maxima,
824 1608 927 1681 oillcia,
946 1615 1019 1684 quac
1033 1608 1100 1670 iude
1114 1607 1154 1669 di·

6 1703 7 1730 t
110 1703 237 1766 manant,
254 1695 355 1754 ceteris
372 1693 480 1766 praeire
496 1699 524 1752 et
543 1691 713 1752 antecellere
725 1708 842 1752 necesse
857 1697 910 1751 est.

147 1781 293 1841 Praeterea
307 1781 331 1838 si
347 1779 392 1839 lex
409 1779 547 1838 nuturalis
563 1792 662 1837 norma
673 1779 814 1853 quaedam
832 1785 884 1852 est,
898 1794 971 1853 quae
981 1779 1088 1840 idcirco
1107 1781 1157 1839 ho·

109 1865 185 1947 mini,
198 1865 361 1941 imponitur,
387 1869 419 1922 ut
442 1879 509 1922 curn
529 1863 563 1922 ad
579 1863 728 1940 proprium
754 1864 842 1922 duem
857 1870 969 1939 coaptet
987 1869 1015 1923 et
1034 1865 1154 1941 dirigat3

110 1953 233 2028 proiecto
250 1949 403 2030 praecipua
418 1959 577 2024 praecepta,
595 1965 668 2023 quae
687 1949 780 2022 tradit,
792 1949 841 2008 illa
865 1941 958 2023 eruut,
975 1965 1048 2026 quac
1070 1950 1159 2011 linem

111 2041 188 2096 lruuc
203 2037 330 2110 proxime
344 2039 482 2110 spectent,
497 2042 580 2108 atque
596 2033 797 2100 immediatum
810 2035 940 2094 ordinem
963 2035 999 2094 ad
1020 2038 1154 2095 cumdem

108 2122 268 2196 imponunt.
285 2120 366 2194 Atqui
387 2119 415 2177 id
433 2125 577 2193 praestant
591 2119 687 2178 oilloia
708 2134 781 2192 quac
806 2119 972 2193 religionem
988 2121 1153 2194 efformem,

116 2211 173 2266 tota
183 2205 259 2265 euim
272 2210 435 2278 quantaque
446 2211 521 2275 sunt,
539 2203 567 2261 in
583 2203 636 2262 hoo
654 2205 737 2278 plane
747 2209 907 2278 versantur,
920 2205 1106 2266 utlrominem
1122 2208 1159 2266 od

113 2291 213 2362 Deum,
232 2288 281 2362 qui
302 2303 369 2347 vere
395 2288 512 2346 ultimus
528 2287 653 2347 hominis
678 2289 744 2347 linis
759 2295 811 2362 est,
823 2297 966 2364 revocent,
983 2308 1049 2351 cum
1068 2310 1157 2368 eoque

113 2374 200 2434 veluti
215 2372 304 2445 ligent
319 2372 576 2460 communicatione
591 2375 715 2448 quadam
731 2375 891 2434 constituta.
910 2375 980 2449 Ergo
1003 2378 1160 2452 Religionis

114 2459 209 2522 oillcia
218 2459 310 2534 prima
320 2462 386 2516 suut
396 2463 480 2531 atque
492 2460 651 2532 praecipua,
663 2475 737 2533 quae
745 2475 763 2518 a
771 2459 834 2533 lege
843 2461 965 2518 naturali
975 2470 1157 2521 enascuntur.

153 2545 232 2613 Quod
248 2558 313 2602 cum
330 2543 369 2601 ita
385 2541 429 2616 sit,
447 2541 604 2602 luculenter
614 2551 732 2618 apparet
746 2551 884 2619 quantum
899 2545 1046 2604 averitate
1061 2547 1162 2604 deliru-

114 2632 188 2692 terit
202 2629 425 2703 Puliendorfius3
443 2629 501 2704 qui,
520 2645 586 2688 cum
601 2629 697 2688 cilicia
711 2629 836 2688 hominis
850 2646 888 2688 ex
897 2628 1038 2706 principio
1052 2631 1161 2689 sociali-

116 2718 182 2777 tatis
197 2717 336 2775 deducere
354 2714 444 2787 vellct,
467 2722 551 2789 atquc
566 2716 632 2774 iude
647 2715 819 2787 oiiiciaerga
829 2715 918 2773 ileum
935 2715 983 2772 vix
995 2720 1044 2773 aut
1058 2731 1095 2774 ue
1110 2717 1162 2776 vix

117 2801 231 2875 quidem
257 2817 287 2858 se
302 2801 431 2859 derivare
448 2817 529 2874 posse
545 2801 733 2873 conspiceret,
751 2814 878 2856 asserere
897 2814 954 2856 uon
969 2796 1111 2859 dubitavit
1129 2801 1162 2860 in

116 2885 237 2945 materia
250 2883 395 2956 religionis
405 2899 462 2941 nou
478 2883 554 2942 aliud
578 2900 595 2941 a
611 2883 734 2941 naturali
747 2883 810 2942 iure
827 2883 1001 2957 persuaderi,
1024 2885 1078 2944 uisi
1100 2886 1160 2945 cul·

119 2977 181 3032 tum
196 2966 352 3026 divinitatis
373 2967 499 3026 felicitati
514 2983 547 3024 ac
564 2966 761 3040 tranquillitati
778 2961 855 3026 vitae
873 2971 1029 3042 praesentis
1054 2971 1161 3046 optimc

119 3053 327 3114 accommodari
344 3052 368 3109 l.
386 3055 417 3112 At
431 3051 574 3126 opinionis
586 3067 680 3112 errore
698 3051 832 3128 deceptus
847 3060 899 3113 est.
912 3055 945 3114 tt
958 3057 1036 3114 enim
1050 3056 1165 3114 demon-

120 3140 284 3212 stravimus,
303 3138 459 3199 necessitas
473 3135 620 3210 religionis
634 3151 671 3195 en
686 3136 789 3196 intima
803 3143 832 3197 et
845 3138 989 3198 essentiali
1003 3141 1164 3214 dependen-

121 3223 161 3284 tia
177 3231 293 3283 naturae
309 3231 421 3284 nostrae
437 3221 529 3293 alico,
542 3229 616 3281 etex
632 3221 740 3296 ordine,
758 3239 844 3298 quem
859 3225 1004 3299 adipsum
1019 3232 1165 3299 tamquam

122 3309 158 3368 ad
174 3309 306 3368 ultimum
332 3309 419 3369 finem
444 3309 593 3383 habemus,
619 3308 772 3367 derivatur.
789 3309 880 3378 Quare
894 3309 957 3369 cius
981 3316 1164 3384 praeceptum

117 3395 242 3471 primurn
260 3399 345 3454 estet
364 3395 522 3456 maximum
538 3395 567 3454 in
583 3393 644 3454 inre
659 3402 777 3453 naturae
787 3395 986 3457 antecedenter
1000 3395 1037 3453 ad
1047 3411 1162 3454 omnem

122 3473 290 3555 conceptum
314 3479 474 3553 societatis3
494 3493 547 3538 uec
572 3479 633 3537 elus
658 3479 753 3538 ollicia
774 3479 812 3538 nd
833 3480 997 3538 societatem
1011 3495 1078 3538 cum
1102 3479 1166 3537 aliis

123 3568 256 3627 omuibus
270 3566 447 3626 retinendam
457 3569 593 3640 spectant,
610 3565 659 3624 scd
671 3566 709 3623 ad
722 3563 848 3623 debitam
863 3565 1027 3624 servitutem
1042 3571 1070 3623 ct
1084 3564 1164 3622 ohse-

125 3653 224 3728 quium
238 3651 294 3712 Deo
309 3649 521 3726 praestandum.
537 3647 705 3710 Hincetiam
716 3649 822 3710 inseres
831 3649 979 3709 stultitiam
994 3665 1102 3717 eorum,
1119 3649 1169 3723 qui

126 3737 317 3800 dehonestate
332 3735 455 3800 naturali
470 3734 635 3814 gloriantur,
661 3733 797 3812 religione
812 3739 991 3813 contempta,
1013 3739 1042 3796 et
1055 3733 1167 3798 honesti

173 3919 184 3967 i
205 3923 238 3968 De
253 3901 448 3982 aperitionem
463 3925 484 3974 el
498 3920 556 3972 mois
569 3917 612 3985 lib,
628 3919 652 3980 l,
667 3936 716 3984 cup.
732 3920 756 3984 5,
771 3917 798 3984 ὃ.
814 3917 852 3971 li.
