2767 4492
455 345 533 416 runbs
548 346 689 394 minumus
1045 333 1098 400 289

60 454 95 498 ne
109 437 131 497 si
144 435 247 496 civium
262 433 404 494 honestati
418 436 513 492 cetera
527 431 720 506 adiungantur
734 433 818 509 bone,
830 449 868 495 ex
882 435 989 512 quibus
1004 435 1096 496 virtus

62 523 142 582 ueluti
154 519 311 592 materiam,
327 519 358 577 in
374 532 431 592 qua
446 531 476 575 se
490 523 632 590 exerceat,
648 522 797 578 mutuetur
812 521 848 579 ad
862 521 923 581 vim
937 536 1021 581 suam
1035 537 1095 581 am-

60 607 142 682 pliore
156 620 223 680 gyro
238 603 449 678 explicandam3
460 601 570 660 nemini
585 601 707 660 dubium
721 603 775 662 erit
784 605 855 678 quin
865 607 984 666 societas
997 606 1044 666 bis
1057 607 1098 667 lo·

61 691 150 765 cupies
163 690 245 749 alteri
260 687 405 761 societati,
422 699 496 760 quae
511 686 571 744 sola
585 685 689 746 virtute
704 685 825 761 polleat,
842 691 1002 749 antecellat.
1022 692 1056 750 llt
1071 692 1097 752 si

60 775 184 836 omuibus
199 773 263 833 aliis
278 770 494 844 amorrhaeis,
510 770 614 829 uirtute
638 774 735 830 autem
749 771 794 830 uel
813 778 909 832 careat
931 774 978 833 rel
997 774 1097 838 leviter

59 861 205 932 imbuatur,
221 859 305 932 longe
321 856 439 916 interior
454 853 607 914 habebitur
621 869 656 914 ea
670 855 819 930 societate,
837 856 993 931 quaelicet
1006 858 1098 919 omni-

58 946 109 1004 bus
123 944 182 1004 aliis
197 943 280 1002 bonis
294 941 446 1012 destituta,
460 939 566 998 virtute
583 944 680 998 maren
696 940 734 999 sit
747 946 907 1014 praestans.
931 941 1006 1005 llaec
1020 943 1099 1002 enirn

57 1045 151 1105 reapse
164 1029 262 1093 linem,
276 1032 429 1100 assequuta
444 1029 520 1084 esset
533 1038 567 1083 ae
583 1023 749 1083 dulcissima
774 1025 979 1100 tranquillitate
992 1025 1098 1099 gaude·

55 1121 111 1186 ret,
127 1129 197 1189 quae
212 1127 269 1171 non
284 1111 400 1170 aliunde
414 1125 502 1184 quam
516 1125 534 1168 a
548 1109 654 1170 virtute
669 1109 834 1184 ingenerari
848 1115 957 1185 potest3
972 1109 1041 1169 licet
1054 1126 1098 1170 ce-

55 1200 119 1259 teris
133 1199 258 1272 privetur
275 1195 468 1267 adminiculis,
485 1195 591 1268 quibus
604 1194 673 1254 ordo
687 1195 822 1269 moralis,
838 1211 897 1254 non
911 1196 1054 1255 intrariae
1068 1205 1097 1255 et

55 1284 144 1358 quoad
157 1281 342 1356 qualitatem,
355 1280 404 1339 sed
414 1278 557 1338 eateasioe
568 1283 679 1338 tanturn
693 1284 723 1338 et
733 1280 825 1354 quoad
834 1279 1035 1354 quantitatem
1048 1295 1097 1339 ou·

26 1367 30 1374 '
53 1369 148 1443 gestit.
159 1369 250 1436 Quare
262 1368 376 1426 uirtutis
387 1366 569 1426 incolumitas
584 1371 613 1425 et
623 1365 836 1425 incrementum
851 1380 1033 1442 summopere
1043 1367 1096 1425 im·

53 1452 214 1528 perentibus
228 1452 306 1510 cordi
321 1467 383 1510 esse
398 1451 492 1510 debet.
514 1453 549 1510 tt
562 1452 624 1511 sine
643 1451 749 1525 pietate
763 1466 833 1524 erga
848 1451 956 1525 benna,
973 1450 1024 1524 qui
1039 1451 1096 1509 vir·

52 1538 118 1597 tutis
133 1537 194 1594 lons
212 1543 256 1595 est
269 1542 298 1594 ei
307 1535 483 1610 principium
497 1541 526 1595 et
535 1537 571 1594 ad
581 1536 664 1595 euius
673 1535 845 1609 obsequium
857 1539 945 1592 totum
955 1539 1096 1608 mantum

51 1635 95 1682 est
108 1623 240 1681 honestae
253 1621 329 1680 vitae
349 1621 519 1680 exercitium
541 1621 682 1695 relertur3
710 1619 853 1695 quomodo
867 1618 981 1678 uirtutis
1001 1617 1096 1677 aedili·
1142 1637 1145 1642 ·

51 1709 127 1766 cium
142 1707 171 1765 in
186 1705 336 1766 bominum
351 1704 486 1764 societate
500 1705 658 1764 subsistet?

89 1791 234 1865 benique,
251 1805 317 1849 eum
336 1789 481 1848 humanae
503 1788 692 1848 imbecillitati
706 1790 856 1849 cautiones
874 1795 1049 1865 opportunae
1068 1795 1097 1848 et

48 1876 192 1952 praesidia
214 1875 406 1949 requirantur,
433 1873 613 1948 potissimum
638 1888 704 1932 cum
727 1875 763 1932 de
786 1874 968 1935 multitudine
992 1873 1096 1948 agitur,

50 1975 125 2035 quae
146 1965 250 2019 natura
273 1975 325 2018 sua
338 1957 484 2018 mutabilis
499 1963 542 2017 est
556 1963 585 2018 et
599 1958 635 2018 ad
650 1959 804 2018 labendum
823 1973 931 2032 prona3
953 1958 1100 2017 enascitur

46 2045 116 2103 lrinc
130 2043 257 2103 oilleium
272 2044 303 2102 iu
320 2043 512 2116 gubernatore
528 2043 670 2102 societatis
679 2043 845 2102 remouendi
859 2042 988 2117 pericula
1007 2049 1037 2102 et
1051 2058 1098 2102 oc-

47 2129 177 2188 casiones
192 2126 484 2202 quaepatrimonium
499 2125 628 2198 uirtutis,
646 2141 705 2200 quo
728 2129 848 2187 societas
868 2128 988 2202 fruitur,
1006 2128 1037 2187 in
1053 2128 1097 2186 di-

47 2214 173 2273 scrimen
188 2225 289 2270 vocare
303 2214 428 2282 possent.
445 2209 516 2266 Hine
530 2209 576 2266 ius
590 2209 631 2267 illi
646 2217 689 2269 est
713 2213 883 2285 probibendi
904 2229 942 2272 ne
965 2227 1099 2273 sermone

45 2303 98 2356 aut
112 2295 224 2368 scriptis
239 2293 310 2351 laisa
330 2293 463 2364 dogmata
479 2297 681 2366 proponantur,
708 2311 782 2366 quae
806 2298 936 2355 moribus
956 2297 1094 2364 alliciant,

44 2397 101 2440 nec
117 2385 254 2438 externae
268 2376 394 2435 actiones
412 2376 484 2434 fiant
496 2391 571 2449 quae
594 2376 765 2435 ollendieulo
794 2379 853 2436 sint
871 2381 983 2439 ceteris.
1000 2383 1096 2455 Neque

42 2465 76 2523 in
92 2463 147 2521 hoc
161 2462 248 2520 ullius
263 2460 309 2519 ius
326 2465 376 2518 aui
391 2459 507 2519 libertas
524 2459 655 2518 laeditur.
668 2459 780 2518 Etenim
796 2460 869 2518 nulli
885 2461 1006 2520 facultas
1019 2477 1037 2521 a
1050 2481 1096 2522 ra·

45 2546 197 2607 tionelleri
212 2549 262 2604 aut
275 2545 399 2604 liberum
425 2559 488 2604 esse
507 2548 600 2618 potest
619 2548 652 2602 ut
670 2543 735 2602 aliis
749 2549 872 2618 noceat,·
898 2549 982 2604 nocet
1001 2550 1098 2605 autem

40 2633 99 2691 boc
114 2631 186 2705 ipso,
204 2629 279 2704 quod
295 2631 405 2689 actione
421 2645 475 2688 sua
489 2629 560 2688 alios
575 2628 605 2686 in
624 2625 787 2702 pericnlum
812 2628 937 2687 adducit.
957 2630 1047 2689 immo
1065 2631 1096 2690 id
1179 2621 1188 2632 ⁵

41 2717 80 2776 ad
93 2717 223 2775 orarium
238 2717 439 2791 pertinetque
456 2718 565 2772 tenetur
579 2711 700 2771 societas
713 2710 892 2786 singulorum
907 2713 972 2772 iura
995 2714 1094 2786 totam

38 2802 88 2860 ius
104 2802 184 2860 enim
200 2801 304 2873 cuique
318 2805 370 2870 esi,
387 2803 419 2857 ut
436 2797 608 2872 supradixi,
625 2795 792 2856 remouendi
816 2795 932 2871 obiices,
949 2797 999 2873 qui
1023 2798 1098 2857 reri·

41 2883 94 2942 tati
110 2891 140 2942 et
154 2883 253 2942 virtuti
267 2889 459 2956 opponuntur,
478 2897 511 2940 ae
527 2881 692 2940 destruendi
707 2880 871 2940 occasiones
885 2897 903 2940 a
932 2881 1037 2956 quibus
1050 2883 1096 2955 ζοΙι

38 2969 175 3029 nativam
189 2967 309 3026 bomani
327 2967 441 3040 genens
465 2965 650 3039 fragilitatem
670 2964 756 3026 iacile
771 2966 809 3026 ad
823 2965 927 3026 laisum
941 2971 971 3027 et
987 2967 1097 3027 malum

38 3052 278 3126 amplectendum
295 3051 398 3109 adduci
414 3055 518 3126 posset.
567 3103 570 3108 .

77 3137 123 3194 Ex
138 3151 205 3210 quo,
218 3141 250 3194 ut
265 3135 386 3210 quisque
401 3136 478 3194 uidet
491 3135 612 3194 incultas
627 3137 789 3197 auctoritati
816 3138 976 3198 innascitur
996 3153 1097 3198 censu·

35 3235 90 3279 rae
107 3221 205 3294 quoad
221 3219 308 3278 libros
324 3219 436 3294 publice
456 3219 580 3279 edendos
595 3225 624 3279 et
648 3220 766 3294 quidem
785 3223 1001 3298 praeoaatioaa.
1029 3223 1099 3282 tlon-

35 3311 218 3365 sentaneum
232 3305 311 3365 enim
327 3306 419 3380 magis
431 3311 515 3366 estut
529 3306 614 3380 mala,
633 3307 727 3381 quoad
741 3307 805 3366 lieri
821 3311 1098 3383 potest,antequan1

35 3390 191 3463 eueniant,
209 3394 375 3458 caueanlur,
396 3407 484 3465 quam
498 3397 649 3467 postquam
659 3392 824 3466 acciderint,
836 3398 1011 3466 resecantem
1022 3395 1099 3467 qood

33 3489 130 3548 saepe
147 3475 280 3548 arduum,
293 3489 378 3549 saepe
393 3476 481 3534 etiam
497 3476 599 3535 inutile
613 3491 675 3536 esse
695 3477 776 3534 solet.
794 3477 873 3545 Quod
886 3490 954 3535 uera
968 3477 1098 3536 nonnulli

34 3565 214 3634 opponunt;
231 3561 273 3619 sic
289 3561 348 3619 vim
361 3559 518 3620 intellectui
529 3561 638 3630 inlerri,
657 3561 849 3635 ineptumest.
859 3561 1007 3621 Nouenim
1016 3575 1099 3620 mens

34 3643 173 3716 cogitare
188 3643 311 3718 adigitur
323 3649 404 3718 prout
419 3645 571 3703 auctoritas
586 3644 675 3718 iubet,
694 3646 745 3703 sed
761 3645 960 3704 tantummodo
979 3650 1099 3704 externa

33 3729 118 3787 actio
130 3730 306 3804 prohibetur,
324 3745 360 3788 ne
370 3729 433 3803 quis
444 3731 520 3803 quod
529 3729 667 3789 delirante
682 3730 780 3789 auimo
794 3730 979 3804 iorleagitat,
999 3730 1099 3804 ipubli·

34 3825 72 3868 ce
92 3814 376 3888 manifestetmogoo
391 3813 532 3872 societatis
546 3813 692 3888 periculo;
709 3829 795 3873 nemo
810 3820 907 3874 autem
922 3814 1033 3873 inficias
1043 3814 1097 3873 ibit

32 3898 184 3964 externas
195 3898 329 3972 actiones,
347 3913 419 3976 quae
433 3899 508 3964 bono
523 3899 621 3964 sociali
640 3899 770 3963 intensae
794 3899 1020 4045 sintdrublicae
1044 3914 1094 3961 au-
