2767 4492
519 275 593 322 PARS
610 275 730 324 urent

512 423 682 508 turrenses
700 446 734 507 ll,
763 527 766 535 Ι

380 597 383 605 ’
405 615 444 675 m
458 615 832 676 mitruononmomu.

126 788 171 847 33.
195 789 310 863 scopus
324 787 428 846 mentis
441 793 555 847 nostrae
570 788 600 846 in
619 788 768 845 ueritatem
782 788 913 848 conantis
927 787 953 846 is
974 791 1037 862 ml,
1054 793 1088 850 ut
1101 805 1145 849 re-

93 887 158 930 rum
173 879 290 932 certam
304 873 522 947 euidentemque
537 872 667 931 notitiam
677 887 896 944 consequamur.
917 873 974 946 ige
988 873 1048 932 iam
1061 874 1146 934 certi·

92 955 208 1015 lodoin
228 959 356 1030 quadum
377 957 576 1015 immobilitate
592 957 697 1014 mentis
716 955 829 1014 obiecto
842 957 1023 1016 adhaerentis
1033 957 1148 1031 proprie

92 1039 148 1097 situ
163 1047 217 1100 est.
237 1042 475 1114 Significatenim
491 1041 627 1114 quictem,
640 1055 789 1113 quomens
798 1039 931 1112 elicitur,
944 1043 973 1100 in
984 1042 1147 1115 cognitione

92 1139 183 1197 quum
200 1125 368 1198 acquisivit.
386 1125 462 1192 Quod
479 1131 575 1181 eutem
585 1124 726 1182 eiusmodi
737 1124 819 1196 quies
829 1126 917 1182 menti
929 1135 1089 1199 competere
1099 1126 1147 1184 dc·

90 1209 168 1277 beot,
182 1209 383 1266 clarissimum
396 1213 448 1265 est.
466 1207 536 1264 Num
551 1207 644 1264 omnis
662 1207 789 1280 potentia
804 1208 978 1280 conquiescit
992 1210 1021 1267 in
1037 1225 1145 1283 posses·

90 1291 177 1350 sione
194 1291 269 1348 boni
283 1291 320 1348 ed
329 1290 405 1362 quod
422 1289 521 1360 lendit3
538 1289 645 1346 bonum
659 1293 754 1346 aulem
764 1289 869 1346 mentis
883 1295 927 1348 est
939 1292 1000 1349 veri
1014 1292 1146 1364 cognitio.

87 1377 270 1446 Cumigitur
280 1390 362 1434 mens
373 1374 534 1446 ussconitur
544 1373 735 1444 cognitionem
747 1374 816 1445 veri,
829 1373 891 1431 lieri
906 1389 963 1432 non
973 1381 1064 1448 potest
1076 1377 1148 1448 quin

89 1458 219 1532 expleta
235 1473 274 1515 ex
287 1458 341 1514 buc
358 1463 436 1530 purte
463 1455 624 1528 tendentia,
644 1470 793 1530 quomens
807 1455 842 1514 ud
856 1455 926 1514 illud
941 1456 1103 1528 terebatur,
1118 1457 1150 1516 in

88 1543 157 1601 cius
174 1542 334 1615 adeptione
348 1541 472 1614 quietem
488 1541 623 1613 inveniat,
639 1540 714 1599 idest
722 1541 892 1599 certitudine
907 1540 1037 1614 gandeat.

126 1627 163 1684 lit
177 1626 320 1699 quoniam
332 1625 468 1682 certitudo
483 1639 520 1682 ex
535 1630 601 1682 actu
615 1625 719 1683 mentis
737 1625 775 1682 nd
788 1625 884 1698 ipsum
899 1623 1051 1697 obiectum,
1068 1627 1144 1698 qnod

89 1711 260 1786 respicitur,
278 1711 423 1768 transferri
438 1710 516 1782 solel;
531 1709 596 1768 binc
611 1709 642 1768 in
657 1709 828 1768 obiectivum
843 1708 989 1782 dividitur,
1001 1715 1031 1767 et
1052 1710 1147 1768 subie-

91 1797 212 1854 ctirem.
222 1796 341 1854 Nomine
356 1795 535 1853 certitudinis
545 1793 702 1853 obiectivue
713 1793 1038 1866 intelligiturrtobiiitos
1047 1794 1149 1854 obiecti

92 1890 160 1938 orto
175 1897 214 1942 cm
231 1880 341 1938 motivo
358 1879 398 1937 od
415 1894 567 1936 oscensem
579 1879 728 1952 trahente,
743 1879 861 1937 nomine
882 1893 949 1936 rero
965 1877 1145 1939 certitudinis

91 1965 275 2023 subiectivae
285 1965 451 2037 intelligitur
461 1963 607 2022 stabilitos
617 1963 712 2037 ipsius
724 1979 858 2020 assoricus
867 1963 971 2021 obiecto
988 1961 1147 2022 odtmren

92 2049 128 2105 tic
143 2059 275 2124 propter
289 2048 435 2106 creticum
446 2063 504 2121 ooo
520 2048 662 2105 obiectum
677 2047 831 2120 firmatur.
849 2045 893 2104 Sic
910 2046 1026 2104 libertus
1047 2046 1147 2106 bume-

90 2147 137 2198 ιιι,
149 2133 247 2191 animi
262 2133 438 2206 simplicitas,
457 2137 647 2205 sexcentenus
662 2132 727 2201 eliu,
740 2147 792 2205 per
805 2147 835 2188 se
851 2131 988 2202 inspecta,
1006 2129 1146 2190 obiective

91 2217 328 2277 certsdicuntnr.
344 2215 483 2274 indicium
495 2231 569 2288 vero,
583 2231 639 2290 quo
656 2231 739 2274 mens
756 2215 796 2274 ite
810 2215 856 2273 bis
870 2213 989 2272 obiectis
999 2216 1144 2284 adimeret,

90 2308 122 2358 ut
137 2303 226 2362 simul
238 2303 384 2361 existimet
393 2317 427 2361 es
438 2301 519 2360 aliter
528 2317 591 2362 esse
602 2317 660 2361 non
671 2315 763 2376 posse,
781 2299 980 2359 certitudinem
1000 2300 1054 2357 tibi
1066 2301 1147 2358 exbi-

91 2383 140 2444 bet
154 2388 361 2446 subiecturum.

127 2469 257 2546 Utrumne
276 2471 414 2529 certitudo
433 2471 555 2545 dispesci
573 2477 665 2544 potest
681 2469 713 2526 in
730 2467 974 2541 metnpbysicum,
997 2468 1145 2541 physicum

91 2561 119 2613 et
133 2560 288 2616 moralem.
305 2558 375 2614 Nam
387 2561 447 2614 tum
467 2557 587 2613 tirmiter
601 2552 801 2623 adhaesionis,
820 2557 879 2609 tum
890 2550 1032 2610 stabilitus
1045 2553 1145 2613 motivi

92 2639 127 2696 ad
138 2641 437 2717 assensumtrabontis
452 2639 566 2696 lunduri
583 2637 732 2709 potcstrel
747 2636 779 2693 in
794 2636 856 2708 ipsu
873 2637 915 2695 rei
938 2641 1041 2695 nature
1053 2653 1144 2696 nexu·

91 2737 146 2795 qtre
161 2726 360 2800 praedicatum
375 2725 449 2781 inter
462 2721 679 2792 subiectnmque
695 2720 857 2776 necessario
874 2719 1077 2791 intercedente,
1098 2723 1145 2779 uel

92 2806 475 2869 fundaturinconstuntlbus
485 2809 602 2860 neturus
613 2801 725 2874 legibus
734 2805 764 2856 et
775 2800 840 2856 lacti
849 2799 940 2872 ipsius
948 2801 1143 2872 experientia,

91 2892 134 2949 vel
146 2888 419 2964 deniqueiuudetur
434 2886 629 2942 inhominum
641 2880 804 2938 testimonio
818 2885 902 2950 atquo
913 2879 1024 2950 legibus
1038 2881 1143 2952 quibus

91 2972 218 3032 hnmani
233 2983 326 3028 mores
348 2971 549 3036 temperantur.
567 2965 673 3020 Horum
688 2962 714 3017 si
733 2960 860 3030 primum
874 2959 1038 3034 contingat,
1061 2963 1144 3021 certi-

91 3057 163 3113 tudo
178 3048 447 3121 erltmetapnysicn,
463 3051 496 3103 ut
515 3046 544 3102 in
560 3043 604 3102 bis
619 3041 796 3102 veritatibus:
807 3049 901 3100 totom
909 3044 1011 3103 molus
1021 3053 1062 3104 cst
1074 3061 1145 3121 por-

90 3147 127 3210 te,
141 3153 206 3196 noo
221 3133 315 3192 dolor
329 3131 442 3206 effectus
450 3129 514 3188 sinc
530 3143 630 3186 odoro.
649 3127 698 3186 Sin
717 3127 838 3186 altemm
860 3127 986 3200 eveniet,
1008 3129 1145 3193 certitudo
1170 3140 1175 3150 ·

93 3224 148 3280 erit
161 3218 300 3297 physico,
313 3222 344 3274 ut
359 3215 452 3289 quood
473 3213 524 3271 bus
540 3213 755 3287 propositiones:
772 3213 904 3271 esistunt
915 3227 1049 3288 corporo,
1065 3214 1144 3291 ionis
1232 3213 1237 3221 '

94 3306 224 3380 stipulae
241 3301 379 3362 admotus
395 3299 481 3358 ittam
502 3298 658 3358 comburet.
680 3297 708 3356 Si
723 3297 846 3372 deniquo
865 3297 982 3358 tertium
1001 3299 1139 3372 babetur,

96 3389 235 3448 certitudo
246 3387 301 3447 erit
317 3385 452 3458 moratis,
470 3390 502 3443 ut
516 3383 546 3443 ln
565 3383 610 3443 bis
629 3382 754 3443 indiciis:
772 3379 881 3441 eaeor
898 3381 1002 3457 extitit,
1018 3383 1142 3444 Akron·

99 3471 150 3530 der
164 3474 269 3532 Persas
282 3471 444 3530 debellauit.

132 3555 280 3616 Evidenlia
297 3555 403 3628 pariter
418 3555 448 3612 in
463 3553 636 3612 obieclivom
655 3551 791 3613 tribuitur
804 3555 833 3610 et
845 3553 1046 3612 subiectiocm.
1069 3555 1139 3614 Nem

99 3639 234 3698 motivum
249 3638 397 3697 infallibile
413 3638 535 3711 quadum
550 3637 637 3695 veluti
652 3637 715 3696 luce
729 3637 763 3695 in
777 3651 809 3694 se
825 3637 1013 3710 collustratur,
1025 3643 1053 3695 et
1071 3654 1139 3712 que·

101 3715 167 3779 dam
182 3721 335 3798 capacitate
353 3721 438 3795 pollet
448 3721 601 3794 apparendi
617 3720 772 3780 intellectui
786 3726 891 3794 nostro,
912 3721 936 3780 si
952 3721 1046 3781 eidem
1067 3723 1138 3781 obii·

101 3799 199 3882 cietur.
214 3809 287 3868 llaec
301 3807 352 3868 lus
365 3806 508 3868 obiectum
521 3805 659 3879 alliciens,
675 3821 727 3868 seu
740 3805 826 3868 sum
839 3805 912 3867 baec
923 3806 1067 3880 capacitas
1089 3820 1138 3878 op·
