2767 4492
570 383 700 430 nrrrrcrn
1119 351 1157 424 ai

116 474 210 535 dicam
224 471 299 550 quod
312 471 377 532 illae
391 472 432 532 ita
446 471 519 530 inter
532 486 563 530 se
576 474 744 546 plerumque
759 483 790 531 se
803 463 1074 545 100100010100100
1087 482 1152 529 ero·

116 559 196 634 lotio,
209 559 374 634 praesertim
388 558 412 616 si
427 554 511 632 plena
525 556 571 624 sit,
583 555 699 615 alterius
712 554 901 616 evolutionem
916 555 1058 615 excludat.
1070 553 1152 612 11010-

117 661 172 720 que
186 644 312 703 omnium
328 643 495 704 facultatum
514 641 635 701 evolutio
656 641 769 700 etiamsi
790 640 933 715 possibilis
951 646 1039 714 esset,
1056 645 1153 698 tamen

116 744 182 788 cum
201 729 299 803 angeri
316 727 421 802 iugiter
438 728 502 787 sine
517 726 574 786 1100
587 730 702 800 posset,
719 739 867 799 nunquam
881 723 916 783 ad
931 731 1040 783 certum
1059 722 1154 782 termi-

116 829 188 874 num
201 815 259 874 vita
272 813 397 873 humana
416 816 568 887 spectaret3
583 816 616 869 ut
630 810 757 870 omittam
778 808 1018 882 vicissitudinem,
1036 808 1154 867 varieta-

117 905 183 973 tem,
200 898 362 957 amissionis
375 894 494 970 melum,
511 895 653 954 delectum
667 893 826 968 potestatis,
843 897 1007 966 ceterasque
1022 891 1154 964 imperfe-

117 983 224 1043 ctiones
238 997 311 1056 onae
326 981 516 1040 evolutionem
537 979 611 1037 hanc
633 978 822 1051 comitantur;
839 991 969 1052 quaeque
983 991 1001 1034 a
1015 989 1083 1033 vero
1098 973 1155 1032 1100

118 1067 216 1126 ultimo
231 1069 329 1127 abesse
344 1065 488 1124 deberent.
500 1062 626 1137 Denique
641 1062 712 1121 haec
726 1062 822 1137 opinio
836 1062 983 1120 hominem
996 1059 1095 1119 ordine
1109 1059 1156 1117 de

117 1152 246 1211 stitutum
261 1167 294 1210 ac
308 1155 521 1226 praeposterum
535 1148 633 1208 efficit.
650 1148 721 1208 liam
734 1148 769 1219 si,
786 1153 818 1204 01
833 1153 899 1205 ante
913 1147 1053 1217 diximus,
1069 1144 1155 1202 homo

116 1237 262 1296 ordinatus
277 1237 306 1295 vi
320 1241 438 1294 naouae
452 1237 509 1306 est;
526 1232 588 1292 eius
604 1231 753 1291 facultates
765 1230 932 1289 harmonice
946 1228 1098 1304 temperari
1112 1227 1156 1285 in·

117 1325 160 1380 ter
173 1336 203 1380 se
218 1325 327 1394 oportet
339 1319 388 1392 ita,
401 1328 432 1376 01
442 1333 500 1376 000
509 1316 679 1389 dominetur,
692 1320 803 1375 ceterae
816 1321 912 1373 autem
925 1314 968 1374 illi
982 1313 1154 1373 deserviant.

116 1406 234 1464 Proinde
248 1407 356 1464 bonum
370 1404 530 1463 maximum
544 1401 580 1462 ad
595 1402 755 1477 principem
776 1401 956 1472 facultatem,
974 1399 1092 1474 quaein
1106 1398 1157 1457 ho*

116 1490 193 1549 mine
208 1490 280 1549 ratio
294 1493 354 1562 est,
375 1489 517 1564 pertinere
536 1488 638 1560 debet,
656 1492 741 1561 atque
755 1486 796 1545 ita
808 1491 842 1546 ut
855 1499 920 1544 eam
935 1484 1049 1558 expleat
1063 1488 1093 1542 et
1106 1499 1155 1542 cu·

116 1574 222 1634 mutate
236 1575 372 1648 perficiat.
391 1572 468 1641 Quod
485 1573 599 1646 quidem
613 1573 733 1644 bonum,
744 1576 777 1630 01
791 1570 984 1645 probavimus,
1001 1568 1078 1626 aliud
1093 1582 1155 1626 esse

117 1674 175 1719 000
187 1665 279 1734 polest
292 1659 349 1718 nisi
361 1658 444 1718 Deus.
457 1651 568 1717 11010000
582 1663 678 1716 autem
693 1656 841 1715 facultates
856 1655 898 1714 sic
911 1653 1003 1714 evolvi
1017 1668 1088 1727 opus
1102 1658 1155 1724 est,

117 1744 194 1802 utad
203 1745 310 1804 honum
325 1744 379 1803 hoc
394 1743 623 1816 consequendum
638 1758 689 1801 suo
704 1742 788 1800 modo
803 1741 959 1811 conferant,
971 1743 999 1797 et
1009 1738 1090 1797 iuxta
1104 1737 1157 1797 cir'·

116 1829 300 1888 cumstantias
314 1829 399 1900 vitae,
416 1828 520 1901 quibus
534 1827 620 1886 homo
637 1827 711 1886 forte
725 1826 866 1897 aflicitur,
883 1829 1089 1896 exerceantur,
1107 1826 1158 1880 aut

116 1929 207 1972 secus.
224 1914 300 1973 llnde
315 1913 404 1971 oritur
415 1917 448 1971 ut
462 1927 512 1985 pro
526 1912 628 1970 harum
644 1909 925 1970 circumstantiarum
945 1909 1082 1967 varietate
1096 1921 1157 1964 una

117 1998 209 2072 potius
219 1998 338 2056 facultas
347 2012 433 2071 qrranr
442 1996 532 2055 altera
546 1996 717 2071 explicetur3
734 1996 828 2054 debite
837 2001 934 2054 100100
944 1997 973 2052 01
983 2008 1049 2051 cum
1058 1991 1158 2051 ordine

118 2083 154 2140 ad
165 2083 260 2142 finem.
273 2083 343 2140 Nam
358 2082 383 2140 si
398 2081 470 2139 forte
484 2082 659 2155 contingeret
674 2087 706 2139 ut
718 2097 770 2154 pro
783 2095 882 2138 rerum
895 2084 1000 2138 eventu
1014 2076 1157 2138 facultatis

117 2165 238 2225 alicuius
253 2165 375 2224 evolutio
390 2179 522 2238 supremo
537 2163 1001 2236 1010101010οο10011110000101,
1018 2162 1063 2220 vel
1077 2161 1157 2221 nobi·

116 2248 180 2310 liori
190 2265 263 2323 quae
277 2248 369 2322 magis
383 2249 436 2306 1101
449 2248 589 2308 conducat
602 2249 756 2307 reluctetur
765 2267 773 2322 3
783 2249 909 2322 prudens
923 2242 998 2307 esset
1011 2253 1047 2306 et
1052 2247 1157 2306 rationi
1260 2305 1263 2312 ,

118 2333 245 2392 maxime
270 2338 492 2392 consentaneum
512 2337 544 2391 ut
562 2332 623 2392 eius
648 2331 771 2392 evolutio
794 2333 1043 2405 praetermittatur.
1068 2331 1159 2390 Immo

118 2423 185 2477 lunc
202 2417 252 2475 illa
261 2417 331 2491 'ipsa
345 2417 514 2476 evolutlouls
528 2417 655 2476 carentia
668 2417 695 2476 01
709 2416 838 2476 facultati
858 2416 1011 2476 conveniet
1023 2431 1082 2474 non
1097 2415 1159 2488 001-

117 2504 183 2562 dem
201 2501 330 2562 obsolute
351 2502 545 2562 consideratae
559 2503 609 2563 sed
623 2501 764 2570 relative,
782 2507 1092 2576 0001000000000010
1110 2500 1160 2558 scd

117 2587 240 2647 hominis
254 2587 457 2662 perfectionem
472 2595 588 2663 spectat,
599 2583 1159 2662 0100001100100010010100100000000

116 2673 391 2746 praestantissimam
406 2674 467 2734 eius
484 2674 687 2747 perfectionem
708 2673 915 2746 assequendam
930 2668 1092 2743 opitulatur.

152 2758 239 2818 Obiic.
256 2759 298 2818 tv.
314 2758 391 2820 Finis
405 2759 522 2818 ultimus
545 2760 645 2832 nequit
659 2772 722 2817 0000
736 2756 785 2830 11,
802 2757 838 2814 ad
857 2755 932 2830 quod
946 2756 1031 2812 nomo
1046 2752 1156 2811 nullam

113 2841 323 2914 proportionem
337 2843 432 2901 nabet.
448 2843 531 2915 lltqul
546 2843 640 2913 homo,
653 2846 749 2913 utpote
763 2838 871 2911 finitus,
880 2837 989 2897 nullam
999 2837 1157 2910 proportio·

116 2939 183 2983 nem
200 2925 286 2984 habet
299 2940 365 2983 cum
380 2925 448 2984 Ente
462 2925 584 3000 10110110.
601 2925 672 2996 Ergo
687 2923 719 2980 10
730 2923 870 2981 eiusmodi
885 2922 995 2981 obiecto
1010 2920 1076 2980 finis
1089 2922 1158 2981 ulti·

116 3023 181 3067 mus
194 3008 319 3066 hominis
332 3011 430 3082 reponi
446 3009 557 3081 nequit.

153 3093 235 3166 Resp.
258 3091 363 3165 Homo,
380 3093 448 3166 qrria
468 3091 606 3152 limitibus
630 3091 896 3162 circumscribitur,
912 3093 1021 3154 nullam
1043 3091 1160 3167 quidem

118 3177 327 3252 proportionem
342 3175 560 3250 magnitudinis
576 3176 611 3235 ad
627 3177 718 3234 ileum
730 3177 836 3250 habet,
858 3178 919 3236 eius
933 3178 1011 3236 enim
1025 3177 1158 3249 realitas,

118 3269 272 3334 utcumque
287 3260 348 3318 sine
362 3261 419 3320 line
435 3266 517 3320 aucta
530 3267 581 3326 aut
595 3260 783 3334 multiplicata
799 3262 947 3335 cogitetur,
958 3260 1160 3334 0000000110-

120 3347 250 3416 linitum,
268 3346 343 3420 quod
357 3351 400 3408 est
413 3347 496 3418 Deus,
512 3347 687 3422 aequiparat.
705 3348 739 3404 lt
751 3345 843 3405 habet
855 3347 1065 3421 proportionem
1080 3344 1161 3403 dobi-

121 3431 234 3494 tudinis
247 3445 297 3491 seu
319 3429 433 3490 ordinis
444 3430 630 3505 asiquidem,
651 3437 748 3505 utpote
767 3431 954 3505 intelligentia
974 3437 1004 3490 et
1016 3429 1160 3488 voluntale

118 3517 281 3593 praeditus,
298 3530 349 3590 pro
364 3515 474 3574 obiecto
488 3516 574 3575 habet
589 3531 688 3575 verum
707 3522 736 3574 01
747 3516 855 3574 bonum
869 3517 1067 3587 immetatum,
1084 3516 1159 3588 quod

120 3609 250 3661 concrete
265 3599 379 3664 nonnisi
393 3599 424 3659 in
433 3600 490 3658 ileo
505 3601 654 3673 reperitm.
671 3601 702 3660 ld
712 3606 809 3659 autem
819 3601 922 3675 oppido
931 3600 1036 3659 suflicit
1046 3604 1077 3657 01
1086 3599 1160 3658 llens

119 3701 171 3760 pro
185 3687 241 3746 line
254 3685 378 3746 hominis
399 3685 602 3758 constituatur,
619 3685 684 3744 licet
698 3703 757 3746 nou
777 3686 890 3745 infinito
908 3687 993 3745 modo
1012 3684 1064 3744 sed
1076 3684 1159 3742 finito

120 3773 230 3828 1001000
245 3770 426 3845 attingendus
439 3769 475 3828 ab
490 3785 523 3828 00
538 3769 582 3828 sil.
607 3770 662 3830 lieo
685 3770 775 3830 instes
788 3769 939 3844 iuquiens,
957 3770 1047 3829 ileum
1060 3774 1158 3843 utpote

121 3853 171 3928 qui
186 3851 307 3927 simplex
321 3860 383 3927 est,
399 3869 457 3915 non
472 3868 555 3928 posse
573 3869 631 3913 non
652 3855 814 3914 omnimode
834 3855 952 3929 percipi.
971 3854 1042 3914 liam
1056 3853 1159 3913 obiecti

121 3936 287 4012 simplicitas
302 3938 427 4004 excludit
448 3939 565 4014 nudem
584 3939 746 4005 materiales
766 3945 879 4014 pnes,
896 3955 1020 4015 numum
1038 3954 1096 4002 una
1110 3953 1156 4000 ca-

933 4025 966 4088 34
