2767 4492
242 321 295 382 tlt
684 327 848 381 amarant
1371 372 1372 377 ,

157 464 160 470 -
241 423 339 497 legum
357 416 527 497 sapientiam
545 419 595 481 sed
622 420 705 480 iuxta
724 420 835 480 arbitrii
854 415 1042 478 temeritatem
1058 414 1224 492 gubernet3
1252 416 1298 475 sic
1371 454 1372 507 l

240 507 383 581 regimina
397 511 551 581 utcumque
567 507 680 566 statutis
693 504 953 565 fundamentalibus
970 510 1126 579 temperata
1141 503 1173 561 in
1192 503 1297 561 tactio·

241 606 304 650 sam
318 592 498 666 tyrannidem
515 590 649 651 facillime
669 596 883 664 convertuntur,
909 589 966 649 nisi
984 587 1088 663 iifqui
1104 588 1214 661 legibus
1224 602 1296 646 con-

241 676 343 735 dendis
356 680 408 735 ant
421 676 598 751 exequendis
615 676 798 751 praesident,
817 690 924 750 magna
938 674 1080 749 probitate
1095 678 1243 731 ornentur.
1261 672 1296 731 lit

241 762 320 821 enim
333 760 512 837 experientia
532 762 633 834 docet,
659 777 747 836 quarn
767 760 1010 820 redamantibus
1034 758 1083 817 sed
1098 757 1188 817 oculis
1204 757 1296 816 etiam
1371 790 1372 801 ,

241 846 346 905 uostris
359 846 580 921 usurpavimus3
600 846 643 906 nit
657 847 773 906 laeilius
787 851 831 905 est
853 845 985 920 pravitati
999 843 1125 919 plurium
1139 844 1225 901 etiarn
1242 858 1295 915 gu·
1371 860 1372 869 ¹

239 931 434 1027 humentium,
450 947 538 1006 uuam
554 932 650 1005 legum
663 931 721 991 vim
737 930 959 1005 sophismatibus
974 928 1099 1001 eludere,
1120 927 1216 1001 pupuli
1232 928 1295 999 opi·
1371 956 1372 987 r

239 1015 356 1075 aionem
371 1022 541 1090 pervertere,
558 1017 648 1075 bonos
666 1032 767 1076 omnes
781 1014 1200 1110 areipublieae0011bernaculo
1214 1026 1296 1071 arce·

239 1116 281 1172 re,
298 1098 474 1173 subsanam
488 1101 612 1160 comitiis
628 1102 749 1174 pecunia
764 1104 813 1159 aut
828 1099 977 1173 promissis
990 1114 1099 1170 emere3
1117 1096 1250 1156 callidate
1266 1102 1297 1155 et

240 1184 390 1244 fraudibus
410 1174 563 1257 procurare
578 1191 610 1244 nt
623 1185 701 1259 leges
715 1187 844 1245 letantur
858 1185 990 1259 publicae
1005 1183 1139 1303 utilitati,
1162 1180 1296 1241 moribus

241 1274 270 1327 et
288 1268 426 1343 Religioni
440 1268 662 1330 intensissimae.

660 1442 880 1503 bnrvuonusll.

333 1611 371 1674 De
384 1614 491 1675 ementi
508 1613 663 1691 repimiavis
677 1615 787 1691 suetae,
805 1628 900 1691 quom
919 1612 1201 1690 repraesentativum

709 1708 821 1761 vocant.

282 1869 341 1931 168.
358 1869 496 1941 Quoniam
510 1870 642 1933 hodierni
660 1871 802 1932 societatis
815 1876 1028 1946 restauratores,
1046 1872 1177 1947 (quornm
1190 1884 1295 1930 nnme-

241 1967 301 2028 run,
329 1956 483 2030 longorum
506 1958 605 2032 instar,
631 1964 731 2032 sponte
754 1958 917 2033 sucorescit)
937 1957 1081 2033 perpetuis
1100 1956 1234 2015 laudibus
1259 1955 1297 2015 ad

242 2040 489 2101 eoelumelierunt
505 2058 595 2103 novos
619 2043 682 2103 illos
707 2060 740 2102 ao
762 2048 889 2117 repertos
912 2042 1060 2116 regiminis
1075 2042 1197 2113 ordines,
1221 2055 1296 2114 quos
1371 2056 1372 2063 ¹

240 2127 495 2201 repraesentativus
509 2130 669 2203 appellant3
697 2146 799 2204 operae
815 2130 937 2204 pretium
953 2128 1007 2187 erit
1030 2128 1077 2187 bio
1097 2144 1146 2187 eus
1168 2126 1297 2187 breuiter

242 2208 280 2267 ad
295 2210 430 2271 trutinam
442 2228 586 2273 revocare.
602 2214 811 2289 Quod'qnidenr
833 2214 947 2289 egregie
961 2213 1100 2288 praestitit
1119 2212 1297 2286 Taporellius

242 2292 355 2353 duabus
369 2296 571 2371 voluminibus,
597 2300 702 2373 quibus
725 2299 876 2359 materiam
901 2301 975 2357 bane
989 2315 1024 2358 ex
1050 2298 1127 2357 ouini
1143 2302 1223 2372 parte
1240 2297 1295 2354 eir·

240 2379 405 2453 cumspexit
417 2387 446 2441 et
461 2383 589 2443 funditus
599 2385 774 2445 examinavit
790 2387 814 2444 ⁴.
832 2386 885 2444 Nos
896 2384 945 2459 qui
956 2384 1123 2457 compendio
1131 2381 1294 2453 studemus,

244 2462 342 2537 aliqua
357 2470 468 2526 tautmn
482 2470 604 2529 summis
618 2470 706 2529 veluti
721 2470 804 2529 labiis
815 2470 996 2540 attingemus.

280 2548 382 2609 Forma
396 2552 467 2613 haee
485 2554 651 2628 regiminis,
668 2571 743 2629 qnae
758 2571 775 2612 a
791 2554 883 2613 Looke
905 2560 932 2612 ut
947 2553 1139 2627 llontesqnien
1153 2550 1296 2609 theoriam

242 2636 446 2710 primigeniam
460 2636 599 2699 derivavit
614 2643 639 2713 2,
649 2640 755 2699 ideireo
765 2640 1006 2713 repraesentativa
1018 2642 1211 2711 nuncupatur,
1225 2636 1297 2710 quia

289 2780 300 2826 i
321 2786 404 2831 litante
419 2786 501 2832 critico
517 2786 579 2845 dupli
593 2786 681 2833 ordini
697 2786 897 2846 reppreeentuttet
911 2786 1090 2834 ammudernutv'.
1108 2785 1176 2831 iturus
1192 2782 1263 2853 185).

290 2858 305 2903 2
325 2879 334 2899 ι
354 2860 424 2907 Loeire
444 2861 488 2907 tit
508 2862 580 2923 primo
595 2861 709 2909 inventore
724 2860 781 2908 della
797 2862 864 2907 truria
879 2860 1061 2922 contitutionrte,
1079 2860 1125 2906 ciui
1146 2856 1218 2920 quella
1239 2857 1299 2903 della

245 2948 255 2973 t
272 2934 388 2982 diuisione
410 2938 532 2982 neeessaria
548 2937 582 2983 de'
598 2937 641 2984 duo
655 2936 744 3001 poteri,
764 2936 781 2983 il
802 2938 931 2997 kpislatieu
952 2953 964 2982 e
985 2936 1001 2982 l'
1012 2938 1131 2983 escuntiro.
1150 2936 1190 2981 Per
1204 2932 1298 2979 tundere

245 3028 255 3050 ι
273 3016 349 3071 questa
363 3010 470 3057 divisione
483 3012 526 3073 opii
540 3013 559 3059 si
569 3028 631 3060 serve
646 3012 680 3059 de'
691 3013 796 3076 principii
812 3012 847 3059 let
859 3014 937 3059 Dirittu
948 3012 1048 3059 naturaie
1062 3010 1141 3057 odolla
1157 3010 1226 3056 teoria
1236 3009 1297 3055 della

246 3102 255 3125 ι
272 3084 528 3150 suvranitiduipup0103
546 3088 601 3151 tiob,
614 3088 750 3136 ailerntundu
761 3088 801 3135 ebo
812 3088 858 3135 solu
870 3088 886 3135 il
902 3087 981 3151 popolo
995 3086 1024 3134 lit
1038 3088 1132 3134 anturitir
1146 3085 1168 3131 di
1184 3084 1224 3131 dur
1237 3084 1298 3145 Iuppi

247 3179 256 3201 ι
274 3175 287 3206 ι
302 3163 325 3206 si
338 3166 415 3225 omaso,
431 3165 527 3225 operrid
538 3164 554 3209 il
565 3164 686 3227 principale
700 3164 774 3211 nifleiu
790 3164 827 3211 tel
839 3182 863 3211 re
878 3164 890 3210 d
904 3164 1023 3209 solamente
1038 3163 1110 3226 qneiiu
1127 3161 1149 3207 di
1165 3176 1236 3207 essere
1248 3176 1299 3205 ess·
1371 3212 1372 3223 ἵ

246 3254 256 3277 ι
273 3240 348 3282 cutura
358 3236 415 3284 delia
427 3238 493 3299 Iuppi.
509 3240 591 3294 Quinti
605 3240 630 3286 in
644 3240 676 3286 tat
690 3240 713 3287 le
728 3241 796 3288 teurit
811 3240 831 3285 si
846 3238 912 3286 fonds
925 3254 989 3285 mauu
1001 3240 1024 3284 in
1042 3254 1086 3285 uun
1103 3238 1192 3298 rupious
1208 3250 1298 3282 merea·
1371 3244 1372 3247 ’

246 3330 255 3352 ι
272 3311 330 3374 aira,
342 3311 382 3359 rba
398 3314 420 3359 ia
431 3328 476 3360 nna
491 3316 598 3361 nemin
618 3315 642 3362 di
656 3316 769 3379 principii,
787 3319 878 3363 bureau
895 3316 982 3377 politior
999 3314 1038 3361 elie
1052 3312 1295 3375 profitico-atomum,

246 3406 255 3429 ι
272 3388 373 3449 opereib
386 3388 457 3435 Loeke
471 3392 484 3435 ὲ
497 3389 525 3436 ut
541 3406 572 3436 nn
593 3395 667 3453 tempu
690 3392 845 3454 predecessore
859 3391 882 3437 di
897 3392 1049 3453 lloatesqnien
1070 3406 1115 3439 nun
1131 3404 1196 3436 meno
1219 3388 1260 3435 rire
1276 3388 1298 3433 di

247 3482 256 3503 ι
273 3464 393 3510 lloussoeu.
409 3464 444 3511 tls
460 3470 558 3527 apponte
568 3483 609 3529 per
618 3468 795 3529 qnestaemionu
811 3468 853 3528 epli
869 3483 915 3515 aon
926 3468 971 3514 i’ita
987 3468 1110 3530 svilappsta
1125 3482 1137 3513 u
1151 3464 1300 3513 determinata
1371 3480 1372 3513 t

247 3558 256 3579 ι
275 3538 303 3585 da
318 3539 368 3601 quel
383 3539 426 3586 latu
440 3542 532 3603 politico
546 3559 559 3589 u
573 3544 705 3606 meerenieo,
723 3560 783 3590 eorno
793 3544 838 3591 ieeo
850 3544 1017 3606 biontesquiett3
1033 3559 1079 3589 esu
1094 3541 1164 3588 Leuke
1179 3540 1244 3587 iniisti
1261 3556 1301 3601 po·

246 3634 256 3656 ·
274 3620 406 3661 tentetnonte
421 3616 457 3662 sni
470 3618 550 3680 modo,
567 3618 624 3668 unde
639 3619 660 3665 ia
682 3620 871 3681 ursione-inplere
887 3620 1019 3682 eorapronde
1041 3618 1067 3665 ed
1084 3626 1144 3664 altus
1166 3618 1188 3664 la
1209 3618 1302 3679 propria

248 3708 257 3731 ι
274 3692 425 3777 substitutione,
437 3709 478 3739 eun
493 3708 538 3740 non
555 3695 640 3741 minoto
656 3695 753 3742 efficacia
769 3696 922 3759 Montesquien
936 3694 1054 3743 iorrnd'sul
1067 3696 1192 3740 continente
1207 3692 1228 3737 la
1247 3692 1303 3753 upi-

248 3784 257 3807 e
275 3768 341 3814 niune
355 3768 475 3817 seiontiiien
495 3771 655 3835 nait'ersule,
649 3788 673 3818 ru
688 3774 750 3834 paim
771 3772 811 3820 rivo
826 3774 847 3819 lu
863 3790 902 3819 sna
917 3773 1013 3819 riotlrins
1028 3774 1040 3817 i
1055 3772 1159 3818 ditenuls
1170 3769 1212 3815 iu
1206 3784 1305 3829 roseum

248 3859 257 3881 ·
275 3841 301 3887 d
297 3842 310 3886 ·l
325 3844 567 3893 eosatmtoneltsmo..
587 3850 668 3895 sturia
682 3850 779 3897 delle
762 3853 872 3911 Filorofiu
888 3852 925 3899 del
942 3850 1032 3897 Dirittu
1042 3848 1089 3894 di·
1077 3849 1195 3894 Frusarco
1210 3846 1305 3893 Gronau

245 3916 374 3965 Sattttere.
391 3920 494 3970 iratiotta
508 3939 552 3970 ece.
571 3924 618 3972 tta.
636 3925 659 3989 d,
677 3942 719 3975 sea.
740 3927 762 3973 t.
