2767 4492
543 361 748 407 munonucrro
1095 339 1102 351 '
1156 349 1174 412 e

159 449 287 506 Attamen
303 446 454 530 diligenter
476 445 636 504 cavendum
647 451 690 504 ast
700 461 737 503 no
751 445 869 505 iuuenes
884 448 922 505 ad
937 448 984 507 ius
998 450 1118 508 naturae
1132 448 1174 508 di·

125 532 262 592 scendum
279 531 481 606 propellantur,
498 535 652 603 numquam
671 528 839 602 disciplinae
853 531 955 590 morali
970 535 1099 607 apprime
1114 541 1174 593 atu·

125 616 247 676 dueriut.
266 616 365 674 Oltlcia
386 614 463 672 enim
486 613 612 674 lrorninis
635 612 747 672 socialis
769 613 867 671 ollioia
885 615 1011 674 hominia
1033 617 1175 676 individui

126 701 315 772 subaudiunt,
334 716 371 758 ex
389 699 481 772 iisque
503 698 644 770 originem
660 702 688 754 et
701 697 762 754 nim
777 697 808 754 in
829 712 861 754 se
880 698 1033 757 deducunt.
1049 702 1175 774 itemque

124 786 224 858 nequit
239 790 318 842 actus
333 783 477 842 humanus
491 783 522 840 in
536 782 703 855 particulari
718 781 894 847 examinari,
910 788 995 854 prout
1008 785 1116 841 rationo
1132 786 1175 843 iu·
1265 795 1270 800 ·

45 885 47 888 ·
126 869 219 928 stitiae
234 868 361 941 singulos
371 867 522 939 adstringit
536 865 677 938 hominen,
689 865 746 924 nisi
762 871 846 924 autea
857 865 1015 937 generatim
1030 866 1175 939 inspectus

125 953 162 1012 sit
177 969 228 1026 pro
243 960 346 1011 natura
360 951 543 1024 moralitatis,
560 966 647 1024 quam
667 951 787 1009 induere
806 952 932 1023 prolecto
946 949 1046 1024 debet,
1062 956 1095 1008 ut
1108 967 1175 1011 vere

123 1037 248 1098 hominis
263 1038 300 1098 sit
313 1039 455 1112 proprius.

530 1206 700 1266 mersurus
718 1206 762 1265 lll.

299 1378 337 1436 Do
355 1379 433 1450 sonte
451 1391 487 1436 ee
504 1391 563 1450 quo
579 1377 671 1434 huius
688 1377 826 1436 acieottoc
840 1375 994 1450 principio

537 1460 748 1520 'Momentum

158 1633 216 1690 Hac
230 1631 261 1691 in
275 1647 306 1690 re
321 1632 425 1705 triplex
439 1647 518 1690 error
531 1630 617 1690 vitari
632 1631 733 1688 debet:
750 1628 968 1698 Rationalismt,
986 1629 1171 1689 traditione*

125 1716 213 1788 tmoli,
229 1716 349 1774 Sciratae
364 1716 530 1774 armoricae.

157 1800 375 1860 Rationalismue
391 1799 550 1857 absolutam
569 1798 689 1858 rationis
709 1797 980 1872 independeutiam,
997 1799 1170 1858 traditiona-

121 1883 221 1942 lisnrus
241 1884 443 1944 revelationem
465 1883 634 1956 positivam,
659 1883 760 1942 Sclaole
780 1883 916 1942 historica
941 1884 1049 1941 iactum
1072 1884 1169 1957 ipsum

122 1968 292 2028 evolutionis
311 1968 488 2026 successivae
508 1968 693 2042 populorum,
721 1971 857 2040 tanquam
876 1966 949 2025 iuris
964 1966 1058 2026 omnis
1073 1977 1102 2026 et
1115 1984 1174 2026 mo

121 2052 241 2111 rulitatis
259 2053 367 2110 ionem
388 2052 573 2110 constituunt.
597 2051 780 2124 Singulorum
800 2066 916 2108 causam
936 2051 1061 2110 breviter
1080 2052 1172 2111 diseu-

121 2137 234 2195 tlemus.

157 2221 177 2278 l.
195 2221 341 2279 Rationem
356 2236 407 2294 per
421 2237 451 2280 ee
470 2226 613 2294 sumptam
637 2219 860 2293 independenter
874 2220 911 2277 ab
926 2220 1005 2278 omui
1027 2221 1171 2279 exteriore

122 2304 185 2377 lege
200 2310 249 2362 aut
270 2304 429 2378 legislatore
450 2305 506 2362 sibi
530 2305 663 2362 sulficere
682 2304 776 2377 quoad
799 2303 976 2362 honestatem
995 2304 1080 2378 plene
1095 2304 1171 2362 dete-

121 2389 244 2461 gendam
259 2393 287 2446 et
302 2389 519 2462 explicandam
536 2405 573 2446 en
587 2388 616 2446 iu
634 2389 776 2462 praesenti
795 2389 962 2462 quaestione
980 2389 1171 2447 rationatista·

121 2489 187 2531 rum
202 2473 306 2546 dogma
322 2476 346 2532 t.
360 2474 414 2534 Sed
428 2488 477 2533 eos
492 2473 676 2534 ueheurenter
687 2472 749 2532 lalli
759 2471 805 2532 rel
816 2473 878 2545 ipsa
893 2471 1070 2530 saeculorum
1086 2487 1173 2544 expe·

122 2709 131 2731 ι
150 2688 185 2735 tal
201 2689 302 2737 Naturale
319 2691 413 2755 Diritto5
431 2689 519 2752 giacehd
540 2689 611 2752 quella
626 2691 645 2735 si
660 2689 722 2750 rolge
744 2688 832 2734 intorno
848 2685 868 2732 ai
885 2687 984 2737 doceri,
1005 2687 1081 2744 questo
1106 2681 1168 2743 paria

122 2783 131 2805 ι
149 2764 183 2810 dei
198 2766 291 2822 dimota·
306 2767 377 2828 quella
394 2767 421 2812 hu
439 2783 482 2812 una
499 2768 589 2812 materia
604 2757 897 2821 essentialmenta‘nroralo,
915 2763 991 2819 questo
1008 2759 1035 2802 ha
1052 2771 1095 2801 una
1116 2772 1167 2801 ma=

122 2857 131 2880 a
150 2841 203 2884 teria
218 2840 427 2901 eudemonoiogiea,
445 2855 505 2886 coma
521 2841 646 2900 dioemmo,
666 2853 701 2882 nra
717 2837 834 2881 informata
853 2834 880 2878 da
897 2848 941 2878 una
957 2832 1065 2878 relatione
1081 2831 1122 2877 elta
1139 2831 1167 2876 hu

122 2933 131 2955 .
150 2913 205 2957 seua
221 2915 309 2960 morare.
331 2935 340 2954 .
359 2902 470 2972 rarorum
486 2915 524 2959 nr
540 2915 638 2965 niatu,
657 2911 768 2956 inimum.
784 2909 810 2970 g.
827 2907 864 2952 ιν.
881 2908 909 2951 aa
925 2906 1024 2968 quamn·
1038 2905 1165 2950 aretinaru-

119 3004 147 3034 ns
160 2985 200 3032 laao
216 3001 282 3032 naxus
298 2991 396 3033 seruatur
411 2987 470 3031 inter
486 2985 584 3030 Ethioam
601 2989 622 3030 el
638 2985 675 3030 Ins
691 2985 794 3043 Naturae,
813 2988 886 3028 tamara
903 2982 1016 3042 utriunque
1032 2980 1122 3042 limites,
1141 2979 1169 3025 ad

118 3061 245 3108 methodum
259 3060 317 3122 quod
332 3061 435 3122 pertinet,
451 3075 495 3104 non
513 3061 574 3120 satia,
590 3060 614 3103 ui
629 3057 701 3118 latiur,
722 3057 908 3103 discriminantur.
925 3057 980 3102 Nam
994 3057 1043 3102 iura
1058 3064 1080 3101 at
1095 3055 1170 3101 officia

118 3136 245 3184 comelativa
260 3141 313 3182 sunt
328 3135 385 3180 iuter
400 3151 443 3197 ae,
459 3141 523 3196 atque
539 3135 588 3180 ideo
605 3149 648 3179 una
665 3133 784 3194 cademque
807 3131 938 3178 tractatione
957 3132 1106 3177 continentur.
1129 3132 1173 3175 Nec

119 3213 233 3259 diversitas
254 3215 384 3274 respectus,
405 3211 431 3256 ad
448 3226 513 3273 quarn
530 3215 604 3256 auctor
621 3208 738 3270 confugit,
756 3207 784 3252 ad
803 3208 920 3254 materiam
936 3206 1014 3252 irarum
1031 3207 1173 3251 scientiarum

119 3287 214 3334 dilucida
231 3287 408 3346 distinguendam
422 3285 521 3332 sufficere
538 3286 631 3332 videtur.
651 3287 698 3330 Etsi
715 3285 774 3330 enim
790 3283 869 3329 exinde
887 3283 960 3344 aliqua
977 3281 1089 3326 distinctio
1105 3279 1173 3324 deau-

118 3369 204 3426 matur3
222 3378 247 3410 ea
262 3369 334 3408 muron
349 3365 409 3407 lauta
424 3377 468 3408 non
485 3367 518 3408 eat
534 3367 558 3406 ut
572 3361 668 3408 diversas
687 3359 724 3406 det
740 3359 864 3420 seientias3
884 3372 941 3419 quaa
956 3356 1045 3417 quidam
1061 3361 1113 3400 tune
1131 3354 1172 3399 ha-

117 3441 210 3503 bentur,
227 3455 276 3486 curn
291 3445 328 3485 aut
342 3453 415 3484 rerum
430 3443 468 3484 aut
485 3438 561 3484 saltem
577 3441 714 3500 respuetuum
731 3437 824 3484 varietas
841 3437 994 3496 argumentum
1011 3425 1077 3475 unitis
1092 3429 1119 3474 ab
1134 3429 1170 3474 al-

118 3519 185 3563 terins
202 3519 329 3577 argumento
345 3513 479 3560 sufficienter
494 3513 601 3561 excludat.

165 3594 176 3638 t
198 3593 248 3640 u·L'
258 3593 353 3641 assolutu
372 3593 515 3654 praenotione
536 3591 592 3638 della
611 3591 698 3641 aeieuza
714 3606 794 3637 umana
811 3587 890 3654 (della
908 3583 1016 3649 ragione)
1037 3583 1060 3629 di
1077 3583 1171 3630 trormai

121 3687 131 3710 a
150 3668 187 3714 nel
202 3685 241 3714 auo
257 3685 308 3718 vero
324 3673 379 3715 stato
396 3684 408 3713 e
424 3668 446 3713 di
464 3682 534 3714 esame
548 3665 605 3713 abile
620 3682 632 3713 a
647 3681 762 3712 conoscere
776 3666 799 3711 di
815 3681 854 3728 par
870 3669 893 3711 aa
909 3667 961 3726 ogni
979 3665 1062 3727 aeritt5
1080 3660 1096 3706 l’
1108 3675 1171 3706 asso·

121 3762 130 3786 r
149 3744 195 3789 luta
211 3746 353 3806 pactuatione
370 3744 426 3792 della
443 3744 523 3790 morale
545 3757 625 3789 amana
641 3743 681 3788 che
696 3742 712 3787 i’
723 3758 787 3788 uomo
802 3741 1037 3804 indipendentamaute
1056 3738 1085 3799 da
1100 3737 1142 3781 Dio
1158 3749 1171 3780 e

121 3838 130 3862 r
150 3817 280 3868 dail'ordine
297 3821 377 3868 morale
396 3821 446 3867 dato
462 3819 490 3866 da
505 3820 546 3865 Dio
561 3818 624 3866 abbia
642 3818 761 3865 solamenta
776 3817 813 3863 nal
827 3833 867 3864 suo
882 3817 987 3879 pensiero
1002 3815 1019 3861 il
1035 3811 1173 3877 principiae

121 3913 134 3952 r
148 3893 166 3944 il
181 3899 301 3946 coronato
312 3895 335 3945 di
351 3897 403 3961 ogni
416 3895 517 3948 morata
531 3911 544 3947 a
558 3895 581 3948 la
596 3894 715 3959 itoolttrdi
731 3893 877 3959 adampiarla5
894 3893 937 3944 tale
943 3892 992 4031 3*ss
1002 3893 1107 3943 moen
1117 3884 1180 3975 ‘⁰¹¹3'
