2767 4492
398 308 838 368 reserarant-estanonoau
1089 301 1142 362 203

505 526 676 586 dnrrcunus
695 524 729 583 li.

350 707 519 783 systemata
531 707 671 766 idearum
685 705 875 766 innotarum.

133 902 195 962 118.
216 901 372 974 Nobiliores
385 901 546 978 philosophi
561 903 664 965 melius
678 901 715 962 de
729 899 902 976 praestantia
919 899 1008 960 animi
1022 898 1142 960 muden-

8 959 10 1052 Ι
96 991 146 1062 tes,
169 987 335 1064 empirismo
355 987 529 1045 contrarium
551 986 653 1046 cadem
673 985 810 1058 inierunt,
833 984 1019 1057 ideanrmqnc
1039 983 1142 1058 princi-

92 1075 176 1150 pium
192 1089 227 1133 ex
243 1073 352 1132 ratione
372 1073 435 1148 ipsa
453 1075 640 1147 repetendum
661 1090 724 1135 esse
740 1073 907 1132 durescit
925 1071 1053 1148 plerique
1074 1071 1143 1130 dum

92 1157 253 1231 empirismi
268 1158 337 1216 vitia
357 1163 468 1231 cavent,
493 1158 620 1234 opposito
640 1173 758 1231 prorsus
777 1172 897 1217 excessu
911 1160 1040 1231 peccant,
1058 1160 1086 1216 et
1100 1171 1144 1216 ra-

95 1241 261 1301 tionalismo
277 1241 354 1299 viam
375 1242 515 1315 aperiunt.
532 1241 563 1300 ln
581 1241 682 1315 primis
701 1243 778 1302 enim
793 1241 879 1314 Plato,
896 1240 946 1318 qui
964 1239 1144 1314 ontoiogismi

93 1330 236 1382 auctorat
253 1325 335 1397 quasi
349 1341 453 1398 parens
471 1325 573 1383 haberi
589 1325 668 1398 solet,
689 1325 793 1383 mentis
808 1324 887 1383 ideas
901 1339 919 1382 a
935 1329 1038 1382 natura
1054 1324 1143 1382 fuime

95 1409 242 1482 ingenitas
257 1410 388 1482 opinatus
402 1415 445 1467 est
458 1411 488 1468 vi
498 1409 657 1469 intuitionis
668 1410 818 1468 cuiusdam
832 1409 957 1476 innatae,
969 1422 1042 1481 quae
1055 1415 1143 1466 aeter·

93 1495 141 1551 nis
156 1509 251 1552 rerum
268 1493 429 1568 archetypis
445 1494 638 1553 adhiberetur.
656 1495 735 1563 Quod
756 1509 825 1552 vero
844 1508 942 1553 reurm
962 1493 1093 1551 notitiam
1111 1493 1142 1550 in

92 1578 158 1636 dies
173 1577 292 1650 adipisci
307 1577 465 1650 videamur,
482 1577 535 1638 hoc
550 1583 700 1652 propterea
714 1578 877 1650 contingere
892 1576 941 1644 ait,
957 1576 1033 1649 ouod
1047 1574 1143 1650 cogni·

94 1661 145 1734 tio,
169 1676 256 1735 quam
270 1661 356 1721 homo
372 1676 388 1719 a
406 1661 553 1720 nativitate
572 1661 707 1736 possidet,
724 1661 952 1721 adiunctionem
968 1659 1058 1720 animi
1075 1675 1143 1720 cum

93 1759 222 1820 corpore,
239 1745 317 1803 reiut
330 1746 496 1818 conseprdta
505 1750 534 1804 et
544 1745 621 1804 iners
637 1746 800 1818 delitescat3
817 1745 908 1807 donec
922 1759 1056 1804 successu
1071 1749 1143 1804 tem·

91 1829 181 1902 poris,
199 1828 367 1888 adveniente
386 1829 510 1903 impulsu
531 1844 677 1904 sensuum,
702 1830 817 1890 animus
837 1844 854 1888 a
873 1845 904 1888 se
919 1833 1143 1904 torporemque

91 1911 175 1986 iacet,
187 1913 321 1972 excutiat.
334 1913 406 1972 Hinc
420 1914 569 1974 scientiam
584 1929 700 1973 omnem
715 1913 751 1974 ad
760 1913 1003 1974 reminiscentiam
1013 1918 1134 1972 revocat.

126 1997 242 2057 Diversa
255 1997 366 2056 ratione
381 2003 505 2072 systema
515 1997 569 2056 hoc
584 1998 778 2073 redintegrare
801 2003 920 2056 conatus
930 2000 973 2056 est
991 1995 1140 2070 Canterius,

91 2081 155 2156 oui,
173 2088 286 2158 praeter
304 2081 383 2140 ideas
402 2082 579 2140 adventitios
598 2098 671 2158 quae
692 2097 829 2142 sensuum
848 2081 1008 2140 ministerio
1027 2097 1139 2158 compa-

90 2172 206 2234 rantur,
226 2163 255 2224 e't
268 2165 400 2237 factitios
416 2180 486 2238 quas
502 2166 615 2224 animus
635 2166 691 2224 sibi
711 2166 777 2224 inde
798 2165 946 2248 efformat,
964 2164 1078 2226 tertium
1094 2181 1142 2240 go

91 2265 148 2307 nus
166 2249 326 2321 adstruxit,
346 2261 417 2322 quas
432 2250 553 2308 innotos
576 2251 753 2324 nominavit,
770 2255 798 2309 et
819 2266 836 2308 a
854 2257 957 2309 natura
975 2251 1036 2324 ipsa
1060 2266 1141 2326 repe·
1174 2301 1177 2306 .

92 2333 138 2391 tiit
152 2335 177 2390 t.
197 2332 306 2390 Tertius
321 2333 440 2390 accessit
453 2333 587 2407 WoliiuS,
604 2335 654 2408 qui
667 2334 763 2407 ideam
785 2335 869 2394 totius
883 2335 1010 2394 universi
1027 2333 1139 2410 ingeni-

7 2463 11 2472 .
91 2422 152 2475 tam
167 2416 291 2475 induxit.
310 2416 388 2475 Hanc
409 2432 506 2477 rerum
521 2419 649 2477 omnium
671 2419 820 2478 contusam
842 2419 1057 2494 expressionem
1077 2435 1140 2480 esse

90 2501 149 2574 ait,
166 2504 195 2558 at
208 2501 248 2558 lta
262 2505 292 2559 ut
306 2503 501 2576 perceptiones
516 2504 679 2578 contineat,
706 2519 780 2580 quae
804 2503 945 2578 gradatim
967 2502 1138 2562 evolvantur

91 2585 220 2659 fiantque
235 2585 393 2655 distinctae,
414 2593 499 2661 prout
513 2587 624 2647 obiecta
637 2589 669 2647 in
684 2604 812 2663 corpore,
828 2586 876 2646 cui
890 2588 1004 2645 iunctus
1019 2591 1062 2644 est
1080 2585 1139 2645 ant-

91 2684 166 2746 mus,
184 2671 356 2731 mutationes
369 2671 489 2746 gignant
503 2674 529 2734 2.
545 2673 673 2750 Denique
688 2674 743 2733 hac
766 2676 865 2732 nostra
883 2675 974 2732 aetate
988 2669 1140 2732 Rosminus

137 2880 151 2926 d
169 2883 251 2928 Hodit-
269 2881 293 2944 5,
310 2882 334 2930 ia
348 2897 391 2944 qne
405 2883 437 2928 sic
451 2881 494 2928 ait:
515 2900 524 2924 ι
537 2883 568 2930 Er
582 2881 618 2928 liis
634 2883 708 2928 enum
723 2879 779 2928 ideis
795 2878 852 2930 oties
867 2880 971 2941 innatae,
988 2878 1045 2927 eliae
1060 2877 1141 2926 adven·

92 2975 102 2998 ι
123 2955 194 3016 titios,
211 2955 266 3000 etiae
281 2970 294 3003 e
307 2971 344 3002 rna
360 2956 406 3018 ipae
423 2955 492 3002 iactae
507 2955 562 3002 mitit
578 2955 680 3004 videnter·
694 2959 737 3002 eto.
752 2956 861 3004 -udnto
873 2955 941 3004 reteri
957 2954 1026 3003 enimi
1041 2952 1141 3017 pendent

88 3029 144 3078 heco
160 3027 274 3088 adiungit:
290 3048 299 3070 ι
313 3029 352 3076 Vel
362 3028 417 3076 torte
431 3030 497 3076 etiem
514 3045 590 3078 omnes
605 3044 652 3078 rese
666 3029 798 3078 adventitiae
813 3047 903 3094 possum
917 3035 1004 3098 putero,
1014 3029 1050 3078 vel
1063 3045 1140 3080 ornnes

92 3126 101 3147 ι
122 3106 219 3166 innatas,
236 3103 271 3160 ret
287 3117 362 3152 omnes
378 3102 454 3164 facus,
473 3103 571 3150 nondum
588 3103 647 3152 enim
663 3119 737 3152 reram
753 3105 841 3152 illarum
856 3107 963 3166 originem
979 3106 1037 3156 clere
1052 3121 1141 3170 perspe-

92 3201 101 3224 ·
121 3179 152 3225 xi.
175 3199 183 3218 ι
203 3177 273 3232 Quare
289 3178 396 3224 recentior
416 3177 514 3224 idearum
536 3179 661 3225 innotarum
677 3179 771 3242 opinio,
789 3182 829 3228 etsi
845 3181 940 3228 &nesio
956 3181 1037 3244 passim
1053 3179 1140 3228 tribna-

89 3259 145 3318 tnr,
163 3257 236 3300 tarum
253 3252 326 3302 verine
342 3252 389 3300 eius
405 3253 493 3300 essedis
509 3253 625 3300 tribuenda
642 3259 693 3318 est,
711 3256 750 3316 qai
764 3254 826 3302 illem
842 3257 967 3318 arnapatri
980 3256 1067 3320 placitis
1078 3254 1140 3302 dori-

90 3333 179 3378 verunt.

138 3405 154 3451 Ἄ
170 3406 253 3464 Ρηοὴ.
272 3407 325 3452 aar.
342 3419 385 3452 seo.
402 3405 425 3452 d.
439 3403 500 3452 diane
516 3405 648 3453 sententiam
664 3406 760 3470 primunr
776 3406 868 3454 tradidit
883 3405 1004 3453 leibnitius
1019 3405 1051 3451 rio
1065 3403 1137 3451 aiens:

94 3502 103 3522 ·
122 3483 180 3528 Dens
196 3481 283 3530 enimes
298 3482 322 3526 in
338 3483 448 3529 creatione
463 3482 524 3529 dedit
538 3482 598 3529 ideas
613 3483 715 3531 eonium
730 3488 753 3530 et
765 3483 876 3531 involutae
891 3483 990 3530 omniurn
1006 3479 1140 3527 obiectorum

95 3576 104 3601 ι
123 3558 220 3604 uniuersi
229 3591 236 3620 ,
252 3571 307 3620 qnae
326 3557 454 3606 evolvantur
469 3563 491 3606 et
507 3557 624 3606 distinctae
640 3557 711 3624 flant,
726 3564 792 3622 prout
801 3559 891 3623 ,obioete
907 3557 1039 3604 mutationes
1055 3555 1139 3619 produ·

95 3651 104 3674 ·
123 3637 176 3680 aaut
190 3634 214 3680 in
229 3649 254 3680 eo
269 3649 358 3696 corpore
371 3635 430 3697 qnod
446 3635 533 3682 animae
546 3641 579 3684 est
594 3636 744 3686 coniunctum.
760 3657 769 3678 ι
784 3635 888 3699 (iidem.
907 3635 938 3682 ad
951 3638 1036 3682 recent.
1053 3634 1096 3680 stt
1112 3633 1140 3682 de

93 3710 161 3758 sidet
184 3715 206 3758 et
227 3711 330 3758 mara
352 3725 469 3760 conum.
489 3715 533 3774 Op.
551 3717 569 3763 t.
585 3712 618 3774 Ἰ,
636 3729 659 3775 p.
677 3713 732 3760 257.
747 3711 757 3775 )
771 3713 832 3762 Iden
855 3711 909 3760 diti
932 3711 998 3758 etiarn
1020 3709 1137 3773 inrisam

93 3785 134 3829 etsi
148 3785 172 3828 in
188 3785 279 3845 epistola
293 3785 321 3832 ad
336 3785 437 3835 rismum
454 3803 477 3836 re
492 3787 532 3836 hoo
549 3802 594 3836 non
611 3788 668 3836 aerio
683 3787 722 3837 red
738 3787 869 3852 hypotheses
885 3785 984 3834 mundi
1000 3785 1069 3848 metir
1084 3800 1139 3849 pro·

93 3857 170 3910 tulius
184 3858 250 3909 dicet.
