2767 4492
239 341 277 403 88
568 350 956 400 nuunrnrsrcsssreunms

274 439 363 500 Obiie.
383 439 404 499 Ι.
419 435 452 500 In
466 437 567 513 primis
582 439 623 498 sio
635 437 760 496 occurrit
781 436 900 510 spinosa
921 436 983 496 loeo
998 449 1086 510 snpra
1106 435 1203 496 citato.
1223 461 1234 489 ι
1251 437 1281 498 Id

243 549 255 578 s
272 524 348 600 quod
362 523 436 583 Deus
449 525 519 597 vult,
536 538 587 582 seu
601 521 782 595 determinat,
799 526 945 581 aeternam
959 520 1156 579 necessitatem
1168 524 1197 579 et
1210 522 1281 580 veri·
1378 594 1379 597 Ἴ

245 633 257 662 c
276 613 361 668 tatem
376 609 472 668 habet.
490 607 671 668 Ostendimus
680 606 768 680 enim,
779 620 860 665 exeo
874 605 950 678 quod
963 604 1014 664 Dei
1028 603 1188 664 intellectus
1203 621 1221 664 a
1235 605 1283 666 Dei
1378 630 1379 637 ¹

243 696 416 754 «voluntate
432 708 491 753 non
514 692 723 766 distinguatur,
747 692 824 750 idem
840 705 894 751 nos
907 689 1053 748 affirmare
1071 703 1138 752 cum
1161 689 1283 750 dicimus

241 804 253 833 c
270 780 361 840 Deum
375 777 481 852 aliquid
504 777 593 852 velle,
610 783 719 838 etcum
737 777 860 835 dicimus
877 775 969 834 Deum
987 775 1095 849 aliquid
1113 774 1281 848 intelligere.

241 865 361 934 «Quare
375 863 476 923 eadem
490 863 677 937 necessitate,
695 878 752 936 qua
770 877 808 920 ex
826 867 929 921 natum
950 865 979 919 et
991 859 1165 934 perfectione
1186 861 1284 920 dirim

241 973 252 1003 a
269 949 397 1023 sequdtur
410 948 499 1008 Deum
516 963 580 1007 rem
598 947 726 1021 aliquam
743 952 776 1006 ut
789 952 833 1005 est
854 945 1031 1019 intelligere,
1049 944 1177 1018 sequitur
1197 946 1283 1005 etiam

242 1059 253 1088 e
269 1034 360 1092 Deum
374 1033 505 1092 eamdem
518 1037 548 1091 ut
558 1037 601 1090 est
615 1032 697 1091 velie.
710 1031 780 1090 dum
793 1036 890 1091 autem
904 1030 978 1089 nihil
991 1029 1096 1089 nisiex
1109 1028 1170 1089 solo
1185 1028 1281 1096 divino
1378 1040 1379 1091 i

242 1145 254 1174 a
271 1120 385 1180 decreto
398 1117 561 1178 necessario
570 1132 671 1176 verum
681 1116 728 1190 sit,
741 1117 898 1176 clarissime
912 1115 1061 1175 deducitur
1075 1116 1152 1188 leges
1164 1120 1282 1174 naturae
1378 1120 1379 1185 j

242 1229 253 1259 r
268 1203 444 1265 universales
459 1218 540 1262 mera
554 1218 616 1262 esse
637 1203 751 1262 decreta
765 1202 829 1276 Dei,
846 1217 920 1276 quae
935 1217 973 1260 ex
987 1201 1156 1261 necessitate
1174 1205 1203 1259 et
1222 1216 1282 1275 per-
1378 1210 1379 1279 i

241 1313 253 1346 a
269 1289 391 1350 tectione
405 1288 519 1348 divinae
528 1292 648 1346 naturae
663 1291 832 1360 sequuntur.
844 1287 873 1345 Si
882 1286 952 1360 quid
960 1287 1047 1360 igitur
1056 1287 1088 1344 in
1097 1291 1202 1345 natura
1215 1301 1279 1344 con·
1378 1294 1379 1343 t

241 1397 253 1427 r
270 1375 393 1448 tingeret
406 1371 482 1446 quod
497 1371 560 1430 eius
574 1370 785 1430 universalibus
798 1370 910 1444 legibus
918 1376 1100 1444 repugnaret,
1117 1375 1167 1428 ant
1180 1370 1206 1428 si
1220 1369 1282 1444 quis
1378 1358 1379 1383 ³

241 1483 253 1512 ι
269 1462 404 1518 statueret
414 1457 503 1516 iteum
514 1457 622 1530 aliquid
630 1461 730 1516 contra
740 1457 818 1530 leges
827 1461 946 1515 naturae
960 1471 1055 1528 agere,
1066 1455 1092 1514 is
1102 1454 1188 1515 simul
1196 1455 1282 1514 etiarn
1378 1504 1379 1517 ,

239 1568 251 1597 ι
267 1547 416 1618 cogeretur
429 1546 553 1602 statuere
568 1541 658 1601 Deum
672 1546 772 1601 eontra
785 1555 868 1600 suam
881 1546 1016 1600 naturam
1029 1556 1123 1614 agere,
1140 1555 1197 1614 qno
1212 1540 1282 1599 nihii

242 1652 254 1682 a
271 1627 433 1688 absurdius.
449 1649 460 1678 s

148 1729 154 1742 ·
195 1725 200 1742 ·
272 1715 342 1773 Tum
355 1712 442 1787 paulo
455 1717 520 1787 post
534 1712 697 1786 subiungit:
717 1712 811 1770 «dum
824 1711 915 1770 virtrrs
928 1716 957 1770 et
969 1710 1097 1784 potentia
1109 1715 1230 1769 naturae
1248 1711 1284 1768 sit

240 1820 251 1850 α
268 1798 332 1872 ipsa
345 1797 395 1856 Dei
408 1797 499 1856 virtus
515 1803 543 1856 et
555 1797 691 1872 potentia,
708 1797 786 1871 leges
801 1801 897 1856 autem
915 1795 1073 1869 stragulae
1086 1799 1207 1854 naturae
1222 1795 1284 1870 ipsa

240 1905 251 1934 ι
267 1882 318 1940 Dei
333 1882 454 1956 decreta,
470 1881 587 1940 omnino
596 1882 771 1940 credendum
780 1886 824 1940 est
833 1880 991 1955 potentiam
1005 1883 1125 1938 naturae
1140 1879 1284 1938 infinitam

239 1989 251 2018 a
267 1981 330 2026 esse
344 1965 462 2040 eiusque
476 1966 553 2040 leges
568 1967 639 2025 adeo
653 1965 745 2039 latas,
761 1971 795 2024 ut
809 1966 846 2023 ad
860 1965 958 2024 omnia
972 1979 1046 2039 quae
1060 1964 1096 2022 ab
1111 1964 1174 2038 ipso
1187 1963 1284 2023 divino

239 2074 251 2103 ι
267 2051 412 2110 intellectu
426 2049 625 2124 concipiuntur
636 2066 667 2110 se
681 2050 846 2110 enoeudant.
865 2050 952 2108 Secus
966 2050 1044 2108 enirn
1053 2048 1123 2122 quid
1137 2047 1217 2106 aliud
1231 2053 1285 2106 sta-

239 2159 251 2188 «
268 2135 357 2194 uritm
372 2135 387 2209 ,'
405 2134 463 2194 nisi
477 2133 568 2193 Deum
582 2139 716 2193 uenirem
731 2135 801 2193 adeo
816 2135 1003 2209 impotentem
1018 2148 1149 2206 creasse,
1165 2132 1285 2206 eiusque

238 2243 250 2273 r
268 2220 346 2294 leges
360 2225 388 2279 et
401 2219 514 2293 regulas
529 2220 599 2279 adeo
614 2219 726 2278 steriles
739 2219 882 2292 statuisse,
898 2222 932 2276 ut
951 2233 1035 2292 saepe
1056 2232 1160 2277 enovo
1174 2216 1202 2276 ei
1218 2217 1283 2275 sub-

237 2328 249 2357 ι
262 2303 366 2364 uenire
381 2309 498 2379 cogatur
514 2351 521 2377 ,
538 2304 562 2364 si
576 2319 641 2364 eam
656 2307 854 2362 conservatam
869 2301 938 2361 velit
951 2306 980 2360 et
992 2307 1025 2360 ut
1043 2317 1090 2361 res
1107 2317 1125 2360 e
1141 2306 1208 2360 voto
1222 2316 1285 2360 suc-

238 2412 248 2441 ·
267 2389 413 2449 cedenti·

252 2475 352 2548 desp.
368 2475 443 2534 Haec
457 2489 530 2548 quae
545 2475 674 2548 spinosa,
691 2475 728 2532 ad
742 2474 912 2533 sententiam
925 2471 1000 2547 quod
1014 2472 1124 2545 attinet,
1144 2471 1285 2546 expilavit

234 2574 252 2616 a
266 2557 294 2617 S.
311 2559 417 2619 Thema
431 2561 443 2606 t
458 2605 466 2632 ,
490 2559 561 2632 quin
576 2565 672 2618 tamen
687 2560 729 2631 tut
743 2559 877 2633 sophistis
891 2559 923 2617 in
938 2574 1019 2618 more
1039 2558 1091 2631 est)
1108 2558 1139 2624 S.
1154 2555 1285 2616 Doctoris

234 2656 372 2716 responsa
385 2642 582 2716 subiungeret3
599 2643 625 2702 si
643 2642 814 2702 verbositate
828 2649 857 2703 et
871 2642 1037 2703 contusione
1052 2642 1225 2716 spolientur,
1247 2641 1285 2698 ad

234 2725 310 2784 hanc
323 2725 412 2786 veluti
435 2741 578 2786 summam
592 2733 772 2786 revocantur.
798 2729 819 2787 1.
844 2729 919 2787 Deus
938 2727 1036 2786 omnia
1060 2743 1097 2785 ex
1112 2724 1285 2784 necessitate

233 2811 375 2884 intelligit.
392 2811 464 2884 Ergo
479 2812 575 2871 omnia
588 2827 626 2870 ex
640 2813 810 2872 necessitate
822 2813 894 2887 ridt3
911 2828 979 2871 nam
996 2812 1124 2872 voluntas
1137 2811 1199 2868 eius
1213 2825 1286 2867 curn

233 2895 380 2956 intellectu
394 2911 486 2956 unum
499 2897 633 2972 idemque
647 2903 699 2957 est.
716 2898 808 2967 Quare
822 2898 899 2971 leges
913 2902 1032 2956 naturae
1047 2912 1065 2954 a
1078 2893 1172 2954 diviua
1182 2891 1285 2951 volun-

218 2979 220 2985 ’
235 2985 292 3039 tate
305 2981 499 3054 procedentes,
516 2983 695 3041 necessariae
705 2985 823 3042 omnino
832 2988 900 3041 sunt
913 2997 947 3040 ac
958 2979 1123 3040 mutatioms
1137 2985 1284 3051 expertes.

233 3064 267 3124 li.
283 3064 372 3138 Leges
384 3070 503 3124 naturae
520 3078 600 3125 mera
614 3071 680 3126 suut
693 3067 808 3127 decreta
821 3067 881 3126 Dei.
896 3065 980 3140 Atqui
994 3057 1108 3124 decreta
1122 3063 1171 3122 Dei
1185 3077 1286 3121 neces

234 3150 317 3209 sitate
332 3163 369 3207 ex
378 3149 551 3223 perfectione
566 3150 816 3210 divinae-naturae
832 3156 1006 3224 sequuntur3
1024 3147 1182 3222 atqueideo
1191 3152 1286 3204 muta-

233 3235 260 3293 ri
274 3249 332 3293 non
348 3237 477 3307 possunt.
504 3233 574 3308 Ergo
593 3235 671 3294 idem
685 3235 722 3294 de
735 3234 847 3308 legibus
860 3241 980 3293 naturae
995 3232 1150 3292 dicendum
1163 3235 1215 3290 est
1235 3231 1283 3289 lii.

232 3319 327 3380 Virtus
340 3324 461 3380 naturae
475 3318 576 3380 eadem
591 3325 635 3379 est
652 3335 686 3378 ac
700 3320 828 3394 potentia
841 3321 902 3380 Dei.
919 3321 991 3393 Ergo
1005 3319 1096 3378 sutus
1110 3321 1231 3376 naturae
1246 3316 1286 3373 ad

232 3404 329 3463 omnia
342 3403 505 3479 porrigitur,
522 3403 652 3478 nihilque
661 3397 776 3478 praeter
789 3405 882 3478 ipsam
892 3405 1022 3464 accidere
1036 3417 1165 3476 unquam
1179 3405 1286 3475 potest.
1378 3386 1379 3471 i

232 3487 275 3546 IV.
293 3489 321 3547 Si
334 3489 413 3562 leges
428 3493 547 3546 naturae
561 3493 805 3548 commutarentur
818 3489 987 3562 aliquando,
1005 3487 1236 3561 corrigerentur,
1255 3485 1289 3543 id
1378 3484 1379 3571 ξ

198 3578 199 3586 ’
235 3585 363 3715 micea?
378 3577 443 3632 aute
457 3587 515 3631 non
529 3573 669 3646 periectas
679 3572 768 3633 fuisse
781 3580 953 3635 monstraret
968 3620 976 3648 ,
1006 3573 1083 3647 quod
1097 3571 1198 3647 Opiiici
1213 3570 1289 3629 uitio

234 3667 284 3712 ver
301 3671 342 3714 re
355 3673 398 3717 ur.
961 3685 965 3693 ·

243 3826 398 3953 Mizsmat.
422 3832 462 3879 η.
482 3831 492 3878 i
510 3847 545 3894 p.,
569 3847 591 3894 q.
608 3831 651 3894 id,
667 3847 688 3878 a.
705 3831 781 3895 aas.
799 3832 833 3896 o;
849 3837 970 3897 otqneost.
987 3834 1051 3882 one
1067 3836 1119 3881 Pet.
1136 3847 1157 3878 a.
1175 3829 1200 3892 2,
1217 3827 1295 3875 ob.2

230 3921 242 3953 e
299 3938 305 3950 .
