2767 4492
518 293 763 345 emarcescere
1113 277 1164 347 ιιι

104 377 268 458 theologia
279 380 403 442 murali
417 378 574 440 ridendum
588 381 650 458 en't.
662 382 720 441 lloc
735 380 822 456 igitur
836 380 868 440 in
882 381 961 442 nullo
975 383 1041 440 ente
1054 379 1164 440 eontin-

104 468 192 539 gente
213 471 247 525 et
262 471 357 526 creato
377 465 501 540 inveniri
524 481 652 542 unquam
675 471 777 542 potest.
795 465 984 534 Quamobrem
1007 481 1092 524 omne
1113 481 1164 524 ens

103 550 285 624 confingens
298 549 412 612 linitum
428 556 480 624 est,
499 555 528 621 et
539 565 625 610 omne
640 565 693 610 ens
708 551 822 610 linitum
836 553 1005 628 contingens
1020 555 1071 612 est.

139 634 187 696 38.
206 634 269 704 llus
283 650 368 708 omne
383 637 560 710 mnungens,
571 635 648 712 quod
662 650 786 710 semper,
800 641 832 698 ut
845 637 982 710 diximus,
1003 635 1118 696 finitum
1132 638 1164 696 in

101 725 213 793 natura
228 735 267 779 ac
280 720 455 794 perfectione
469 725 521 793 est,
535 720 682 796 possidere
695 719 796 794 nequit
809 721 1025 795 riminlinitsm
1035 737 1086 780 seu
1096 720 1164 779 acli-

100 803 228 864 ritstem
244 803 309 865 sine
322 805 380 864 fine
394 809 549 878 poenam.
564 805 698 865 Aeduus
720 803 797 865 euim
818 820 855 864 ex
876 805 1016 866 esseudae
1036 805 1163 864 realitate

100 889 252 964 emergit,
267 904 302 948 ac
319 889 438 964 proinde
455 889 648 964 principium,
663 888 741 946 unde
756 887 838 956 lluit,
855 904 989 964 superare
1003 889 1111 962 nequit.
1132 889 1166 948 ut

97 972 174 1033 illud
191 973 340 1047 ourittam,
356 973 540 1047 activitatem,
550 979 648 1047 utpote
658 988 732 1047 quae
743 977 879 1046 tanquam
888 973 1017 1032 medium
1027 973 1064 1031 ad
1075 973 1163 1030 finem

99 1058 242 1132 aliquem
256 1058 454 1132 attingendum
468 1059 561 1131 datur,
578 1058 677 1130 atine,
696 1071 782 1132 quem
795 1057 919 1132 respicit,
935 1071 1102 1118 mensuram
1117 1071 1163 1116 ac-

97 1142 216 1217 cipere.
229 1142 308 1202 Finie
322 1143 501 1215 autemeutis
515 1140 735 1215 circumscripti,
749 1155 816 1200 cum
826 1141 937 1202 finitam
951 1146 1161 1217 naturamper·

96 1226 195 1286 ficere
212 1226 339 1299 delet,
356 1225 513 1287 subiectire
534 1240 585 1284 seu
605 1229 691 1298 prout
710 1225 806 1298 ipsum
820 1225 927 1300 afficit,
943 1225 1059 1286 nonnisi
1073 1225 1164 1285 limite

96 1309 270 1369 adstrictus
283 1314 313 1368 et
326 1308 534 1371 determinatus
548 1312 601 1366 est.

137 1393 206 1451 Nec
218 1390 290 1449 huic
304 1390 418 1450 veritati
432 1390 589 1464 quidquam
604 1391 686 1450 obest
704 1391 780 1466 quod
798 1397 928 1452 creatura
945 1393 1093 1454 sationalis
1112 1408 1164 1466 pro

96 1477 165 1534 fine
183 1473 297 1550 habeat
312 1475 401 1546 Deum
414 1474 519 1550 ipsum,
537 1475 586 1549 qui
600 1484 676 1534 certe
690 1475 821 1536 infinitus
836 1482 887 1538 est.
900 1477 970 1538 Nam
984 1476 1034 1536 illa
1048 1490 1106 1537 non
1117 1477 1166 1536 ali-

98 1565 146 1618 ter
156 1573 256 1633 quam
264 1558 345 1618 linite
355 1559 499 1618 obiectum
509 1559 563 1618 hoc
573 1562 765 1635 consequitur.
779 1561 898 1622 Proinde
909 1560 992 1634 actio,
1004 1576 1061 1634 qua
1070 1561 1166 1636 ipsum

100 1642 229 1718 attingit
245 1647 273 1701 ιι
287 1643 324 1713 ad
338 1658 426 1717 quam
438 1643 569 1702 activitas
582 1644 645 1704 eius
658 1644 858 1716 intellectualis
873 1646 1003 1705 ordinem
1018 1645 1114 1719 habet,
1126 1643 1167 1704 ita

100 1727 259 1788 obiectum
272 1727 343 1797 illud
356 1727 488 1802 respicit,
504 1732 537 1788 ιιι
550 1727 707 1788 subiective
722 1735 750 1790 et
765 1729 882 1790 entitate
897 1745 950 1788 sua
964 1728 1046 1790 tiuita
1060 1728 1107 1788 sit.
1120 1727 1164 1788 lli·

101 1828 152 1870 res
168 1817 272 1879 autern
287 1811 391 1884 agendi
405 1827 572 1872 meneutam
582 1813 737 1872 desumunt
747 1830 765 1872 a
775 1814 840 1887 line,
857 1829 915 1873 non
929 1818 1013 1888 prout
1026 1813 1074 1872 hic
1089 1813 1120 1872 in
1135 1828 1166 1872 se

103 1902 159 1970 est,
176 1896 234 1956 sed
246 1901 331 1970 prout
344 1895 494 1968 adeptione
515 1897 627 1971 capitur
641 1912 675 1956 ac
689 1897 851 1958 subiectum
874 1897 981 1971 allicit,
998 1897 1165 1971 quodcirca

102 1981 205 2054 ipsum
221 1980 387 2054 operatione
403 1996 455 2038 sua
465 1986 604 2041 uersatur.

141 2065 189 2124 39.
209 2065 404 2139 Compositum
418 2064 448 2124 id
460 2064 574 2140 dicitur,
590 2066 666 2140 quod
680 2066 863 2141 expluribus
873 2071 984 2127 constat
998 2066 1085 2128 simul
1101 2067 1163 2126 iun·

105 2150 178 2224 ctis;
195 2150 276 2224 quod
291 2165 358 2208 vero
371 2149 413 2211 ita
427 2154 479 2221 est,
495 2155 527 2210 ut
540 2166 577 2210 ex
590 2150 722 2224 pluribus
737 2167 795 2211 non
810 2151 959 2226 ιοιιιιιιι,
976 2151 1101 2226 simplex
1116 2166 1164 2224 ap

104 2234 244 2308 pellatur.
257 2233 300 2292 Ex
313 2249 368 2307 quo
384 2232 474 2308 liquet
487 2239 657 2309 conceptum
671 2235 814 2310 siuupticis
828 2252 886 2296 nou
901 2251 963 2296 esse
978 2238 1096 2295 omnino
1111 2251 1162 2295 ne·

102 2326 231 2393 gentem
245 2323 274 2376 et
286 2317 318 2376 iu
333 2316 393 2378 sola
407 2319 532 2391 partium
550 2318 716 2379 exclusione
735 2320 841 2394 situm;
857 2321 908 2380 sed
927 2321 1100 2394 positionem
1119 2319 1164 2378 in·

104 2403 247 2471 cludere,
263 2402 401 2462 nimirum
420 2402 513 2476 ipsam
532 2404 607 2464 eutis
624 2404 801 2479 realitmem,
822 2421 860 2464 cx
879 2421 937 2478 qua
954 2403 1083 2464 exclusio
1099 2415 1163 2475 par-

106 2486 189 2562 tium,
204 2503 264 2547 seu
273 2488 387 2561 negatio
402 2488 624 2562 compositionis,
634 2494 770 2563 emergat.
783 2489 852 2548 llum
865 2504 932 2549 reru
948 2487 1071 2561 simplex
1087 2500 1164 2546 com·

102 2572 208 2647 posito,
231 2577 264 2640 ut
276 2579 377 2647 patens
392 2578 453 2647 eat,
470 2577 646 2649 opponatur;
663 2590 701 2634 ex
714 2574 835 2634 dirersis
850 2573 999 2648 compositi
1013 2571 1164 2649 speciebus

104 2655 264 2720 diuersitas
276 2658 365 2718 etiam
379 2657 516 2732 simplicis
525 2658 686 2719 innotescit.
697 2660 782 2718 Porro
794 2659 984 2734 compositum
999 2658 1103 2734 triplex
1117 2673 1163 2716 cc-
1244 2710 1248 2714 .

106 2740 195 2813 gitari
209 2747 321 2818 potest:
337 2743 434 2810 ιιιιι,
451 2741 597 2817 equuus,
612 2743 859 2818 autophystcum.
876 2744 1003 2802 Primum
1018 2747 1070 2812 est,
1087 2741 1163 2812 quod

107 2828 294 2902 expertibus
307 2827 423 2887 realiter
436 2827 575 2900 diversis3
592 2828 714 2886 alterum
729 2827 805 2898 quod
819 2827 999 2898 expertibus
1014 2825 1074 2882 sola
1088 2823 1164 2895 cogi·

108 2913 221 2970 tatione
240 2910 397 2980 distinctim
415 2911 531 2968 tertium
549 2911 626 2981 quod
643 2925 681 2967 ex
701 2909 832 2981 partibus
850 2907 1031 2966 distinctione
1051 2905 1164 2966 formali
1207 2944 1212 2952 ·

108 2992 319 3052 discriminatis
334 2992 471 3063 exsurgit.
493 2993 598 3048 lterum
620 2989 809 3063 compositum
829 2990 905 3048 reale
926 3005 988 3050 esse
1009 2994 1102 3065 potest
1115 2993 1164 3047 aut

107 3075 318 3147 associatam
332 3075 427 3146 homo,
440 3073 490 3147 qui
504 3088 541 3131 ex
554 3072 690 3132 animast
699 3087 815 3145 corpore
830 3079 958 3148 constat;
975 3080 1025 3133 aut
1038 3071 1162 3142 deodate,

108 3167 142 3221 ut
156 3157 431 3222 substantiamodis
445 3157 557 3232 affecta,
569 3173 616 3215 ex.
632 3171 674 3231 gr.
692 3157 794 3232 globus
808 3158 962 3232 eburneus,
975 3158 1026 3233 qui
1041 3173 1078 3216 ex
1091 3158 1163 3232 figu-

110 3262 144 3306 ra
157 3241 283 3319 rotunda
297 3248 325 3303 et
339 3241 425 3302 ebore
439 3243 648 3317 conformatum
667 3245 717 3302 sut
727 3241 849 3318 denique
863 3241 1016 3319 integrale,
1035 3243 1110 3318 quod
1124 3257 1162 3302 ex

110 3329 245 3406 partibus
259 3346 316 3390 non
331 3329 367 3388 ad
381 3328 424 3388 rei
439 3327 594 3388 essentiam
613 3329 664 3388 sed
684 3328 721 3389 ad
742 3329 930 3404 quantitatem
951 3327 1162 3403 pertinentibus

114 3416 258 3489 coalescit,
269 3431 317 3476 ex.
328 3431 371 3490 gr.
383 3429 487 3490 corpus
500 3414 670 3489 humanum,
681 3414 757 3489 quod
769 3415 856 3474 uariis
865 3413 1005 3474 conflatur
1013 3411 1162 3474 membru.

147 3500 195 3559 tu.
212 3500 401 3575 compositum
415 3500 525 3560 ratione
539 3500 707 3574 quantitatis
723 3499 816 3574 (quae
830 3500 861 3558 in
874 3499 929 3558 hoc
944 3499 1072 3560 cernitur
1087 3500 1163 3573 quod

113 3597 160 3644 res
173 3585 321 3660 augmenti
332 3584 377 3645 vel
385 3585 559 3645 decrementi
572 3585 611 3643 sit
626 3583 758 3658 compos)
773 3583 924 3658 dupliciter
937 3583 1038 3643 haberi
1052 3589 1158 3658 potest:

116 3673 165 3726 aut
178 3685 232 3744 ope
245 3668 359 3729 numeri
373 3684 424 3728 seu
438 3668 611 3728 colleedonis
624 3669 778 3740 unitatum,
791 3675 841 3726 aut
854 3681 907 3741 ope
922 3667 1097 3728 extensionis
1112 3684 1163 3726 seu

114 3753 265 3822 positionis
279 3753 405 3828 partium
419 3758 502 3812 extra
515 3758 620 3828 partes.
636 3752 708 3812 llinc
727 3751 871 3826 quantitas
889 3754 1019 3828 exsurgit
1036 3753 1165 3812 discreto

118 3835 163 3896 rel
180 3838 331 3902 motinus.
348 3837 433 3900 Porro
450 3836 628 3900 solatiamur
648 3852 712 3898 esse
731 3841 825 3911 potest
837 3837 883 3900 vel
902 3839 1016 3914 propris
1035 3839 1163 3916 dictum,
