2767 4492
220 251 274 316 tot
550 261 937 310 nsrrrursrclrsrrcums

220 350 270 408 sed
285 352 371 428 prout
384 348 421 406 ab
437 347 500 422 ipsa
514 345 660 422 perficitur
682 351 858 406 contueatur.
874 347 914 405 Ex
935 345 1040 424 quibus
1054 346 1204 425 montoir
1221 362 1271 408 er-

218 451 282 495 roro
296 438 435 507 versetur,
453 438 649 508 quantumque
664 447 695 490 se
710 432 806 491 eludat
819 432 960 491 Condillac
975 433 1159 507 perspicuum
1172 435 1271 508 proie-

218 526 263 579 cto
280 524 336 592 est,
354 517 522 592 praesertim
537 531 602 576 cum
618 517 699 576 nullo
713 517 802 576 solido
813 517 1008 592 fundamento,
1024 517 1101 591 guod
1114 517 1272 597 diligenter

218 603 344 682 expendi
355 606 492 676 meretur,
508 615 593 662 suum
603 605 730 680 systema
743 601 852 670 fulciat.

528 757 676 848 'Sprtcmo
693 769 935 867 Lorornigotorit.

253 943 313 1003 117.
335 941 531 1002 calamitosam
547 939 731 1002 dondillachii
750 940 911 1004 doctrinam
928 939 1060 1000 minuere
1083 944 1201 1000 conatus
1219 946 1266 1000 est

215 1027 436 1104 laromigulere,
458 1027 508 1106 qui
530 1033 644 1102 praeter
662 1027 864 1100 sensationem,
887 1039 945 1101 qua
963 1025 1076 1099 patiens
1092 1034 1136 1084 est
1149 1024 1266 1084 animus
1376 1066 1377 1081 l

216 1112 368 1188 (siquidem
387 1111 418 1171 in
432 1127 467 1172 ea
484 1111 617 1186 impulsio
638 1111 818 1170 extrinsecus
837 1111 912 1170 intro
931 1109 1065 1187 advenit),
1084 1109 1145 1170 rim
1163 1124 1265 1184 quam-

215 1197 284 1258 dam
298 1203 446 1256 actuosam
459 1197 596 1272 agnoscit,
613 1211 686 1272 quae
701 1196 733 1256 in
747 1195 824 1271 ipsas
839 1195 1015 1257 smsauones
1024 1200 1098 1273 agat,
1109 1200 1139 1253 et
1148 1193 1180 1254 iu
1194 1210 1261 1273 orta,

163 1281 165 1284 ’
215 1281 277 1342 vice
292 1297 384 1354 versa,
404 1280 538 1355 impulsio
558 1280 636 1339 intus
651 1279 786 1338 elieratur
801 1279 886 1338 ioras.
902 1279 981 1337 Hauc
1002 1293 1070 1338 vero
1089 1278 1264 1342 arduitatem

213 1379 277 1424 cum
293 1364 426 1438 deinceps
441 1365 471 1422 in
480 1364 673 1437 attentionem,
690 1362 942 1438 comparationem,
958 1367 987 1421 et
1000 1361 1184 1422 ratiocinium
1194 1377 1261 1438 par·
1284 1427 1288 1436 ,

216 1448 314 1524 tiatur,
338 1449 383 1508 iris
406 1448 497 1512 uibus
515 1447 690 1507 intellectum
715 1447 840 1506 hominis
861 1451 991 1505 constare
1011 1445 1194 1504 facultatibus
1216 1459 1262 1504 ea-

214 1547 336 1610 rumque
350 1547 471 1592 moruerc
486 1537 593 1591 ceteras
608 1546 707 1592 omnes
721 1531 861 1605 explicari
876 1534 1006 1605 autumat
1021 1529 1046 1588 t,
1062 1529 1145 1588 ludit
1164 1534 1261 1594 autem

216 1617 458 1690 comparationem
476 1615 535 1676 non
558 1631 621 1676 essa
640 1616 732 1689 aliud,
753 1615 810 1674 nisi
830 1614 973 1690 duplicem
997 1614 1198 1689 attentionem,
1218 1628 1263 1676 rt·

216 1701 431 1762 tiociuatiouem
450 1715 517 1760 vero
534 1699 646 1760 duabus
666 1699 927 1778 comparationibus
942 1697 1091 1758 contineri.
1108 1697 1209 1771 Quare,
1225 1697 1262 1756 ad
1376 1764 1377 1771 ,

215 1800 372 1858 summam,
395 1785 482 1843 unica
503 1784 620 1844 attentio
643 1785 721 1844 cirea
743 1783 938 1844 sensationem
958 1781 1101 1857 operando
1121 1781 1263 1864 originem

214 1869 346 1928 idearum
359 1869 529 1944 suppeditat.
626 1945 629 1951 Ι
1228 1943 1231 1946 ἦ

250 1951 396 2013 Eiusmodi
412 1953 508 2028 opinio
523 1953 576 2014 etsi
591 1969 609 2013 a
624 1953 788 2014 Godissachii
803 1953 977 2013 absurditate
996 1950 1203 2028 aliquantulum
1215 1948 1258 2009 di·

214 2044 277 2112 stet,
295 2047 392 2097 umen
405 2053 509 2097 manca
528 2033 683 2098 admodum
705 2044 757 2114 est,
774 2043 803 2098 et
821 2039 858 2097 ad
871 2037 968 2098 Lockii
990 2036 1162 2096 sensismum
1175 2034 1259 2097 redit.

214 2123 336 2182 Attentio
351 2124 429 2182 enim
444 2123 565 2182 incultas
581 2124 750 2187 secundaria
764 2128 902 2198 estense
918 2122 995 2182 aliud
1005 2122 1118 2181 efficere
1131 2119 1261 2195 nihilpo-

157 2201 158 2204 ’
214 2213 277 2281 test,
293 2207 350 2266 nlsl
368 2213 400 2267 ut
421 2203 550 2267 aniinum
575 2196 685 2268 o‘biecto
707 2207 850 2287 proposito
866 2206 951 2268 altius
969 2206 1100 2282 applicet,
1120 2209 1205 2278 atoue
1219 2203 1259 2278 id,

213 2293 291 2366 quod
305 2307 338 2352 eo
354 2294 526 2362 continetur,
542 2291 646 2351 eliciat.
660 2292 688 2351 Si
704 2292 791 2367 igitur
806 2291 954 2353 facultates
967 2306 1068 2350 omnes
1082 2290 1118 2350 ad
1132 2289 1261 2350 attentio

213 2393 282 2437 nem
294 2383 496 2438 revocarentur
511 2378 568 2452 (coi
591 2377 707 2452 qudem
723 2376 783 2436 sola
798 2381 962 2450 antegressa
976 2375 1099 2437 seusatio
1118 2374 1175 2449 sit),
1192 2389 1261 2438 uon·

212 2463 268 2522 nisi
291 2463 440 2522 sensilium
461 2462 637 2522 obiectorum
659 2461 766 2520 circulo
788 2460 911 2534 cognitio
935 2467 1032 2521 nostra
1053 2457 1258 2520 obvolveretur.

214 2547 304 2616 Quare
319 2547 444 2606 rationes
459 2547 518 2606 lere
534 2559 643 2620 omnes,
657 2559 731 2619 quae
742 2545 879 2604 Loclrium
892 2546 1108 2623 impugnarunt,
1123 2544 1259 2604 adversus

212 2629 457 2704 Lammiguicrum
471 2630 606 2690 militant.

249 2716 337 2790 Atque
357 2715 429 2774 haec
450 2719 549 2774 contra
568 2713 728 2788 empirlsmi
750 2718 905 2790 systemata
922 2714 1051 2779 innuisse
1074 2713 1207 2785 sufficiat,
1227 2715 1259 2773 ut

212 2799 284 2859 nihil
299 2798 394 2872 dicam
408 2796 444 2858 de
458 2797 572 2858 influxu
586 2798 721 2873 pestifero
732 2813 819 2874 quem
832 2799 882 2858 illa
896 2798 927 2860 in
941 2813 1036 2864 mores
1045 2803 1074 2858 et
1087 2797 1200 2874 praxim
1211 2795 1259 2859 ira·

211 2884 288 2946 beut.
301 2884 370 2944 Num
380 2883 405 2942 sl
414 2884 538 2942 sensatio
547 2887 590 2945 est
604 2883 668 2942 icus
677 2886 706 2942 ct
715 2897 850 2958 suprema
863 2899 951 2947 causa
959 2881 1140 2957 cognitionis,
1157 2895 1256 2941 neces

134 3029 140 3037 ,
213 2968 287 3028 sario
302 2967 484 3041 consequitur
498 2972 530 3028 ut
553 2969 589 3028 sit
609 2967 696 3038 etiam
710 2969 885 3044 principium
908 2973 938 3028 et
950 2969 1049 3042 regula
1067 2964 1256 3044 appetitionis.

212 3051 284 3111 Hinc
298 3051 370 3110 ratio
385 3051 451 3110 linis
465 3050 559 3111 ultimi
574 3069 612 3114 ex
631 3053 776 3128 voluptate
791 3068 936 3130 corporea,
957 3057 986 3112 et
1003 3066 1138 3110 mensura
1151 3049 1257 3110 officio

211 3137 334 3195 rumex
355 3135 476 3194 utilitate
500 3136 676 3196 desumenda
698 3143 796 3212 erunt;
820 3137 1180 3214 quemadmodumreapse
1197 3133 1256 3195 iere

212 3234 311 3280 omnes
325 3219 489 3296 empiristae
505 3221 533 3282 ri
547 3219 657 3295 logicae
671 3221 787 3284 adducti
801 3221 990 3298 praecipiunt.

256 3445 268 3491 1
288 3448 372 3503 decom
388 3445 416 3493 dr
429 3447 516 3506 pttla.
532 3444 573 3504 leg.
586 3443 716 3507 quatritme,
732 3442 793 3491 unde
808 3443 932 3492 meoiuditr
952 3442 1267 3516 ι1311111111111111111111ιί11ι
1376 3492 1377 3495 ,

213 3539 222 3566 ι
241 3521 359 3582 semproni
375 3521 431 3570 dono
446 3521 499 3568 trois
512 3519 612 3583 laeuus,
630 3524 652 3568 el
668 3518 721 3566 n’orr
736 3520 855 3582 eompraod
869 3536 912 3583 qus
926 3522 996 3569 trois:
1011 3521 1146 3583 i'rttention,
1160 3519 1183 3566 lu
1196 3531 1258 3564 eorm

214 3611 223 3637 ι
241 3596 358 3660 paralion,
373 3597 395 3649 io
409 3598 579 3646 reironnomont.
599 3615 609 3638 ι
628 3596 656 3640 111
668 3595 735 3657 paulo
751 3599 802 3645 ent·
818 3597 902 3644 dixmt
918 3617 929 3642 ι
945 3598 988 3646 Prr
1000 3595 1016 3644 l’
1028 3596 1135 3647 situation
1150 3595 1188 3658 qai
1203 3609 1258 3642 eor-

214 3688 223 3716 ι
242 3675 316 3718 centn
329 3670 442 3738 i’rolivitt,
459 3687 499 3738 prr
512 3670 534 3718 lo
549 3670 699 3735 comparaison
714 3670 752 3734 qui
767 3670 789 3718 ir
804 3676 892 3734 pertago
906 3676 930 3720 st
943 3673 983 3734 qui
996 3670 1058 3722 n’ast
1072 3670 1108 3736 ιμ’
1120 3686 1165 3718 nus
1178 3669 1259 3718 moth

214 3765 223 3791 ι
241 3746 357 3810 atlantion,
375 3762 415 3809 par
430 3747 452 3794 le
466 3747 630 3796 rnisonuemont
645 3747 683 3808 qni
697 3745 719 3793 ir
733 3745 803 3795 dirire
818 3762 906 3812 encore,
921 3753 943 3797 et
956 3748 996 3814 {ui
1010 3747 1068 3806 n’gst
1082 3744 1166 3815 qu'nne
1179 3743 1259 3798 double

210 3841 224 3882 ‚a
241 3822 401 3890 comparaison,
414 3821 500 3890 l’orprit
515 3823 603 3880 demeat
618 3821 675 3872 douo
691 3838 736 3876 oue
748 3823 872 3891 priusnos.
892 3843 901 3872 ι
980 3828 984 3837 ’
