2767 4492
518 395 596 443 nura
613 395 755 444 xeneam
1102 359 1172 446 aas

110 479 268 560 gubernare
284 485 385 558 petest,
400 483 490 542 imme
501 483 588 541 eiiam
598 483 805 558 dehetpropter
819 486 956 559 alliciam,
969 501 1027 560 orio
1037 485 1158 546 adstrin-

110 571 194 644 gitur,
211 569 358 644 pascendi·
370 583 495 643 gregem.
512 569 583 627 Hinc
598 567 741 628 Ecclesiae
762 569 809 628 ius
823 571 959 645 competit
973 586 1005 631 se
1022 572 1054 630 in
1068 572 1155 645 locis,

110 654 161 713 ubl
174 659 241 713 sunt
255 654 363 726 lldelcs,
377 653 572 714 constituendi
586 659 614 712 et
623 654 788 727 explicandi
798 653 911 714 diversa
921 671 1036 730 organa,
1053 656 1158 730 ouibus

112 739 265 814 spiritualis
278 741 403 813 potestas
421 739 584 798 exercenda
595 743 648 798 est.
666 739 697 798 lrl
710 755 748 798 ax
758 739 821 798 iura
832 744 861 799 et
877 755 1007 812 munere,
1024 741 1099 814 quod
1114 742 1159 800 in·

112 824 244 896 nuimus,
260 823 415 882 manifeste
435 823 633 898 consequitur,
651 829 679 882 et
697 825 817 883 insitum
831 828 876 883 est
894 823 998 898 cuique
1011 825 1070 896 rei,
1086 841 1161 898 qnae

111 908 165 967 hec
182 909 245 983 ipso
259 909 333 982 qued
349 913 442 966 exstat
457 909 575 982 alicubi,
595 909 695 967 innata
715 909 743 967 vi
757 909 863 968 fruitur
877 923 908 967 se
918 907 1001 967 iuxta
1015 910 1161 981 propriam

112 998 245 1052 naturam
259 992 418 1052 evolvendi.
436 993 572 1060 Quaevis
587 993 618 1051 in
633 993 747 1052 entibus
761 993 873 1052 ratione
889 993 1053 1052 carentibus
1063 992 1160 1066 phgsi·

113 1093 147 1136 ca
162 1081 272 1136 tanmm
282 1081 337 1151 est3
355 1081 384 1135 at
398 1077 430 1135 iu
440 1076 554 1135 entibus
568 1077 679 1136 ratione
694 1077 830 1151 praeditis
844 1078 876 1136 in
889 1075 1029 1136 moralem
1046 1091 1162 1134 convor-

113 1162 182 1220 titur
196 1166 279 1236 atque
292 1161 356 1220 ideo
372 1161 417 1220 ius
431 1161 587 1220 constituit.
601 1162 656 1222 llec
673 1176 742 1221 vero
759 1161 813 1220 hoc
823 1161 869 1220 ius
879 1161 1025 1220 Ecclesiae
1035 1161 1072 1218 ab
1082 1159 1162 1218 altio-

112 1261 144 1305 re
158 1246 253 1319 aliquo
267 1245 329 1304 iure
343 1245 440 1305 collidi
456 1261 584 1320 unquam
597 1249 703 1321 petest,
719 1248 803 1319 nam',
823 1251 854 1304 nt
869 1245 1014 1318 diximus,
1032 1245 1163 1304 divinum

114 1335 165 1402 est,
177 1335 204 1387 et
213 1333 354 1403 quatenus
362 1330 462 1389 fideles
473 1331 570 1404 allicit,
583 1331 716 1390 relationi
726 1331 879 1404 respondet
894 1331 1060 1402 altissimae,
1074 1343 1163 1402 quom

115 1406 245 1472 videlicet
261 1413 303 1472 illi
317 1415 426 1473 hebent
448 1419 580 1488 respectu
598 1415 658 1474 liei.
682 1416 858 1489 Quapropter
879 1414 973 1474 allicio
995 1414 1160 1487 respondet,

113 1513 168 1571 quo
184 1497 281 1558 fideles
296 1501 430 1558 maxime
442 1499 667 1573 adstringuntur,
680 1499 813 1572 quodque
823 1500 950 1558 hnmano
963 1498 1043 1557 nullo
1052 1501 1164 1556 contre·

115 1587 164 1640 ctu
176 1586 226 1640 aut
239 1584 384 1658 potestatis
400 1584 599 1658 praeceptione
614 1584 731 1642 dissolvi
745 1588 847 1657 potest.

152 1667 224 1724 llino
239 1667 326 1725 etism
339 1668 385 1727 ius
400 1669 543 1727 Ecclesiae
557 1668 718 1729 innascitur
731 1669 886 1728 exercendi
907 1668 1053 1743 propriam
1068 1671 1164 1726 eucte-

107 1751 228 1820 ·ritatem
238 1753 331 1825 quoad
339 1752 468 1810 ordinem
479 1752 657 1826 spiritualem
670 1753 753 1811 iuxta
763 1753 868 1827 triplex
880 1769 987 1812 munuc
999 1752 1076 1827 quod
1085 1766 1163 1811 com·

115 1835 255 1909 plectitur,
273 1837 411 1895 nimirum
426 1836 637 1910 legislativum,
654 1838 854 1910 executivum,
871 1838 1062 1896 iudiciariam.
1084 1835 1165 1904 Quod

115 1921 231 1993 quidem
240 1937 278 1979 ex
292 1922 407 1980 notione
422 1921 485 1994 ipse
500 1921 645 1980 societatis
660 1923 799 1995 exsurgit,
812 1937 907 1996 neque
921 1923 975 1981 suh
984 1922 1045 1980 nlla
1055 1921 1166 1979 ratione

117 2021 154 2063 ex
168 2006 293 2068 lcumena
308 2021 428 2064 assensn
443 2011 492 2064 sut
506 2006 655 2065 cellatione
670 2007 785 2080 pendet.
797 2007 826 2064 Si
840 2007 919 2065 eninr
929 2007 1083 2066 auctoritas
1092 2006 1164 2063 llaec

117 2105 175 2148 nen
189 2091 225 2147 ab
239 2089 404 2147 hominihus
422 2090 623 2162 proficiscitur,
640 2093 690 2150 sed
705 2107 722 2148 a
736 2094 792 2150 lieo
807 2092 992 2151 immendiate
1007 2090 1162 2160 confertum

118 2176 142 2232 si
156 2190 213 2232 non
228 2175 426 2232 constitutione
441 2173 573 2232 humana
588 2173 710 2232 subhac
724 2177 770 2233 vel
785 2177 875 2235 altere
888 2179 981 2236 lomna
995 2177 1162 2245 exercetur,

118 2259 168 2315 sed
184 2263 239 2316 tnta
257 2263 364 2329 quanta
384 2261 428 2314 est
449 2257 649 2315 constitutione
672 2259 770 2316 divina
788 2260 817 2316 io
838 2275 872 2318 eo
896 2262 1024 2319 subiecto
1043 2259 1163 2331 residet,

119 2341 193 2413 quod
208 2340 334 2397 Christus
350 2339 497 2413 delinivit3
515 2341 540 2400 si
555 2341 695 2413 cuiusque
711 2342 886 2399 auctoritatis
911 2346 1040 2402 extensio
1055 2360 1093 2402 cx
1107 2343 1166 2400 lino

118 2439 284 2484 mensuram
298 2431 460 2493 mutuatur,
478 2431 507 2485 et
522 2426 587 2485 linis
602 2426 633 2484 in
647 2425 774 2484 Ecclesia
787 2441 846 2483 non
863 2427 1008 2483 humanae
1024 2425 1165 2484 voluntati

119 2510 287 2582 subiicitur,
304 2509 357 2568 sed
374 2509 410 2567 ab
425 2509 488 2583 ipsa
507 2517 610 2569 natura
624 2511 686 2569 eius
702 2509 845 2568 societatis
859 2515 888 2566 ct
901 2511 1045 2568 voluntate
1064 2510 1167 2567 Christi

119 2596 322 2655 determinatus
342 2603 398 2656 est:
416 2597 479 2656 luce
494 2597 599 2656 clarius
615 2601 742 2670 apparet,
759 2611 818 2654 non
831 2610 915 2669 posse
937 2594 973 2652 ab
988 2592 1163 2666 hominihus,

120 2681 325 2754 cuiuscumque
340 2681 510 2740 conditionis
525 2683 590 2756 sint,
608 2683 688 2740 iilam
704 2681 903 2739 anctoritatem
917 2675 1166 2749 consentientia

121 2766 233 2824 divorsa
247 2767 376 2824 subiecta
390 2766 530 2840 dispesci,
544 2773 593 2824 aot
603 2766 669 2824 ullis
681 2765 891 2824 conditionibus
906 2761 1068 2836 temperari.
1081 2759 1166 2818 hltio·

120 2866 182 2909 rem
197 2849 274 2907 eninr
289 2849 375 2908 hehet
391 2865 517 2924 causam,
536 2867 639 2925 nernpe
655 2849 757 2908 Christi
771 2850 989 2920 institutionem,
1007 2861 1094 2920 quem
1109 2845 1168 2903 iru-
1261 2889 1265 2895 .

121 2934 204 2992 strati
215 2936 263 2992 aut
274 2938 450 2992 commutare
461 2941 510 2992 ant
521 2936 687 3008 praepedire
697 2935 777 2994 nulla
787 2935 914 2993 humana
924 2931 1055 2991 voluntas
1064 2934 1165 3003 potest.

158 3017 221 3078 205.
238 3017 307 3076 dum
321 3033 378 3076 noe
394 3017 439 3076 ius
449 3018 629 3092 canonicum,
642 3019 693 3078 sed
703 3019 833 3078 naturale
850 3023 1013 3089 haemmus,
1029 3019 1058 3073 et
1071 3015 1106 3072 vlo
1119 3011 1169 3069 Ec·

122 3103 210 3162 alesia
224 3117 281 3162 non
296 3119 332 3162 ex
347 3104 473 3175 professo
487 3109 572 3177 prout
587 3105 708 3162 materia
721 3105 894 3177 requireret,
912 3103 963 3162 sed
984 3097 1168 3167 summatim,

122 3195 263 3260 qnantum
284 3187 427 3259 generalis
448 3188 545 3262 aliqua
566 3189 643 3246 notio
664 3189 813 3262 importat,
831 3189 1019 3257 disseremus,
1037 3180 1171 3241 atusiori

123 3271 321 3345 explanatione
337 3272 523 3331 abstinemus.
541 3273 696 3332 Dnmtaxat
710 3275 767 3330 duo
779 3272 1004 3346 praetermittere
1018 3267 1096 3326 nollo
1110 3279 1171 3322 mo

122 3357 158 3414 do
174 3371 298 3430 possum,
315 3372 388 3430 quae
404 3373 471 3416 cum
485 3357 547 3416 eius
562 3357 716 3416 existentia
730 3357 859 3414 maxime
873 3358 1082 3415 connectuntur
1094 3355 1123 3408 et
1136 3349 1170 3407 in

123 3440 265 3516 praesenti
280 3441 515 3514 improbehorum
530 3458 616 3516 opera
630 3447 659 3501 et
673 3441 897 3516 sophismatibus
912 3441 1099 3516 impetuntur.

160 3527 286 3585 Primum
301 3531 344 3584 est
364 3527 408 3585 ius
424 3528 620 3602 proprietatis,
638 3529 714 3600 qued
728 3526 884 3599 Ecclesiae,
905 3529 937 3583 ut
950 3524 1068 3584 cuilibet
1082 3519 1172 3580 socie-

125 3611 185 3686 tati,
198 3611 322 3685 proieeto
337 3615 480 3684 competit.
497 3611 525 3670 Si
540 3613 617 3670 enim
628 3627 766 3685 personae
780 3610 953 3682 individuae,
969 3613 1001 3668 ut
1015 3606 1086 3666 alias
1096 3605 1171 3664 dixi-

123 3712 202 3769 mus,
226 3695 355 3754 natorale
374 3697 421 3754 ius
436 3695 545 3755 hahent
564 3695 741 3769 adipiscendi
757 3695 889 3754 stabilem
903 3693 1120 3767 proprietatem3
1139 3689 1171 3748 id

123 3783 212 3840 inulto
227 3782 319 3854 magis
334 3781 368 3838 de
384 3787 466 3840 coeto
482 3781 625 3854 plurium,
642 3780 692 3854 qui
708 3779 872 3838 societatem
886 3779 1055 3849 ellormant,
1076 3775 1171 3833 dicen·

123 3865 192 3922 dum
208 3871 259 3924 est.
280 3866 340 3926 lion
354 3867 438 3924 modo
454 3865 522 3938 qiua
536 3864 567 3923 in
581 3864 747 3923 collectione
763 3862 889 3937 plurium
903 3875 1016 3921 summe
1030 3859 1171 3920 conflatur

124 3947 231 4011 lorium
246 3949 435 4028 singidonum,
448 3964 521 4026 quae
535 3949 577 4012 sic
591 3948 622 4012 in
638 3963 729 4010 onum
739 3952 935 4024 coagmentata
948 3947 1032 4026 lenge
1046 3944 1172 4016 vendas
