2767 4492
192 253 228 312 72
636 261 798 309 mummius
831 263 839 280 ·

192 352 238 426 sit,
254 350 423 424 reducatur3
443 349 475 409 ll.
492 349 525 409 ut
548 359 642 407 sermo
663 346 715 406 fiat
732 347 768 405 de
781 345 913 408 eiusdem
930 347 1121 423 applicatione
1140 346 1181 406 ad'
1193 361 1240 406 co·

193 434 426 587 assumendam.
447 431 583 506 Quocirca
597 431 725 508 quinque
739 431 866 495 articulis
885 438 971 515 caput
983 433 1040 497 hoc
1054 431 1241 509 comproben-

614 689 782 751 Anmcuuus
797 690 818 749 Ι.

385 861 424 921 Dc
435 869 572 938 macoptu
587 868 614 920 ct
630 859 786 922 cromatio
800 861 871 936 lepis
884 861 1046 923 accuratis.

229 1035 274 1095 46.
291 1035 378 1110 Leges
401 1033 559 1108 generatim
573 1049 591 1094 a
608 1032 804 1108 Montesquieu
819 1033 993 1092 deliniuntur
1006 1033 1047 1092 ita
1066 1039 1099 1092 ut
1121 1033 1179 1093 sint
1192 1051 1242 1095 ne·

195 1120 334 1180 cessariae
349 1119 516 1193 relationes,
533 1135 607 1194 quae
622 1135 660 1178 ex
675 1134 772 1179 rerum
786 1127 889 1178 natura
903 1118 1051 1178 dimanant
1065 1120 1091 1176 ⁴.
1107 1119 1179 1178 Hinc
1193 1135 1243 1178 au-

194 1211 254 1265 ctor
267 1205 315 1265 ills
330 1205 365 1264 ad
380 1205 473 1280 legem
488 1205 626 1265 moralem
643 1204 770 1264 bominis
784 1204 949 1276 inveniann,
965 1219 1031 1263 cam
1047 1219 1184 1278 reponere
1199 1204 1241 1262 ri·

195 1290 321 1352 daturin
337 1290 513 1364 respectibus
531 1291 580 1364 qui
591 1306 627 1350 cx
643 1290 847 1350 constitutione
865 1295 993 1363 naturae,
1011 1305 1068 1364 qna
1080 1284 1242 1349 bomo‘con·

195 1379 264 1448 stat,
285 1374 504 1448 proficiscuntur
519 1377 543 1433 ².
561 1375 664 1435 Verum
680 1376 734 1434 bae
748 1374 878 1434 notiones
895 1388 999 1449 parum
1017 1373 1128 1434 oblecto
1142 1389 1243 1434 conso-

195 1460 274 1515 nant.
292 1455 349 1514 Lex
363 1456 451 1528 enim,
468 1455 521 1514 etsi
530 1459 651 1514 naturas
663 1470 760 1514 rerum
775 1469 931 1528 earumque
945 1453 1131 1513 relationibus
1145 1469 1243 1514 conso

195 1554 265 1598 nare
279 1540 393 1612 exigam
410 1555 476 1599 cum
497 1539 533 1599 iis
548 1543 645 1600 tomm
659 1539 859 1598 confundenda
883 1554 942 1598 non
956 1543 1016 1611 est3
1034 1538 1084 1596 sed
1097 1537 1161 1596 cius
1174 1553 1242 1597 con·

197 1629 306 1697 ceptus,
324 1625 348 1682 si
364 1624 524 1698 generatim
538 1624 670 1697 sumitur,
686 1624 815 1698 regulam
829 1623 923 1697 potius
938 1622 1093 1697 quamdam
1106 1622 1240 1696 exbibet,

196 1708 278 1766 iuxta
302 1724 389 1782 quam
404 1723 502 1768 rerum
520 1709 698 1783 operationes
720 1708 953 1780 determinentur,
970 1707 1044 1765 llaec
1062 1707 1188 1780 acceptio
1202 1707 1243 1764 la·

198 1792 306 1851 tissime
324 1797 416 1866 patet,
435 1797 463 1851 et
481 1793 563 1851 iuxta
578 1795 669 1867 ipsam
691 1792 777 1851 rebus
792 1791 926 1852 omnibus
946 1791 995 1850 lex
1008 1791 1125 1851 attribui
1140 1797 1241 1866 potest.

198 1877 243 1935 Sic
260 1891 378 1951 corpora
399 1879 542 1952 inanima,
559 1877 721 1952 plantarum
736 1894 850 1952 genera,
866 1877 988 1953 belluae,
1005 1877 1144 1951 homines,
1160 1876 1243 1952 quid·

140 2006 145 2010 .
197 1959 266 2033 quid
280 1956 403 2035 denique
419 1968 563 2036 operatur,
580 1962 640 2020 suis
655 1962 768 2035 legibus
781 1962 939 2023 instruitur.

117 3970 152 3977 Δ

233 2046 266 2104 At
274 2046 400 2120 pressius
417 2045 472 2105 troc
486 2061 590 2106 nomen
607 2046 726 2120 normis,
744 2063 816 2122 quae
831 2063 848 2106 a
862 2047 971 2106 ratione
986 2046 1094 2105 artibus
1106 2046 1243 2121 praescri·

195 2128 318 2204 buntur,
338 2131 532 2204 significandis
549 2138 672 2207 aptatur.
683 2133 728 2191 Sic
742 2132 798 2191 dici
809 2132 900 2192 solent
913 2131 989 2206 leges
1003 2133 1142 2207 picturae,
1158 2131 1236 2206 leges

197 2217 304 2289 poesis,
321 2215 399 2290 leges
413 2216 604 2291 eloquentiae,
622 2217 698 2291 leges
713 2217 893 2276 aestbeticae.

233 2300 357 2360 'landem
372 2301 469 2360 stricto
480 2307 508 2360 et
521 2302 637 2376 propria
651 2302 816 2376 acceptione
830 2302 878 2360 len
887 2303 1013 2362 actiones
1021 2302 1144 2362 morales
1153 2302 1243 2378 respi-

198 2387 237 2446 cit
252 2401 286 2444 ac
299 2385 429 2461 regulam
447 2386 591 2462 exprimit,
604 2403 662 2461 qua
673 2387 738 2444 illae
750 2391 952 2466 temperantur.
972 2387 1039 2446 Eius
1053 2393 1166 2462 etymon
1179 2403 1199 2445 a
1210 2386 1243 2446 li-

198 2472 291 2545 gando
306 2471 372 2531 duci
392 2477 496 2547 potest,
514 2473 621 2548 quippe
635 2472 684 2532 lex
699 2471 886 2544 obligatione,
903 2487 988 2545 quam
1007 2471 1099 2544 affert,
1115 2471 1244 2530 uolunta·

200 2562 256 2615 tem
272 2557 307 2615 ad
322 2557 374 2615 tras
391 2558 519 2618 actiones
533 2557 630 2631 potius
645 2571 734 2631 qnam
752 2555 824 2614 alias
837 2556 994 2615 exerendas
1008 2556 1167 2629 adstringit.
1185 2558 1245 2616 Hoc

199 2657 283 2702 sensu
300 2647 415 2715 accepta
430 2642 477 2700 lex
491 2641 651 2713 delinitura
666 2641 695 2699 S.
707 2640 827 2699 Tboma:
843 2639 993 2698 ordinatio
1008 2641 1134 2699 salmati
1146 2640 1186 2698 oct
1196 2641 1244 2698 bo·

198 2742 436 2786 rcumcornmuoc
451 2727 487 2785 ob
502 2742 542 2798 co,
560 2727 615 2800 qui
631 2741 739 2784 curam
752 2724 977 2783 communitatis
996 2724 1091 2799 habet,
1109 2725 1243 2800 promut-

198 2819 271 2884 poto
287 2814 311 2870 5.
332 2811 408 2879 Quae
423 2810 576 2884 descriptio
596 2809 703 2883 optima
718 2815 775 2882 est,
791 2815 820 2868 et
837 2810 873 2867 ad
887 2815 1057 2883 conceptum
1075 2810 1144 2884 legis
1158 2810 1245 2884 plene

199 2895 403 2954 declarandum
417 2895 639 2954 accommodata.
652 2895 721 2953 Gcrm
732 2895 811 2954 enim
828 2893 978 2953 ordinatio
987 2895 1115 2952 rationis
1128 2895 1242 2968 dicitur,

200 2980 330 3038 innuitur
345 2981 375 3038 in
392 2979 492 3052 primis
506 2979 599 3053 origo,
622 2996 709 3054 quam
728 2980 764 3039 ab
778 2980 923 3039 intellectu
935 2985 964 3038 et
976 2979 1120 3038 voluntate
1133 2979 1181 3038 lex
1195 2979 1245 3038 ba·

199 3065 268 3123 bore
283 3063 376 3122 debet.
393 3064 450 3123 Etsi
462 3063 540 3122 euim
550 3063 702 3138 legislator,
719 3080 787 3124 cum
797 3065 886 3138 legem
898 3064 1002 3131 condit,
1014 3063 1142 3123 iussione
1149 3064 1247 3124 rotun·

200 3149 265 3208 tatis
288 3148 416 3208 subditos
434 3148 540 3221 obliget
555 3154 640 3223 atque
655 3149 690 3207 ad
706 3155 930 3208 consentaneum
948 3148 1036 3208 finem
1054 3148 1180 3221 ordinct3
1201 3164 1246 3207 ra·

201 3233 286 3293 tionis
302 3239 395 3292 tamen
411 3233 498 3292 ductu
514 3238 542 3291 et
556 3248 657 3291 norma
667 3233 785 3306 regitur,
802 3239 834 3292 ut
848 3233 968 3307 imperio
979 3233 1105 3292 actiones
1119 3232 1247 3292 subdito-

199 3333 265 3378 rum
284 3319 326 3376 sic
343 3319 491 3392 respiciat,
509 3317 751 3392 quemadmodum
768 3323 872 3376 natura
885 3323 914 3376 et
927 3323 1023 3378 rectus
1033 3318 1101 3378 ordo
1110 3318 1244 3393 postulat.

200 3403 317 3461 Additur
337 3405 434 3461 autem
449 3402 488 3461 oct
504 3401 613 3460 bonum
630 3417 799 3470 comosum,
813 3407 847 3460 ut
864 3401 913 3461 lex
927 3403 1119 3476 distinguatur
1133 3418 1150 3461 a
1164 3417 1245 3475 prae·

200 3495 291 3562 cepto,
308 3489 382 3562 quod
397 3503 455 3547 non
470 3489 521 3547 toli
535 3488 744 3562 communitati,
757 3488 806 3547 sed
821 3488 958 3562 peculiari
973 3504 1111 3564 personae
1125 3487 1248 3561 imponi·

201 3572 288 3646 nitur,
305 3578 389 3648 atquc
398 3573 485 3633 etiarn
496 3589 513 3631 a
523 3573 633 3648 privato
642 3573 758 3635 bomine
770 3573 883 3649 iniungi
896 3579 989 3648 potost
1000 3574 1049 3649 qui
1060 3572 1186 3634 dominio
1197 3570 1247 3634 ati·

188 3833 189 3836 Ἴ
245 3779 621 3844 supermiserunt.

245 3855 260 3899 2
305 3886 311 3897 .
329 3869 349 3898 c.
367 3855 390 3899 2.
496 3863 505 3884 ·

245 3856 373 3975 digamma
391 3931 466 3976 Tbcot.
484 3930 494 3976 l
512 3931 536 3992 2,
555 3947 576 3996 q.
595 3933 634 3996 9⁰,
651 3937 692 3982 ort.
709 3935 732 3981 l.
