2767 4492
201 274 255 340 idi
525 287 917 342 uarsrnrsrmsmsnmrs

146 369 151 373 ’
201 377 303 438 edonis
317 375 499 436 adminiculo.
519 377 589 436 Cum
602 377 680 438 enim
703 377 897 451 praedicatum
916 373 1042 435 habeant
1054 381 1137 437 extra
1151 378 1244 440 sunie-

202 464 240 523 ali
259 463 404 522 notionem
423 462 566 536 positum,
582 467 728 537 nequeunt
744 461 892 536 generalia
907 476 969 520 essa
982 460 1012 520 vi
1031 477 1092 522 sua
1118 463 1244 539 itemque

201 561 268 607 aum
286 547 347 608 sola
360 547 539 622 aperiendo
551 546 698 620 nitantur,
713 546 887 606 universalia
904 545 1014 606 censeri
1033 561 1091 606 non
1105 555 1242 624 possunt,

201 632 258 692 nisi
272 632 398 706 legitima
411 631 536 706 plurium
550 645 669 690 mutum
681 631 857 691 enumeratio
867 631 898 690 id
911 629 1051 705 gradatim
1060 631 1096 692 de
1109 633 1243 694 omnibns

199 718 377 792 persuadeat.
404 717 449 778 Sic
472 731 539 777 aum
562 716 634 791 lapis
657 717 762 791 aliquis
780 731 838 776 non
857 715 989 776 suffultus
1007 715 1140 778 deorsum
1160 734 1245 780 mere

200 802 294 877 primo
308 802 500 876 conspiciam
516 815 574 860 non
590 807 682 876 potest
696 801 749 862 noo
762 801 897 860 continuo
911 801 947 860 de
961 802 1095 862 omnibus
1109 807 1184 864 certo
1198 819 1245 864 as-

201 888 267 960 seri,
279 888 329 948 sed
343 901 461 947 neeesse
475 892 519 946 est
532 886 739 962 experientiam
753 887 788 946 de
802 886 933 960 pluribus
947 888 1113 947 nonmetari.
1129 889 1163 947 it
1176 903 1245 964 quo-

200 973 279 1032 niam
288 973 353 1033 lieri
361 973 461 1048 nequit
474 978 507 1031 ut
519 972 668 1032 individua
681 973 779 1032 omnia
792 971 996 1047 periclitemur3
1012 985 1085 1048 quae
1101 973 1243 1034 axiomata

199 1058 356 1118 universali
370 1057 659 1133 eomprehenduutur3
676 1057 782 1116 idcireo
797 1063 840 1117 est
854 1063 886 1116 ut
899 1058 1026 1132 quaestio
1040 1065 1176 1133 exsurgat
1189 1073 1246 1132 pua

199 1142 309 1202 ratione
324 1142 470 1202 axiomata
483 1141 624 1202 eiusmodi
639 1155 792 1202 certaesse
806 1143 925 1218 possint.
1267 1193 1269 1198 .

236 1229 282 1288 68.
300 1227 359 1297 Oua
374 1226 405 1288 in
419 1243 450 1288 re
468 1227 598 1297 nonnulli
620 1242 687 1286 eum
702 1228 801 1288 Wollio
821 1229 987 1288 exmdmant
1005 1243 1039 1290 aa
1052 1234 1136 1304 prout
1148 1230 1185 1289 ad
1198 1245 1246 1288 aa·

34 1345 39 1356 ·
101 1317 104 1321 ’
201 1329 249 1372 sus
262 1313 465 1385 exenduutug
479 1313 514 1372 de
528 1312 633 1386 qviibus
647 1313 824 1387 experientia
839 1314 966 1372 nondum
982 1315 1056 1373 lacta
1070 1319 1126 1388 est,
1142 1315 1246 1389 proba-

200 1398 270 1457 bilia
285 1403 395 1456 tantum
409 1412 488 1472 asse,
505 1413 563 1458 non
583 1403 676 1471 eerta3
692 1397 812 1456 indtthia
826 1403 922 1456 autem
937 1398 1053 1472 haben,
1070 1399 1095 1458 si
1109 1399 1144 1458 ad
1160 1415 1244 1458 casus

201 1487 311 1542 tanum
324 1483 382 1542 iam
396 1482 557 1557 exploratos
574 1482 792 1556 resumgnntur.
809 1482 887 1542 Unde
905 1483 1107 1547 certitudinem
1128 1483 1186 1542 illis
1200 1484 1247 1542 tri-

199 1567 292 1627 buunt
304 1567 464 1627 relativam.
947 1563 952 1571 '

234 1653 339 1714 Verum
356 1653 424 1713 huie
438 1653 565 1728 opinioni
580 1654 760 1728 adquiescere
773 1652 892 1713 minime
906 1667 1067 1728 mamimus.
1091 1652 1149 1714 litai
1164 1654 1242 1713 enim

200 1753 257 1798 non
271 1753 337 1798 raro
354 1753 400 1796 res
419 1738 460 1797 ita
480 1754 511 1798 se
533 1737 657 1812 habeat3
678 1744 776 1797 tamen
795 1753 880 1812 saepe
899 1739 986 1798 etiam
1002 1739 1146 1798 axiomata
1159 1739 1243 1797 indu·

200 1823 293 1882 adona
307 1822 380 1882 tulta
392 1823 589 1883 omnimodam
601 1822 847 1883 universalitatem
861 1837 927 1882 aum
941 1823 1109 1883 certimdine
1124 1823 1184 1882 veri
1197 1835 1248 1881 no·

200 1907 287 1966 minis
301 1907 447 1967 exhibent.
464 1907 510 1966 Sic
523 1924 570 1968 ex.
587 1923 630 1982 gr.
645 1923 713 1967 eum
726 1909 824 1982 ignem
837 1908 966 1980 adurere,
986 1914 1036 1967 aut
1050 1923 1169 1982 corpora
1182 1921 1246 1982 gra·

194 1992 324 2056 vitasse
339 1991 536 2066 affirmamus3
560 1993 590 2052 id
604 1993 641 2051 de
656 1992 791 2052 omnibns
805 1991 922 2052 omnino
936 1992 1140 2067 intelligimus,
1162 1996 1247 2066 atque

200 2078 241 2138 ita
255 2084 287 2137 ut
300 2077 456 2136 certissime
477 2083 609 2151 putemus
630 2093 688 2136 non
711 2093 773 2138 esse
788 2093 841 2136 nec
855 2077 946 2136 ullum
968 2078 1028 2137 iore
1042 2076 1242 2150 individuum,

200 2163 248 2224 etti
263 2163 456 2239 praedicatum
466 2161 536 2222 illud
551 2177 608 2222 non
622 2167 780 2237 competat;
798 2162 851 2221 sub
866 2161 920 2221 hae
935 2168 1047 2222 tanmnt
1061 2162 1246 2238 exceptione,

200 2248 256 2307 nisi
282 2247 355 2307 Deus
375 2247 407 2306 in
430 2261 500 2306 casu
524 2247 648 2321 quodam
671 2247 809 2320 peculiari
833 2247 994 2321 prodigium
1017 2253 1130 2322 patrare
1153 2245 1247 2320 velit,·
1346 2247 1349 2260 ·

200 2333 275 2408 quod
288 2332 465 2394 certitudinis
479 2332 594 2406 quidem
608 2332 745 2407 pnvsicae
763 2333 911 2407 proprium
925 2338 983 2406 est,
999 2347 1064 2402 eam
1080 2337 1175 2391 tamen
1189 2343 1247 2390 non

201 2418 338 2478 infirmat.

236 2505 326 2572 Quare
340 2504 422 2564 aliter
435 2502 606 2577 explicanda
618 2517 665 2562 res
679 2506 732 2562 est.
750 2504 839 2577 itque
854 2517 921 2562 oum
931 2501 1028 2561 iudicii
1049 2501 1248 2562 universalitas

200 2603 252 2664 per
274 2589 367 2648 solam
389 2587 635 2648 enumerationem
657 2601 776 2646 manum
797 2586 956 2661 compared
978 2593 1099 2661 nequeat
1123 2589 1132 2661 l
1143 2587 1248 2660 quippe

200 2673 271 2732 haec
285 2687 398 2747 semper
411 2671 563 2746 peculiaris
572 2679 616 2731 est
626 2673 697 2730 etad
706 2672 895 2730 determinata
904 2671 1051 2731 individua
1065 2669 1244 2743 mamintus),

200 2773 272 2832 opus
288 2763 331 2818 est
344 2763 376 2817 ut
389 2757 518 2818 dieamus
531 2758 559 2816 ei
572 2756 746 2832 principium
760 2757 902 2830 quoddam
916 2757 1090 2832 analyticum
1113 2753 1246 2814 subveni-

159 2834 166 2848 '
200 2857 246 2918 re,
258 2843 334 2918 qnod
348 2842 509 2904 absolutam
523 2841 767 2902 universalitatem
782 2841 931 2900 includens
950 2841 1063 2900 indiciis
1077 2839 1248 2914 mnhusdam

200 2929 472 3004 experimentaliltus
487 2927 685 2988 observatione
695 2925 818 2986 dilatatis
832 2925 1076 2985 universalitatem
1090 2923 1248 2984 communi·

200 3021 254 3074 cet.
280 3013 312 3072 Et
324 3030 393 3073 sane
407 3013 483 3088 quod
496 3012 553 3073 huo
567 3013 722 3087 coningere
741 3027 812 3086 opus
826 3011 882 3086 sit,
899 3011 1045 3071 evidenter
1059 3010 1160 3070 elucet.
1177 3010 1248 3068 Nam

200 3098 226 3156 si
239 3099 356 3159 ellecms
369 3113 507 3172 superare
521 3113 639 3157 oausam
651 3098 751 3171 nequit
762 3115 769 3172 3
782 3095 880 3156 indicii
890 3096 1090 3155 universalitas
1099 3107 1247 3168 nunquam

201 3198 219 3242 a
239 3181 456 3257 singularibus,
482 3182 533 3241 sed
546 3183 583 3241 ab
600 3181 756 3240 universali
781 3181 904 3256 quodam
924 3181 1036 3255 prodire
1051 3179 1158 3254 debet;
1184 3177 1248 3237 nni-

123 3344 126 3349 >
200 3268 310 3327 versele
332 3271 428 3328 numm
446 3283 498 3342 per
514 3283 547 3328 se
564 3267 680 3328 nonnisi
698 3266 837 3326 iudicium
855 3265 970 3341 aliquod
992 3265 1165 3339 analyticum
1183 3275 1246 3324 esso

203 3357 304 3428 potest.

236 3439 294 3498 Hoc
307 3454 374 3498 vero
388 3437 527 3498 iudicium
541 3437 725 3512 analyticum,
742 3437 817 3512 quod
832 3437 869 3496 ad
883 3436 1125 3496 universalitatem
1140 3435 1186 3494 iris
1204 3434 1248 3493 iu-

202 3522 283 3582 diciis
302 3523 540 3599 impertiendam,
565 3528 629 3597 post
646 3523 779 3581 idoneam
803 3537 921 3582 casuum
942 3521 1129 3596 peculiarium
1151 3519 1247 3579 obser-

201 3608 343 3668 vationem
358 3609 481 3683 accedat,
498 3607 637 3684 principio
652 3605 837 3667 casualitotis
851 3607 1026 3666 continetur:
1042 3603 1121 3665 altit
1138 3603 1249 3664 conlisa

202 3692 247 3769 pit
270 3693 378 3768 absque
391 3711 501 3769 cauom·
518 3694 584 3767 vel,
602 3694 626 3753 si
641 3693 744 3753 melius
759 3692 856 3766 lubet,
879 3691 1020 3768 principio
1034 3689 1160 3752 mdonis‘
1173 3687 1249 3750 suili-

202 3776 316 3836 cientis:
336 3777 415 3838 nihil
429 3787 469 3840 est
485 3780 549 3840 siae
566 3778 683 3838 animae
700 3777 877 3852 susfieieotl,
897 3779 928 3838 in
942 3778 1018 3852 quod
1032 3775 1127 3852 ipsum
1143 3773 1254 3851 princi·¹

185 3858 283 3942 pium
295 3861 467 3925 causaliatis
485 3863 646 3926 resolvitur.
662 3863 774 3925 Etenim
792 3867 944 3940 postquam
959 3861 1120 3930 observatio
1135 3859 1200 3922 talis
1213 3859 1250 3920 de
