2767 4492
496 289 551 334 sna
566 287 743 335 omronoon
1092 274 1142 335 163

82 378 123 436 est
136 390 203 436 non
219 373 361 452 pervertit
374 387 428 434 nec
442 368 584 433 immutat.
601 371 646 432 Sic
660 371 738 432 notio
752 371 887 448 qenertee
902 369 1053 444 animalis,
1070 377 1146 445 quae

81 461 285 521 substantiam
300 459 418 519 exhibet
430 459 498 532 rita,
514 463 595 517 motu
609 457 763 516 intrinseco
779 462 807 516 et
820 473 905 517 sensu
921 457 1094 533 praeditam,
1115 457 1146 516 id

79 547 179 619 refert,
198 546 282 620 quod
296 545 327 604 in
342 549 407 604 enta
417 561 450 603 eo
460 543 576 603 nomine
586 543 733 614 designato
748 557 846 616 reapse
857 544 940 601 inest.
958 544 1033 618 Opus
1049 548 1146 602 autem

79 630 188 689 mentis
205 629 242 689 in
257 630 312 688 hoc
322 630 457 703 cernitur,
474 629 549 704 quod
563 627 707 686 obiectum
721 625 1143 701 eeoioersotiterrepraesentet,

79 719 106 772 et
120 716 270 788 praecisa
284 714 380 788 aliqua
393 712 565 788 proprietate
584 709 754 784 essentiali,
781 725 853 784 quac
872 711 1006 784 deinceps
1026 712 1062 770 ad
1083 727 1145 786 spe

78 799 154 857 ciem
179 799 407 874 concipiendam
427 799 518 858 instar
539 796 721 871 differentiae
744 795 916 868 adiungitur.
945 795 999 854 Sed
1018 795 1072 854 lroe
1087 811 1145 856 non

77 884 212 943 destruit
227 885 405 943 elementum
418 899 486 942 rere
501 881 685 954 obiectirum,
702 879 777 954 quod
791 879 822 938 in
836 880 900 938 idea
910 879 959 938 illa
974 881 1145 952 continetur,

75 972 104 1025 et
120 969 209 1042 quod
228 983 297 1041 eum
312 967 399 1026 rebus
414 968 483 1042 ipsis
497 983 515 1025 a
528 970 624 1024 mente
639 964 769 1038 cogitatis
790 963 931 1024 convenit.

113 1051 163 1111 30.
187 1053 305 1112 Aeritm
318 1051 494 1128 disputatum
509 1054 552 1109 est
565 1050 710 1124 quondam
729 1063 747 1106 a
762 1045 957 1124 philosophis,
983 1051 1147 1113 differretnc

73 1151 136 1194 non
154 1137 262 1195 solum
277 1141 416 1210 conceptu
430 1135 582 1194 sedetiam
597 1149 628 1191 re
643 1131 796 1190 existentia
811 1130 846 1188 ah
863 1133 966 1192 actuali
988 1141 1016 1193 et
1029 1137 1147 1210 physica

73 1236 187 1279 rerum
204 1219 342 1293 essentia,
360 1237 397 1278 an
412 1235 504 1277 secus
521 1217 647 1275 Bretiter
662 1215 807 1290 (quoniam
823 1231 869 1274 res
887 1217 1071 1277 nonridetur
1085 1237 1148 1279 esso

72 1304 167 1376 tanti,
187 1307 229 1360 ut
241 1318 294 1361 nos
308 1303 443 1374 detineat)
459 1301 582 1359 dicimus
596 1299 791 1371 existentiam,
811 1299 865 1357 etsi
878 1300 987 1359 ratione
1002 1307 1030 1360 et
1048 1319 1149 1362 eonce-

68 1393 131 1463 ptu
151 1387 195 1444 ab
214 1386 321 1444 actuali
335 1385 377 1443 rei
393 1385 517 1444 essentia
531 1382 760 1456 discriminetm;
777 1382 813 1440 ab
828 1397 863 1440 ea
877 1385 1150 1459 tamenneutiquam

71 1487 109 1530 re
126 1468 270 1528 differre.
282 1469 411 1528 Essentia
426 1469 503 1528 enim
517 1467 655 1540 actualis,
673 1483 725 1526 seu
739 1483 812 1541 quae
827 1483 885 1525 non
900 1471 931 1524 at
946 1467 1089 1542 possibilis
1104 1485 1149 1528 co-

75 1556 209 1628 gitatur,
230 1552 280 1611 scd
294 1558 327 1618 ut
340 1553 372 1612 in
386 1566 483 1612 rernm
497 1557 601 1610 natura
609 1551 725 1627 physice
740 1556 823 1610 extra
839 1557 964 1610 mentem
980 1551 1080 1628 posita,
1098 1553 1151 1612 hoc

77 1639 145 1713 ipso
163 1637 300 1697 existens
315 1642 377 1712 est,
398 1638 467 1712 quin
483 1653 554 1712 opus
570 1636 675 1695 habeat
689 1637 852 1695 actualitate
865 1637 925 1695 ulla
941 1645 990 1697 aut
1004 1637 1112 1712 forma,
1133 1653 1151 1700 a

79 1740 112 1784 se
132 1721 264 1784 entitate
278 1723 420 1797 distinam
437 1727 466 1783 et
479 1738 531 1800 per
546 1737 633 1798 quam
648 1721 774 1782 existens
790 1720 987 1788 constituatur.

506 1895 676 1954 Anrrcunrs
696 1893 739 1952 lll.

277 2066 316 2124 lie
329 2055 446 2126 motione
460 2067 534 2126 entis
547 2065 704 2124 necessarii
719 2071 744 2123 et
758 2065 970 2141 eontioqeotis,

134 2199 149 2224 ,
234 2149 388 2210 laetabilis
399 2158 425 2211 et
436 2150 644 2220 immutabitis,
662 2153 842 2226 temporanei
853 2159 878 2210 et
894 2153 1015 2212 oeterni.

122 2321 169 2380 31.
191 2321 253 2381 llas
268 2321 397 2380 notiones
410 2313 471 2380 una
485 2318 704 2396 coniungimur,
728 2327 877 2397 propterea
891 2325 966 2398 quod
992 2323 1150 2384 arctissimo

86 2403 162 2464 inter
178 2423 212 2466 se
230 2404 344 2464 nneulo
360 2404 538 2480 colligantur,
556 2411 640 2480 atque
655 2405 728 2466 aliae
742 2411 895 2467 nectuntur
910 2425 948 2466 ex
963 2409 1036 2468 aliis.
1055 2409 1088 2467 rt
1101 2410 1151 2467 ita·

88 2506 144 2564 que
160 2507 203 2551 ex
218 2491 267 2564 iis,
284 2491 360 2550 unde
370 2490 497 2565 reliquae
512 2496 645 2566 manant,
667 2493 817 2567 exordiar,
834 2491 1033 2553 necessariora
1047 2493 1152 2554 dicitur

86 2574 177 2650 illud,
195 2577 277 2652 quod
300 2576 341 2635 ita
354 2581 415 2650 est,
431 2581 463 2635 ut
477 2582 601 2650 nequeat
616 2593 674 2636 non
689 2593 761 2637 esso.
779 2579 857 2646 Quod
873 2586 971 2638 eontra
986 2577 1026 2637 ita
1041 2585 1102 2652 est,
1120 2583 1152 2638 ut

86 2663 179 2733 possit
193 2676 257 2720 non
272 2676 347 2734 essc;
364 2662 534 2741 copti-nqeae
544 2662 717 2736 appellatur.
738 2661 810 2720 llinc
826 2665 962 2736 quoniam
978 2655 1084 2738 aliquid
1099 2664 1151 2721 dn·

84 2744 155 2817 plici
170 2749 259 2821 paeto
274 2746 373 2819 nequit
388 2762 446 2804 non
460 2761 532 2818 esse,
552 2746 690 2804 nimirum
706 2745 753 2803 rel
768 2745 897 2803 absoluto
916 2753 944 2803 et
958 2747 1151 2818 independen-

89 2833 132 2887 ter
156 2847 176 2889 a
199 2846 383 2904 quacumque
398 2831 496 2909 ,libera
515 2828 694 2900 conditione,
721 2827 766 2885 vel
787 2827 966 2900 hypothetice
986 2843 1035 2884 seo
1055 2827 1152 2899 aliqua

88 2914 259 2973 conditione
275 2912 366 2974 libera
391 2911 556 2984 supposita,
582 2909 738 2967 necessitas
753 2906 886 2964 bifariam
905 2907 1095 2980 dispescitur:
1121 2910 1153 2968 in

89 2997 265 3056 obsolute-m
279 3000 307 3052 et
322 2993 551 3067 hypotheticam.
568 2991 613 3048 Sic
628 2989 801 3061 necessitas,
824 3006 879 3064 qua
895 2992 1001 3051 circulo
1016 2993 1151 3066 competit

87 3077 265 3149 rotunditas,
282 3076 428 3149 absoluta,
446 3073 611 3147 necessitas,
623 3089 689 3147 qua,
702 3073 848 3146 supposita
858 3075 1010 3150 creatione,
1027 3077 1151 3136 mundus

90 3180 150 3224 non
165 3161 261 3238 potuit
274 3178 332 3221 non
348 3161 492 3234 existere,
515 3158 698 3234 hypothetica
712 3158 887 3218 nominatur.
913 3159 1007 3218 Prima
1028 3159 1151 3220 vocitata

93 3253 137 3306 est
151 3248 243 3306 etiam
258 3245 435 3318 antecedens,
452 3245 541 3304 altera
555 3244 631 3302 dicta
645 3250 688 3304 est
704 3243 791 3303 etiam
808 3259 1001 3320 consequens,
1028 3261 1061 3304 oo
1077 3247 1151 3320 quod

94 3331 320 3406 suppositionem
335 3331 462 3405 aliquam
478 3333 676 3403 consequatur.
698 3329 748 3389 Illa
769 3345 835 3387 cnm
849 3329 1043 3404 contingentia
1062 3331 1152 3389 irenti-

97 3431 185 3488 quam
209 3403 360 3490 sociatur3
385 3415 564 3491 apertissime
588 3413 666 3473 enim
685 3418 827 3488 repugnat
851 3413 997 3488 quidpiam
1023 3415 1151 3474 absolate

95 3501 232 3575 omnique
247 3501 409 3562 conditione
420 3506 528 3562 semota
537 3501 732 3560 necessarium
742 3513 813 3568 esse,
825 3499 960 3573 idemque
971 3499 1148 3580 contingens.

98 3584 129 3641 tt
143 3586 232 3646 altera
246 3587 420 3660 necessitas,
436 3588 574 3646 nimirum
588 3585 790 3662 hqpothctica,
818 3584 1049 3660 contingentibus
1064 3585 1150 3644 etiam

97 3665 243 3746 competit,
257 3673 361 3748 quippe
376 3671 463 3731 etiam
478 3668 517 3746 id,
535 3671 610 3747 quod
625 3673 894 3746 contingenterest,
912 3669 981 3728 dum
995 3675 1037 3730 cst
1052 3673 1151 3746 nequit

100 3765 156 3809 non
170 3770 242 3828 esse,
259 3772 310 3815 seu
324 3756 537 3830 hypotheticam
546 3757 747 3816 necessitatem
762 3755 865 3814 induit.
881 3753 1007 3828 lienique
1022 3757 1150 3814 absolute

100 3839 294 3900 necessarium
306 3839 441 3901 bilariam
455 3841 598 3913 sumitur,
625 3857 711 3905 sonsa
726 3840 858 3902 videlicet
871 3837 982 3916 sindo,
1008 3847 1148 3915 quatenus
