2767 4492
519 313 598 363 mats
615 309 758 360 alannae

533 497 702 555 laureanus
720 492 741 552 l.

452 668 491 728 lte
497 673 634 746 potestate
646 664 821 740 teptstatioe.

171 839 229 902 lte.
249 839 481 919 Supremadnter
494 845 589 916 partes
610 835 787 899 auctoritatis
805 851 840 896 ea
862 838 921 906 est,
939 849 1019 913 ,quae
1031 836 1108 914 leges
1123 841 1162 901 fe·

114 929 217 987 tendas
234 929 359 1003 respicit.
375 929 449 988 llaec
465 927 543 987 enim
560 925 674 1000 regulas
689 924 813 998 imponit
827 924 964 998 operandi
979 932 1009 983 et
1023 926 1108 986 totins
1120 927 1161 987 ri·

115 1020 158 1073 lae
182 1015 295 1074 socialis
315 1013 484 1091 praescribit
498 1012 636 1072 ordinem.
655 1011 734 1070 Unde
748 1010 784 1068 ad
799 1009 882 1068 facile
903 1010 1095 1069 deliniendam
1110 1028 1161 1086 gu·

113 1097 206 1159 bernii
222 1101 362 1172 formam,
384 1099 522 1173 dispicere
545 1096 653 1156 suflicit
666 1095 696 1153 in
712 1110 771 1169 quo
786 1094 915 1153 subiecto
931 1095 1050 1154 facultas
1066 1095 1160 1168 legum

114 1184 325 1244 scisceudarum
342 1184 474 1257 resideat,
490 1199 560 1242 num
579 1182 609 1240 in
623 1196 682 1240 uno
697 1179 845 1238 individuo
859 1195 897 1238 an
911 1179 941 1238 in
965 1179 1090 1252 plurium
1107 1180 1161 1240 eol-

112 1266 255 1341 leclione;
281 1283 338 1342 qua
359 1267 394 1326 de
410 1267 585 1326 rediterare
604 1269 719 1324 exstant
734 1263 904 1338 populorum
926 1264 1158 1338 constitutiones,

110 1357 193 1426 prout
207 1367 276 1411 cura
295 1353 467 1428 procurandi
483 1353 550 1412 boni
563 1349 725 1411 communis
739 1349 790 1409 uni
804 1349 985 1423 potissimum
1000 1350 1158 1424 indiuiduo,

112 1441 144 1494 ut
162 1437 190 1495 in
208 1438 384 1511 monarchia,
404 1444 452 1498 aut
464 1437 557 1497 coetui
572 1451 608 1496 ox
626 1435 757 1509 pluribus
778 1434 958 1508 coalescenti,
977 1435 1160 1494 utincctcris

110 1521 208 1580 formis
221 1521 281 1581 sive
292 1523 470 1598 simplicibus
490 1523 550 1581 sive
570 1519 677 1592 mixtis,
699 1520 898 1578 demandatur.

163 1605 277 1682 Quare,
305 1607 439 1682 quicum
460 1608 604 1668 Roasseau
624 1620 792 1680 supremum
810 1604 966 1679 imperinm
989 1607 1093 1681 populo
1113 1607 1160 1665 ad·

108 1689 225 1764 dicunt,
242 1693 275 1766 in
287 1691 341 1750 boo
359 1692 486 1751 maxime
506 1691 682 1763 adlaborant,
703 1695 735 1748 ut
752 1695 878 1748 statuant
892 1691 939 1749 ius
954 1691 1063 1750 ferendi
1081 1691 1160 1764 leges

111 1775 225 1834 nonnisi
243 1777 278 1834 nd
294 1776 431 1851 populum
454 1777 483 1836 vi
504 1784 623 1835 naturae
649 1775 802 1850 pertinere-
823 1776 878 1834 Sed
898 1781 1008 1834 matum
1028 1775 1109 1834 abest
1129 1780 1161 1834 ut

111 1857 166 1919 hoc
184 1859 228 1920 ius
249 1861 276 1920 ti
290 1866 410 1920 naturae
428 1861 534 1937 populo
549 1860 718 1934 vindicetur,
734 1867 768 1918 ut
785 1861 882 1934 potius
900 1860 1004 1919 rationi
1020 1865 1161 1934 repugnet

108 1943 291 2020 illudpopulo
308 1953 408 2020 sponte
423 1947 530 2022 largiri.
547 1945 605 2004 Etsi
620 1946 699 2006 enim
709 1946 832 2020 populus
844 1945 1037 2018 necessitates,
1056 1946 1160 2019 quibus

106 2031 255 2104 promitur,
266 2030 390 2090 vividius
402 2032 595 2106 presentiscat,
613 2032 712 2106 eisque
727 2031 886 2090 remedium
901 2031 1032 2104 postulet;
1053 2037 1157 2103 tamen,

109 2129 175 2174 cunr
192 2115 340 2188 imperitus
357 2117 402 2174 sit·
413 2121 441 2174 et
460 2117 628 2188 imprudens
644 2120 671 2174 et
688 2115 778 2176 animi
795 2115 1057 2189 perturbationibus
1076 2115 1160 2174 valdo

106 2197 266 2271 obnoxius,
288 2199 388 2271 nequit
406 2199 568 2258 discernere
587 2205 616 2257 et
635 2199 756 2258 definire
771 2201 816 2258 rel
838 2201 926 2260 eliam
946 2215 1044 2260 amare
1064 2200 1160 2260 media
1243 2207 1246 2217 ’

105 2297 179 2355 quae
195 2289 354 2356 opportuna
373 2281 430 2340 sint
447 2290 475 2342 et
492 2297 559 2341 cum
575 2283 636 2342 eius
656 2283 779 2340 utilitate
799 2285 838 2342 ita
857 2285 1063 2359 concilientur,
1079 2285 1160 2344 ulal-

105 2365 224 2423 tioribus
242 2366 496 2426 relationibusnon
516 2367 722 2425 contradicant.
742 2366 835 2433 Quare
850 2367 916 2426 licet
932 2369 978 2427 ias
999 2371 1159 2443 postulandi

104 2455 153 2508 aul
169 2448 337 2523 suffragium
353 2451 476 2524 eligendi
496 2465 564 2525 eae,
580 2450 630 2526 qui
645 2466 697 2510 ruo
717 2451 834 2510 nomine
850 2452 926 2524 leges
941 2465 1102 2526 proponant
1120 2461 1160 2532 lsi

104 2535 195 2593 forma
214 2535 362 2609 regiminis
381 2537 410 2595 id
428 2535 516 2610 ferat)
539 2535 643 2611 populo
661 2535 782 2594 concedi
801 2536 902 2609 possit,
925 2543 1020 2596 lamen
1036 2539 1159 2600 iusexa·

103 2619 232 2678 minandi
250 2620 326 2694 leges
343 2637 447 2696 casque
464 2622 578 2680 tandem
595 2621 743 2680 sanciendi
760 2619 804 2679 illi
823 2621 1044 2694 incongruenter
1061 2625 1158 2684 etinc-

103 2709 152 2778 pte
167 2704 348 2763 tribueretur.
370 2705 400 2764 ld
426 2705 505 2764 caim
525 2706 712 2780 multiplicem
732 2704 900 2778 seientiam,
921 2705 1020 2764 iudicii
1040 2708 1158 2780 maturi·

103 2793 200 2862 tatem,
219 2789 410 2848 constantiam
426 2791 515 2849 animi
532 2799 560 2849 el
576 2805 703 2850 amorem
723 2789 837 2859 virtutis
851 2789 986 2862 exquirit,
1003 2806 1158 2865 quaenun-

104 2873 161 2932 nisi
180 2873 209 2931 in
229 2873 348 2932 cultiore
364 2879 392 2932 ct
418 2875 622 2948 praestantiore
643 2873 787 2935 societatis
804 2880 884 2948 parte
904 2877 1094 2936 communiter
1111 2895 1155 2938 re·

104 2957 265 3031 perluatur.

159 3041 218 3100 lta.
237 3042 269 3101 Ut
284 3050 422 3118 quantum
438 3044 506 3105 satis
526 3051 587 3120 est,
610 3045 774 3106 distinctam
795 3047 941 3108 notionem
956 3049 1102 3123 potestatis
1116 3049 1154 3110 le·

101 3124 249 3200 gislatltae
264 3129 474 3206 exhibeamus,
501 3131 555 3190 tria
575 3133 717 3192 illustrare
732 3139 860 3208 oportet:
889 3135 1026 3194 ambitum
1054 3136 1082 3194 in
1100 3152 1157 3211 quo

101 3213 262 3285 spatiatur3
283 3213 361 3272 dotes
378 3215 482 3288 quibus
497 3217 558 3275 eius
573 3217 711 3290 effectus,
732 3233 837 3293 nempe
854 3220 940 3293 leges,
957 3221 1153 3296 instruuntur,

102 3294 232 3355 subsidia
246 3311 319 3371 quae
334 3301 493 3373 comparari
510 3299 615 3361 debent
630 3303 724 3361 atrita
740 3309 918 3362 exerceatur.
934 3305 967 3363 lit
981 3307 1015 3363 ad
1029 3307 1156 3380 primum

104 3382 179 3455 qrtod
194 3381 303 3454 attinet,
321 3383 461 3444 eiusmodi
472 3387 605 3462 ambitae,
623 3387 671 3462 qui
688 3388 794 3447 limites
808 3390 895 3447 etiarn
907 3391 1077 3465 suppeditat,
1094 3391 1157 3465 qui-

102 3463 158 3524 bus
172 3465 323 3524 auctoritas
345 3474 508 3544 coercetur,
531 3489 567 3531 ex
589 3473 646 3532 lino
665 3473 865 3533 diiudicandus
880 3477 1098 3550 estsocietalis,
1119 3478 1156 3535 ad

102 3565 189 3624 utrem
205 3551 358 3610 auctoritas
377 3568 428 3612 suo
446 3557 583 3618 exercitio
599 3559 691 3618 socios
701 3559 842 3618 adducere
858 3561 968 3619 nititur.
985 3562 1069 3621 Porro
1079 3561 1156 3621 bunc

101 3635 189 3694 linem
204 3637 235 3695 in
250 3643 368 3695 externo
384 3647 538 3716 apparatu,
563 3644 612 3717 uui
635 3643 736 3702 ordine
750 3645 852 3703 morali
867 3644 1055 3720 informetur,
1078 3653 1107 3706 et
1123 3646 1155 3705 in

103 3721 200 3781 debita
215 3723 392 3784 ordinatione
403 3732 569 3786 mutuarum
584 3728 756 3787 relationum
772 3729 879 3790 civium
892 3734 1073 3806 pmcuranda
1083 3733 1155 3792 situs

36 3868 49 3884 ‚
103 3811 156 3864 est.
174 3807 525 3884 Hincelncetpotestatem
540 3814 729 3888 legislativum
744 3830 801 3874 non
825 3833 916 3892 usque
935 3834 969 3877 eo
989 3820 1105 3893 porrigi,
1122 3823 1155 3877 ut

100 3891 330 3954 constitutionem
356 3893 448 3970 ipsam
471 3897 715 3960 fundamentalem
738 3902 799 3962 suis
820 3903 932 3964 acubus
947 3905 1085 3980 attingat,
1103 3904 1153 3965 sed
