2767 4492
234 329 314 492 suffiae
327 431 360 494 nt
372 434 405 494 ut
418 433 516 494 miseri
530 433 561 496 hi
575 344 810 506 hominm&
821 427 1025 508 propemodum
1039 429 1218 510 stupidiores,
1231 431 1278 493 ui·

236 516 278 576 bii
293 515 363 590 fere,
376 519 451 591 quod
465 533 582 578 sensum
596 523 720 594 superet,
735 504 892 591 intelligere
906 511 1028 579 valeant.

272 601 366 662 lltera
385 602 561 678 ignorantiae
575 619 662 664 causa
675 603 744 662 ordo
759 608 958 678 praeposterus
975 600 1133 665 studiomm
1147 608 1200 661 est.
1215 603 1279 665 lion

236 686 321 762 pauci
335 687 414 748 enirn
426 693 496 758 ‚sunt
509 693 605 748 nostra
619 689 787 786 praesertim
802 690 980 762 tempestate,
995 685 1060 760 qui,
1076 701 1173 749 morae
1187 687 1278 762 impa-

237 772 349 842 tientes,
361 779 410 832 out
422 773 533 850 pueruli
544 774 580 834 ad
591 772 786 848 philosophiae
800 772 937 832 studiose
952 772 1110 846 conferunt,
1122 778 1278 846 antequem

232 858 412 918 -facilioribus
425 859 591 934 disciplinis,
603 860 688 920 aetati
703 858 910 930 consentaneis,
921 863 1048 917 mentem
1057 857 1094 915 ad
1104 857 1204 918 altiora
1219 857 1278 916 dis·

236 943 397 1018 posuerint3
410 949 460 1007 aut
473 945 504 1010 in
518 945 613 1020 plures
627 943 763 1004 scientias
777 959 880 1018 empne
895 942 1017 1016 dissitas,
1029 942 1134 1016 quibus
1143 958 1197 1002 nec
1208 948 1278 1002 tem·

237 1043 291 1102 pus
303 1045 356 1090 neo
367 1029 514 1104 ingenium
524 1031 657 1104 suppetit,
668 1028 755 1090 simul
766 1027 946 1088 incumbunt.
958 1027 1017 1096 Quo
1026 1027 1141 1088 tenore‘i
1151 1027 1185 1087 tlt
1194 1042 1281 1086 mens

236 1119 416 1186 praemature
432 1115 559 1174 adhibita
575 1119 603 1174 et
618 1114 732 1189 aggerie
746 1113 875 1174 idearum
889 1113 964 1172 ultra
977 1111 1053 1172 uires
1066 1128 1218 1187 oppressa,
1236 1113 1279 1172 le-

237 1199 312 1259 uiter
325 1203 374 1260 aut
387 1215 425 1260 ne
438 1198 538 1258 leviter
552 1197 668 1274 quidem
683 1197 840 1258 erudiatm.

273 1283 364 1344 'tertia
382 1284 557 1360 ignorantiae
572 1299 658 1344 eausa
671 1299 709 1344 ex
722 1282 875 1344 immodico
893 1283 1099 1345 abstractamm
1117 1282 1278 1343 subtilium-

238 1384 294 1443 que
308 1368 501 1442 cognitionum
516 1373 679 1444 contemptu
693 1368 840 1444 repetitur.
851 1369 918 1428 Fato
932 1369 1010 1430 enim
1024 1368 1120 1429 nescio
1135 1383 1191 1443 quo
1205 1368 1278 1428 haee

237 1453 378 1514 sententia
398 1454 553 1514 mrdtmum
567 1455 678 1514 animos
691 1459 829 1528 occupat:
845 1453 984 1528 quridquid
997 1469 1083 1528 supra
1097 1469 1214 1513 sensum
1227 1469 1278 1512 ex-

238 1538 361 1614 tollitur,
382 1538 521 1614 quidquid
534 1539 713 1614 experientia
721 1538 874 1598 oculorum
887 1539 933 1598 uel
948 1543 1039 1607 laeuus
1052 1553 1110 1598 non
1124 1544 1167 1598 est
1180 1538 1279 1613 explo-

236 1627 347 1698 ratum,
363 1623 501 1698 qrridquid
516 1623 731 1703 ratiocinatione
744 1623 857 1693 nititru,
874 1624 1013 1700 quidquid
1026 1624 1217 1686 universalem
1230 1639 1278 1684 oo

238 1707 395 1780 gnitionem
409 1707 536 1780 exhibet,
548 1707 686 1782 quidquid
701 1707 733 1764 in
746 1723 859 1776 summa
873 1707 962 1768 altum
976 1710 1065 1784 sapit,
1077 1710 1193 1770 nonnisi
1206 1708 1278 1770 deli-

237 1796 410 1866 ramentum,
421 1792 606 1866 chimaeram,
617 1791 734 1850 inanem
743 1792 927 1854 subtilitatem
937 1811 1009 1854 esse.
1020 1795 1079 1863 Ouo
1090 1795 1190 1857 vitioso
1198 1809 1279 1859 more

237 1876 361 1934 allicitur
374 1882 406 1934 ut
424 1892 505 1936 mens
527 1881 653 1951 torpeat,
676 1892 710 1935 ac
730 1877 916 1938 nobilioribus
938 1879 1073 1953 neglectis
1092 1879 1274 1954 notionibus,

236 1959 414 2033 ignorantiae
429 1961 553 2021 tenebris
568 1967 716 2022 teneatur:
725 1953 1014 2036 Cavendum’quidem
1029 1970 1080 2037 est,
1097 1980 1134 2023 ne
1149 1965 1277 2038 specula-

237 2044 323 2103 tionis
337 2045 470 2104 illecebra
484 2062 565 2106 mens
579 2047 688 2106 irretita
703 2047 791 2106 nimis
806 2063 943 2122 magnum
957 2048 1083 2108 studium
1101 2048 1277 2123 multamque

239 2144 355 2203 operam
370 2131 497 2189 conterat
511 2131 542 2190 in
554 2147 601 2191 res
616 2132 751 2191 obscuras
765 2148 798 2191 ae
813 2133 944 2192 difficiles
964 2133 1135 2207 easdemque
1153 2148 1211 2193 non
1229 2149 1276 2192 ne-

239 2215 386 2276 cessarias.
401 2217 435 2276 ts
448 2217 605 2278 curandum
619 2218 726 2292 pariter
739 2224 791 2292 est,
807 2234 843 2278 ne
857 2234 893 2280 ea
905 2218 1082 2292 omittantur,
1095 2219 1158 2278 sine
1172 2219 1276 2293 quibus

237 2298 390 2376 pleraeque
408 2301 575 2375 disciplinae
589 2318 647 2362 non
661 2303 812 2363 seientiam
825 2304 876 2364 sed
889 2304 1028 2364 iacmrum
1049 2304 1220 2378 indigestam
1235 2303 1276 2364 bi·

239 2387 355 2448 storiam
369 2387 584 2462 praeseferrent.
630 2435 632 2440 .

273 2471 377 2539 Quarta
386 2487 474 2532 eausa
483 2488 521 2530 ex
531 2473 628 2548 inepta
637 2473 795 2536 studiorum
804 2474 941 2534 electione
950 2475 1092 2549 dimanat3
1104 2491 1189 2550 saepe
1198 2473 1276 2536 eninr

237 2558 271 2616 nt
282 2561 316 2615 ut
329 2558 407 2616 nullo
422 2557 606 2628 scientiarum
623 2559 748 2632 delectu,
765 2559 836 2634 quin
849 2566 991 2635 spectetur
1005 2578 1061 2636 quo
1075 2560 1223 2636 ingenium
1236 2561 1276 2620 ie·
1372 2584 1373 2589 ¹

237 2645 292 2713 nat,
310 2641 345 2699 ad
359 2657 393 2700 ea
407 2642 500 2702 studia
516 2643 709 2702 adolescentes
724 2644 931 2720 propellantur,
947 2647 983 2706 ed
997 2663 1070 2721 quae
1084 2663 1143 2706 non
1156 2654 1274 2720 natura,

237 2739 297 2782 non
311 2725 470 2794 consilium,
487 2727 536 2786 sed
551 2741 643 2800 casus,
661 2729 814 2802 temeritas,
830 2729 918 2789 hbido
932 2731 1019 2790 ducit.
1030 2732 1101 2791 ilinc
1115 2747 1170 2790 usn
1183 2730 1277 2790 evenit

236 2813 270 2866 ut
282 2813 311 2866 et
323 2809 354 2868 in
368 2810 414 2870 his
428 2826 543 2886 operam
557 2811 709 2888 oleumque
722 2814 860 2889 perdant,
877 2820 906 2875 et
918 2817 1020 2876 ceteris
1041 2817 1197 2891 disciplinis
1218 2831 1276 2874 non

235 2892 410 2972 imbuantur,
423 2897 460 2956 ad
470 2911 542 2972 quiae
552 2897 689 2958 idoneum
703 2898 850 2972 ingenium
867 2901 956 2961 sortiti
970 2908 1047 2962 sunt.
1057 2904 1213 2979 inequam
1225 2901 1276 2976 igi·

234 2981 281 3038 tur
292 2981 356 3056 quis
367 2981 435 3042 huie
450 2984 543 3058 potius
557 2999 644 3058 quam
659 2983 742 3044 alteri
754 2985 920 3059 disciplinae
934 2988 1047 3061 penitus
1062 2987 1233 3048 hauriendae
1243 3002 1275 3046 se

234 3063 328 3140 dedat,
340 3067 497 3128 consideret
512 3083 616 3143 quaeso
631 3068 701 3142 quid
713 3069 826 3130 valeant
838 3070 961 3146 humeri,
972 3073 1040 3147 quid
1049 3072 1123 3132 terre
1133 3075 1273 3144 recusent,

234 3162 289 3208 neo
303 3165 402 3220 omnes
416 3167 499 3227 posse
512 3153 618 3212 omnia.

270 3232 315 3291 to.
331 3235 371 3294 hd
389 3252 514 3296 errorem
529 3252 595 3296 vero
609 3237 685 3312 qnod
704 3240 821 3314 attinet,
838 3240 886 3300 hio
900 3257 958 3301 non
972 3246 1017 3302 est
1029 3242 1107 3302 ahud
1127 3258 1214 3318 quarn
1229 3256 1273 3302 as·

236 3331 338 3378 sensus
351 3320 439 3382 falsae
452 3322 637 3397 propositioni
651 3323 804 3399 adhibitus,
816 3327 862 3386 vei
874 3329 1019 3388 dissensus
1033 3344 1130 3402 rerae3
1143 3345 1216 3403 quae
1226 3343 1273 3402 pe·

238 3402 337 3464 stiiera
350 3407 544 3480 cognitionum
557 3408 619 3468 lues
632 3409 711 3469 uario
724 3425 763 3470 ex
777 3411 854 3473 tonte
867 3413 995 3474 dimanet
1009 3416 1035 3475 t,

214 3623 215 3628 ’
285 3615 297 3664 l
315 3617 413 3668 Brennus
427 3615 527 3671 notiones
540 3621 606 3671 iilam
619 3623 685 3672 idolo
701 3626 819 3690 nominet,
835 3642 950 3691 amnique
964 3632 1056 3691 metuar
1069 3641 1148 3689 genera
1160 3629 1275 3673 recount:

239 3689 304 3740 idolo
319 3697 410 3751 tribue,
425 3698 489 3746 idolo
505 3713 598 3760 moa,
617 3699 681 3747 idota
698 3702 762 3762 sori,
780 3701 845 3749 idota
860 3705 953 3750 mmet.
970 3702 1031 3749 idola
1044 3703 1113 3749 tribum
1126 3701 1217 3749 fundite
1231 3717 1279 3748 esse

239 3767 271 3815 eit
283 3765 307 3814 in
322 3768 370 3832 ipss
381 3770 494 3821 bominum
510 3781 602 3837 nomm,
617 3789 656 3822 sen
670 3776 762 3840 medua,
779 3795 804 3825 ox
819 3795 844 3826 os
858 3781 992 3826 acessionem
1007 3795 1104 3843 minere,
1119 3785 1183 3842 etque
1200 3779 1278 3824 borum

238 3847 321 3906 septem
334 3843 406 3896 ionia
419 3850 521 3912 utignet.
537 3851 621 3900 Primus
636 3855 668 3900 est
681 3853 794 3902 inclinetis
807 3857 888 3903 manha
901 3857 929 3903 od
942 3857 1045 3904 maiorem
1059 3857 1159 3904 ordinem
1169 3861 1192 3903 ot
1200 3870 1278 3917 sequi*

239 3917 323 3974 tetum
335 3922 466 3982 udonem
480 3927 505 3982 in
517 3927 591 3996 reim,
606 3943 671 3995 man
684 3945 761 3998 mopso
771 3934 809 3986 sit.
826 3933 856 3986 ΙΙ.
871 3933 945 3987 mint
958 3932 1065 3990 timeo
1077 3933 1107 3985 ab
1119 3934 1158 3999 ih,
1172 3947 1229 3998 tw
1240 3947 1280 3997 ¹⁰⁴.
