2767 4492
243 325 299 394 ali
472 345 477 351 ·
686 346 848 393 resumere

234 448 290 508 quo
304 446 362 491 non
378 430 469 489 libera
483 428 630 488 voluntate
650 430 700 489 ssd
719 446 757 491 ex
779 430 873 491 cilicio
897 438 1033 491 certantur
1048 446 1156 507 parcre
1171 441 1197 493 ct
1222 448 1290 493 con-

233 516 342 576 sentire
360 514 540 575 subicctioni.
558 514 598 572 lid
613 514 682 589 quid
698 516 787 588 igitur
800 516 940 577 dissensio
956 522 1053 576 nostra
1068 518 1234 577 reducitur?
1250 520 1290 577 brt

233 603 290 661 hoc
302 602 460 673 dumtaxat,
477 599 553 674 quod
568 614 605 658 ex
620 598 731 660 duobus
747 601 898 674 capitibus,
917 601 1022 676 quibus
1037 602 1224 662 determinari
1240 618 1289 661 su·

234 687 361 745 bioctum
370 684 546 745 auctoritatis
561 690 662 759 potest,
673 685 813 745 nimirum
827 687 894 745 iuro
907 686 1075 762 percalcato
1086 692 1114 745 et
1124 684 1212 746 tibere
1223 702 1289 747 cort-

233 786 330 844 scncu,
348 785 399 829 nos
414 776 548 845 putemus
564 771 689 846 primurn
704 786 766 829 esse
780 769 832 845 por
845 786 883 845 so,
901 772 1061 830 secundum
1073 788 1128 849 por
1138 772 1289 845 occidens,-

233 856 336 914 Suarez
351 854 496 914 ricoversa
515 856 661 915 existimat
683 856 842 915 secundum
858 857 1024 930 contingere
1040 857 1067 916 ri
1083 862 1212 930 naturae,
1230 857 1289 931 pri·

234 957 316 1001 munr
340 942 368 1001 ri
394 942 674 1003 circumstantiarum
689 942 880 1017 quarumdam
896 944 1093 1018 peculiarium.
1118 944 1178 1012 Qua
1202 944 1233 1003 iu
1256 960 1288 1002 rc

236 1030 307 1088 tanti
321 1030 375 1089 riri
390 1045 469 1089 orror
483 1030 549 1089 inde
563 1031 710 1103 processit,
728 1027 804 1105 quod
819 1030 940 1105 gradum
955 1030 1055 1090 iecerit
1070 1046 1106 1090 cx
1121 1028 1226 1089 ordino
1237 1030 1288 1089 ab·

234 1122 343 1173 structo
357 1116 392 1173 all
406 1122 582 1183 coracrclom,
600 1116 680 1173 nulla
695 1116 794 1174 babita
808 1117 917 1175 ratione
934 1116 1082 1191 lectorum,
1100 1132 1174 1191 quae
1190 1114 1226 1173 ad
1241 1115 1287 1174 ius

235 1198 485 1259 determinandum
498 1200 687 1258 intercedunt.
701 1200 771 1260 Nam
783 1215 820 1259 ex
835 1216 868 1259 co
878 1200 954 1275 quod
965 1200 1084 1260 societas
1096 1201 1126 1260 in
1136 1200 1192 1259 sua
1200 1200 1287 1260 ideali

235 1284 351 1342 notione
365 1284 435 1343 dicit
449 1283 664 1343 multitudinem
679 1288 707 1343 et
722 1286 921 1344 auctoritatem
937 1290 1083 1360 tamquam
1098 1286 1143 1345 ius
1159 1285 1187 1343 in
1199 1300 1233 1343 ea
1244 1285 1288 1344 in·
1374 1348 1375 1359 p

236 1367 425 1427 determinate
440 1367 577 1437 existens,
590 1369 652 1427 sine
667 1368 726 1427 nlla
739 1369 936 1443 designatione
946 1370 1079 1443 subiecti3
1092 1370 1201 1444 putauit
1211 1369 1287 1427 idem
1374 1374 1375 1383 ’

236 1452 375 1525 accidere,
394 1468 460 1511 cunr
475 1459 631 1527 conceptus
646 1454 695 1511 ille
713 1454 873 1513 realitatem
894 1454 989 1514 induit
1003 1454 1034 1514 in
1049 1460 1188 1513 concreto.
1208 1454 1288 1522 Ouorl

234 1543 350 1596 nonest
367 1538 416 1596 ita.
433 1540 503 1598 liam
524 1538 616 1597 civilis
631 1539 761 1612 societas,
786 1544 818 1597 ut
840 1540 976 1606 diximus,
993 1556 1050 1598 non
1073 1540 1131 1598 ictu
1155 1540 1230 1598 oculi
1250 1556 1288 1598 ex

234 1623 352 1695 regione
366 1624 450 1681 ideali
460 1623 608 1682 deseendit
622 1624 653 1682 in
670 1631 773 1697 terras;
787 1624 836 1682 scd
847 1626 987 1698 paulatim
999 1624 1153 1683 succrc'scit
1164 1625 1289 1683 naturali

236 1722 324 1766 cursu
338 1722 374 1765 ex
389 1708 570 1781 praecedenti
585 1708 719 1767 societate
736 1708 765 1767 in
783 1726 839 1783 qua
854 1724 966 1783 semper
980 1710 1060 1769 adest
1076 1711 1121 1767 ius
1137 1710 1289 1768 ordinandi

234 1792 448 1850 multitudinem
462 1794 639 1851 inconcreta
655 1792 753 1868 aliquo
768 1794 895 1853 subiecto
911 1794 1048 1853 residens.
1065 1794 1096 1852 El
1108 1808 1177 1853 saue
1192 1794 1290 1852 surma-

235 1888 300 1934 mus
314 1876 488 1951 exemplum,
500 1878 575 1951 qaroll
591 1878 693 1935 Suarez
705 1878 766 1953 ipso
782 1880 888 1952 prolert
903 1880 938 1937 ad
948 1894 1010 1937 rem
1021 1878 1234 1953 explicandum.
1246 1880 1290 1938 nit

235 1961 331 2018 enim:
353 1962 428 2019 «Hic
443 1967 540 2020 autem
554 1976 712 2021 consensus
734 1962 822 2021 variis
840 1964 932 2023 modis
954 1964 1073 2037 intelligi
1093 1969 1193 2038 polest.
1213 1964 1291 2023 iners

239 2068 251 2095 ι
268 2048 320 2118 ost,
333 2047 364 2103 ul
379 2045 518 2119 paullatim
528 2052 556 2105 et
571 2047 653 2120 quasi
669 2048 829 2107 successive
839 2048 922 2107 detur
933 2060 1016 2122 prout
1031 2049 1190 2107 successive
1202 2064 1293 2123 popan-

239 2152 252 2182 «
268 2130 313 2188 lus
328 2136 461 2202 augetur:
476 2136 508 2189 ut
522 2146 568 2189 ext
586 2147 628 2204 gr.
645 2132 676 2190 in
687 2132 798 2191 familia
814 2134 887 2192 Atiae
901 2134 946 2191 vel
963 2133 1101 2206 Abrabae,
1120 2140 1168 2191 eut
1183 2134 1242 2192 alio
1254 2134 1292 2193 sl·

241 2214 347 2287 ‹mili,
371 2214 402 2273 in
426 2214 568 2290 principio
592 2216 779 2277 obediebator
801 2218 906 2277 bdamo
933 2224 1076 2292 tamquam
1101 2218 1215 2293 parenti
1239 2234 1293 2277 scu

241 2299 485 2375 «patrifamilias,
502 2306 530 2361 et
551 2308 649 2375 postea
669 2308 816 2361 crescente
836 2302 940 2376 populo
960 2304 1051 2377 potuit
1077 2303 1216 2363 subiectio
1238 2304 1290 2362 illa
1375 2302 1376 2351 f

238 2408 250 2435 ι
267 2386 466 2445 continuuriet
476 2402 634 2446 consensus
644 2388 761 2447 extendi
772 2388 806 2446 acl
817 2386 1008 2447 obediendum
1020 2388 1062 2446 illi
1073 2388 1160 2447 eliam
1172 2394 1203 2448 ut
1214 2390 1288 2462 rogi,
1375 2412 1376 2460 p

238 2490 250 2520 r
268 2470 380 2543 qrrunelu
396 2473 586 2531 communitas
606 2473 654 2531 illa
675 2474 768 2546 coeprit
787 2488 849 2531 esse
865 2474 999 2547 perlecta.
1017 2472 1048 2531 lit
1064 2474 1182 2533 fortasse
1197 2474 1292 2533 multa
1375 2492 1376 2505 ²

238 2578 251 2605 e
267 2570 356 2627 regna
371 2557 413 2629 (et
427 2556 456 2615 in
471 2558 637 2630 particulari
653 2558 779 2631 primunr
798 2572 919 2631 regnum
940 2574 1076 2617 romanae
1092 2558 1232 2631 ciuitatis)
1248 2559 1291 2616 ita
1375 2622 1376 2629 χ

238 2659 250 2691 ι
267 2641 446 2714 inceperunt.
462 2639 495 2699 Et
508 2642 562 2701 boc
576 2641 661 2700 modo
677 2643 757 2714 regia
773 2646 896 2715 potestas
912 2648 940 2701 ct
954 2644 1144 2702 communitas
1160 2644 1291 2717 perlecta

240 2748 252 2775 α
270 2722 617 2800 simulinciperepossunt
633 2726 823 2785 ⁴.»lamvero
834 2727 1289 2801 qrrisdicetauctoritntcmbbra-

234 2808 290 2866 bue
304 2824 350 2867 ex.
367 2824 409 2882 gr.
426 2824 498 2883 quae
513 2811 571 2868 iam
585 2826 623 2869 ex
638 2810 794 2871 domestica
809 2812 868 2870 lere
884 2812 999 2887 politica
1011 2820 1141 2873 euaserat
1152 2815 1235 2887 (aaut
1246 2814 1290 2872 le=

235 2893 328 2951 ricbat
342 2894 456 2952 loerlera
469 2909 535 2952 cum
547 2896 661 2969 populis
675 2902 703 2955 et
717 2912 805 2971 parvo
820 2897 948 2956 exercitu
968 2904 1131 2972 comparato
1150 2898 1291 2957 adversus

235 2980 331 3037 hostes
345 2978 419 3038 bello
435 2980 594 3055 pugnabat)
610 2997 647 3040 ex
662 2996 803 3041 consensu
820 2982 995 3040 familiarum
1011 2988 1059 3042 aut
1074 2984 1291 3042 indiuiduorum

236 3064 341 3137 cruribus
356 3063 514 3136 imperabat
530 3066 719 3138 processisse?
730 3066 904 3125 Potuissetne
918 3066 967 3124 illa
985 3067 1145 3135 nrrrltitudn,
1156 3068 1186 3126 in
1197 3084 1290 3142 qtranr

234 3150 373 3223 gratulatim
397 3150 506 3209 laurilia
520 3150 648 3209 Abrahae
663 3168 695 3210 se
710 3152 873 3227 explicarit,
887 3152 1063 3226 superiorem
1083 3152 1171 3211 alium
1182 3152 1292 3227 delige·

234 3250 275 3306 re,
293 3234 340 3293 cui
351 3234 512 3308 patriarcba
526 3236 588 3309 ipse
602 3236 812 3296 subiiceretur‘l
827 3239 924 3297 Nonne
939 3236 984 3296 ius
999 3238 1186 3297 domesticum
1201 3238 1291 3297 ubra-

233 3318 298 3389 hac‚
315 3319 509 3378 crescentibus
529 3320 655 3389 familiis,
673 3320 726 3393 vel,
745 3326 777 3381 ut
795 3322 835 3380 ait
856 3324 968 3395 Saurea,
993 3328 1138 3381 crescente
1164 3324 1286 3398 popolo,

234 3409 386 3463 extensum
399 3408 442 3463 est
456 3405 493 3462 ud
504 3404 706 3479 imperandum
719 3406 755 3466 iis
770 3412 801 3466 ut
816 3406 935 3482 ciuibus,
953 3407 1056 3483 quibus
1075 3406 1134 3467 iam
1153 3406 1281 3483 impora-

234 3487 285 3547 bat
300 3494 329 3547 ut
343 3488 495 3562 nepotibus
505 3489 550 3548 nel
565 3492 672 3549 servis?
969 3564 974 3573 x

271 3572 398 3647 inquies:
415 3574 465 3631 sed
484 3574 610 3633 familiae
629 3576 694 3635 illae
710 3576 755 3636 vel
774 3578 932 3651 individua,
952 3578 1113 3652 potuissent
1133 3580 1289 3653 segregari

236 3658 333 3715 etalio
348 3658 437 3716 alrire..
454 3659 553 3718 Fateor
567 3661 713 3735 corridum3
732 3663 800 3736 quid
811 3665 889 3721 lumi
904 3666 943 3722 llu
957 3658 1061 3723 idcirco
1079 3680 1177 3723 verum
1188 3672 1233 3724 est
1244 3682 1286 3725 ex

236 3756 336 3802 corum
350 3742 441 3801 libera
453 3742 597 3803 voluntale
606 3746 828 3807 determinatum
843 3762 905 3810 esse
921 3749 1048 3809 ebranno
1065 3748 1240 3825 imperium?
1257 3752 1291 3812 Si

282 3922 293 3969 t
312 3924 399 3986 besem
413 3926 482 3975 rust
492 3926 509 3973 ι.
524 3927 548 3993 a,
562 3942 581 3975 e.
600 3928 624 3990 2,
642 3926 668 3991 g.
680 3929 719 3978 aa.
