2767 4492
206 328 260 397 158
469 374 472 379 .
648 336 812 385 musnet

206 446 325 495 mensae
337 427 517 491 'mutuantis
539 422 687 486 individuo
702 420 752 480 uni
772 418 918 496 possibilis
932 425 1016 493 esset,
1033 423 1129 481 umen
1143 420 1189 481 ius
1202 436 1254 481 ex·

171 564 177 575 .
210 516 344 577 cludendi
358 514 429 574 alios
443 525 543 571 revera
560 524 618 569 non
643 507 781 581 gigneret,
798 512 911 581 propter
934 506 1031 565 nilida
1044 506 1150 580 quibus
1167 506 1255 567 bomo

209 601 321 661 homiui
338 599 365 658 ri
385 603 505 657 naturae
526 592 722 667 adstringitur.
745 592 834 651 Nemo
849 591 927 650 enim
942 591 1013 652 adeo
1027 592 1183 651 immensos
1197 598 1255 651 tra·

210 693 273 747 ctus
291 691 381 744 terrae
396 682 542 740 vindicare
556 677 612 737 sibi
639 682 742 751 potest,
758 690 881 749 quorum
895 676 1035 750 possessio
1052 690 1119 735 cum
1134 676 1256 736 aliorum

210 770 364 831 existentia
377 764 524 827 muciliari
547 767 683 837 nequeat,
702 766 852 834 propterea
866 761 942 835 quod
956 760 991 819 ad
1006 760 1077 821 aiios
1097 760 1213 819 alendos
1228 766 1258 821 et

210 853 420 914 conservandos
435 847 590 909 uecessmfi
612 844 730 906 omniuo
747 844 814 904 sint.
830 845 931 918 Aperte
950 844 1029 903 enim
1047 846 1151 905 ratium
1174 861 1258 920 repu-

211 946 290 1015 gnat,
306 945 338 998 ut
351 938 416 1014 quis
429 950 496 995 cum
511 933 631 993 alionum
646 932 753 989 damno
773 945 808 988 es
829 929 885 988 sibi
898 936 1025 1005 usurpet,
1042 945 1116 1003 quae
1130 930 1185 1004 ipsi
1203 930 1258 989 mi-

211 1026 291 1085 nime
305 1027 434 1099 prosunt,
450 1025 479 1079 et
492 1032 613 1094 quorum
627 1030 698 1074 usus
715 1014 833 1073 omnino
851 1014 1030 1073 necessarius
1044 1021 1088 1073 est
1102 1014 1177 1074 ritae
1190 1014 1260 1074 aiio·

212 1125 288 1170 rum.
313 1108 429 1179 Deinde,
448 1117 585 1163 mensura
608 1100 680 1160 baec
705 1098 844 1173 accipitur
856 1112 893 1157 ex
908 1098 966 1157 tine
980 1098 1190 1173 occupationis,
1207 1100 1259 1175 qui

215 1196 287 1255 situs
300 1200 344 1252 est
357 1193 389 1252 in
404 1192 501 1250 labore
514 1194 544 1247 et
557 1184 707 1258 industria,
722 1183 867 1259 requisitis
881 1183 918 1241 ad
934 1182 1016 1243 utiles
1025 1184 1190 1243 efficiendas
1199 1200 1257 1259 res,

218 1277 360 1354 quaesibi
383 1277 503 1350 quisque
518 1270 660 1332 adsciscit.
677 1269 747 1327 dum
761 1268 840 1327 euim
858 1268 912 1327 hac
931 1268 961 1327 in
976 1282 1008 1327 re
1030 1268 1159 1327 terminis
1173 1269 1259 1329 bomo

216 1360 470 1432 circumscribitur,
486 1355 734 1418 circumscribitur
743 1355 830 1413 etiam
852 1353 937 1412 certis
951 1352 1089 1413 limitibus
1108 1354 1202 1429 quoad
1214 1356 1260 1414 ius

213 1446 421 1521 occupationis,
441 1443 516 1518 quod
535 1442 562 1501 ei
584 1441 691 1513 absque
716 1438 837 1499 aliorum
857 1437 963 1497 iniuria
987 1444 1147 1512 competere
1162 1440 1259 1512 possit

214 1532 354 1603 Getarum,
372 1530 396 1588 si
411 1528 507 1602 aliqua
521 1523 752 1585 indeterminatio
765 1523 795 1581 in
811 1522 951 1582 eiusmodi
964 1538 996 1582 re
1010 1524 1103 1581 adbuc
1117 1530 1260 1599 superest,

213 1619 243 1678 td
258 1617 363 1675 mirum
377 1614 487 1673 nemini
501 1627 564 1671 esse
587 1610 682 1669 debet.
704 1609 858 1667 innumera
871 1607 950 1666 enim
968 1614 1035 1667 sunt
1055 1607 1086 1665 in
1100 1607 1162 1666 iure
1182 1612 1263 1666 natu·

213 1718 273 1773 rae,
290 1712 364 1774 quae
378 1698 406 1756 ri
416 1698 504 1757 solius
513 1695 642 1766 rationis,
660 1708 748 1766 aqua
761 1692 926 1765 procedunt,
943 1692 1080 1751 nonsatis
1095 1692 1125 1751 iu
1139 1692 1262 1765 particu-

218 1785 270 1843 lari
285 1783 520 1842 determinantur.
536 1781 625 1853 litque
634 1778 688 1836 boc
695 1776 732 1835 idr
742 1776 801 1837 irco
810 1776 956 1849 contingit,
968 1776 1036 1851 quia
1046 1776 1263 1835 homoeustmn

215 1868 252 1927 ad
268 1868 430 1925 societatem
446 1864 601 1923 ineundam
619 1862 781 1934 oranaim,
797 1874 836 1919 ex
849 1874 906 1934 quo
920 1861 962 1932 tit,
979 1866 1010 1918 ut
1023 1860 1096 1919 ratio
1108 1859 1205 1934 aliqua
1216 1874 1264 1933 ge·

214 1950 337 2010 ueratim
346 1950 441 2021 dictet,
456 1962 578 2021 qaorum
592 1945 851 2006 determinationem
865 1944 1078 2019 dispositionem
1092 1943 1205 2019 legibus
1218 1959 1262 2004 so·

215 2034 337 2094 cialibus
355 2033 514 2093 taciendam
529 2031 673 2106 relinquit.
838 2086 841 2093 .

251 2119 339 2179 Obiic.
356 2118 398 2177 tl.
415 2118 479 2177 lure
492 2116 672 2192 proprietatis
698 2115 850 2183 adstructo,
866 2116 950 2175 uitari
964 2117 1065 2192 nequit
1078 2121 1111 2175 ut
1125 2115 1175 2177 alii
1190 2116 1263 2176 diri·

220 2211 261 2264 trs
274 2203 323 2262 alii
342 2217 481 2277 pauperes
500 2202 532 2260 iu
549 2202 682 2262 societate
704 2200 837 2261 exismnt.
859 2200 933 2261 Haec
951 2208 1047 2261 autem
1070 2200 1262 2276 inaequalitas

220 2295 340 2349 naturae
354 2292 503 2361 repugnat.
519 2286 592 2361 Ergo
605 2292 660 2345 eto.

255 2373 337 2446 ilesp.
354 2372 440 2430 donc.
455 2370 579 2442 Maior.,·
593 2385 665 2444 nepo
679 2371 837 2429 minoren.
853 2370 903 2429 illa
917 2371 996 2431 enim
1007 2372 1196 2446 inaequalitas
1205 2388 1265 2431 non

218 2459 306 2518 modo
318 2472 376 2516 non
395 2463 536 2531 repugnat
549 2462 678 2529 naturae,
695 2456 774 2515 seda
788 2462 891 2517 natura
904 2456 967 2531 ipsa
983 2458 1117 2531 procedit,
1133 2465 1162 2517 et
1176 2473 1264 2531 scopo

220 2551 339 2603 naturae
353 2543 483 2616 apprime
498 2541 646 2602 consentit.
665 2534 800 2600 duetore
813 2541 953 2615 procedit,
970 2542 1038 2617 quia
1053 2542 1183 2601 homiues
1200 2558 1265 2617 pro·

220 2636 354 2688 creantur
378 2627 578 2701 inaequalibus
600 2624 668 2684 siris
686 2625 813 2701 physicis
824 2633 853 2685 et
867 2626 1107 2687 intellectualibus
1131 2628 1263 2703 praediti.

218 2714 339 2774 Naturae
368 2726 455 2786 scopo
477 2711 636 2783 consentit3
661 2711 731 2785 quia
749 2726 921 2786 magnopere
943 2713 1053 2772 coniert
1075 2713 1110 2771 ad
1132 2713 1265 2773 homines

222 2796 297 2855 inter
311 2812 343 2855 so
362 2795 470 2855 mutuis
489 2794 677 2854 relationibus
696 2794 859 2870 eiciendos,
878 2802 964 2871 atque
984 2797 1020 2855 ad
1035 2797 1109 2857 sires
1123 2798 1267 2857 immanes

220 2881 405 2940 multifariam
419 2880 614 2955 explicandas,
630 2880 662 2938 iu
676 2880 776 2939 ordine
789 2880 850 2948 sire
864 2880 981 2956 physico
996 2883 1057 2943 sire
1066 2882 1177 2942 morali.
1194 2884 1267 2942 iiam

220 2966 276 3024 nisi
291 2965 392 3025 divites
408 2971 511 3038 esseut,
527 2980 614 3025 nemo
627 2965 788 3040 operosiore
806 2980 876 3025 cura
899 2965 1036 3025 liberatus
1050 2982 1081 3027 se
1096 2974 1185 3028 totum
1200 2984 1267 3027 evo·

220 3050 322 3109 lationi
336 3049 546 3122 intelligentiae
561 3058 623 3109 tum
639 3050 670 3109 in
685 3066 716 3109 se
738 3057 798 3110 tum
813 3051 842 3110 in
861 3052 924 3111 aliis
938 3051 1070 3111 addicere
1089 3059 1195 3127 posset,
1210 3068 1268 3111 uec

220 3135 262 3195 illi
278 3136 331 3210 ipsi
348 3134 522 3209 quiritibus
541 3134 669 3209 eorporis
688 3135 794 3210 pollent
811 3136 859 3195 sed
874 3142 969 3195 mente
983 3152 1086 3209 pamm
1102 3137 1206 3209 valent,
1225 3143 1257 3195 tu

222 3219 307 3279 teiam
321 3226 351 3278 et
364 3219 499 3278 iuvameu
520 3220 691 3293 reperirent.
716 3220 794 3279 Certe
809 3228 886 3279 tanta
901 3227 945 3279 est
961 3222 1115 3281 necessitas
1129 3222 1269 3296 inaequa-

221 3304 293 3363 lium
309 3304 504 3363 cooditiouum
518 3305 594 3363 inter
608 3304 751 3377 homiues,
770 3310 801 3363 ut
820 3305 846 3364 si
862 3304 926 3364 illae
942 3306 1025 3380 (quod
1042 3306 1175 3381 possibile
1189 3322 1267 3365 nuu-

222 3405 309 3465 quam
329 3391 392 3465 erit)
407 3391 572 3450 demantur:
588 3390 682 3449 omnis
702 3390 794 3449 civilis
808 3393 911 3464 cultus,
933 3393 1027 3451 omnis
1042 3408 1207 3467 progressus
1222 3408 1271 3451 ar-

223 3474 295 3533 tium
309 3482 337 3532 et
350 3476 545 3547 scientiarum,
566 3474 660 3533 omnis
675 3474 812 3533 virtutum
827 3475 1046 3535 domesticarum
1062 3483 1091 3536 et
1114 3474 1271 3535 socialium

224 3559 404 3628 exercitium,
422 3561 518 3619 omnis
534 3558 658 3632 denique
673 3558 802 3618 humana
816 3562 988 3638 pmsperitas
1002 3562 1090 3636 plane
1102 3568 1227 3622 oomuat.
