2767 4492
132 367 136 376 ·
197 325 199 328 ’
251 320 306 390 tot
578 331 807 383 mansurum
820 329 968 380 securus

250 421 362 497 periore
376 402 617 494 interpretatione,
635 433 709 492 nuce
718 421 810 492 magis
823 416 974 478 familiaris
988 419 1041 490 cst,
1053 416 1225 492 accipimus3
1237 421 1300 480 tue·

250 522 372 580 muruue
387 505 476 564 Deum
491 503 530 564 ita
554 502 688 565 omnihus
702 503 865 578 erstngutts
879 502 967 567 rebus
985 501 1100 561 assidue
1122 502 1299 576 prospicere,

249 596 283 652 ut
292 606 329 650 ne
344 590 401 654 ulla
411 589 525 662 quidem
541 587 650 650 tantula
664 587 702 648 sit
714 603 770 660 res,
786 603 861 661 quas
874 588 911 646 ab
925 587 987 646 eius
996 591 1103 646 comet
1116 585 1300 646 administra-

145 718 148 726 .
250 674 492 739 tioneexlurntur.
508 673 539 732 ld
553 673 632 735 enim
653 672 704 732 ubi
718 673 851 746 eluxerit,
869 673 1010 747 posterior
1023 671 1110 730 etiam
1124 671 1188 730 eius
1206 673 1300 732 norni-

248 760 295 823 nis
309 758 455 836 usurpatio
476 757 606 817 elucebit.
625 757 695 816 Nom
711 757 810 832 nequit
823 758 951 832 proiecto
964 756 1059 815 evinci
1074 754 1300 830 pulcherrimam

249 844 324 908 hauc
337 858 433 910 rorum
451 841 666 906 universitatem
677 857 693 902 a
704 843 761 902 Deo
775 842 929 916 gubernari
945 847 973 900 et
982 840 1298 914 rogiquinnmstiam

248 928 431 1010 perspicuum
452 929 501 990 tint
516 926 657 988 rationem
679 927 773 1001 ipsam
786 927 1002 1001 muraenis
1016 931 1112 984 mente
1126 934 1298 1000 conceptam

249 1017 278 1074 et
288 1011 430 1073 voluntate
442 1012 586 1076 decretam
600 1012 631 1072 in
649 1013 705 1072 Dec
714 1013 752 1072 ab
763 1019 879 1073 aeterno
893 1011 1024 1087 reperiri.
1037 1011 1112 1070 Deus
1127 1011 1204 1070 euim
1215 1013 1298 1085 quid·

249 1097 317 1170 quid
328 1097 396 1171 agit,
404 1094 550 1162 intellectu
564 1103 592 1158 ct
606 1098 750 1158 voluntate
760 1099 832 1171 agit3
849 1098 988 1173 quidqmd
998 1104 1093 1155 auum
1103 1096 1134 1155 iu
1144 1096 1200 1155 lieo
1210 1097 1296 1170 inest,

248 1182 381 1248 omnious
395 1188 470 1242 retro
481 1175 603 1243 saeculis
619 1183 688 1244 iusit
702 1199 820 1246 necesse
836 1188 889 1244 est.
905 1185 1077 1258 sequentem
1091 1182 1179 1257 igitur
1194 1197 1298 1261 propo·

154 1315 156 1318 .
249 1266 381 1334 citiorem
397 1267 621 1334 constabilimus.

676 1429 866 1501 ¹Prionosrmo.

347 1615 422 1672 Deus
436 1612 584 1688 sopiootio
593 1627 650 1670 suc
660 1627 706 1670 roo
715 1627 814 1671 omues
828 1610 1023 1671 administrat
1034 1625 1069 1669 oc
1078 1610 1155 1684 repit
1169 1612 1195 1669 t,

286 1782 347 1841 175.
362 1783 394 1842 ln
408 1781 509 1855 primis
523 1782 594 1840 haec
610 1782 714 1841 veritas
727 1793 764 1841 ex
779 1782 824 1854 iis,
841 1797 915 1856 quae
930 1796 1017 1856 supra
1026 1780 1244 1855 disputavimus,
1255 1780 1298 1838 lu-

249 1866 375 1926 culenter
390 1873 515 1941 apparet.
528 1868 598 1927 Nam
608 1868 689 1941 Deus,
703 1873 734 1926 ut
745 1868 895 1941 probatum
910 1872 961 1940 est,
978 1881 1035 1926 uon
1047 1867 1129 1924 modo
1142 1865 1299 1924 mirificam

248 1949 323 2008 hauc
337 1951 436 2010 mundi
450 1967 616 2024 compagem
630 1968 646 2012 o
661 1952 751 2012 nihilo
766 1951 901 2024 condidit,
919 1952 968 2010 scd
983 1957 1012 2009 et
1031 1965 1076 2009 res
1096 1965 1298 2024 quoscumque

247 2033 360 2095 influxu
374 2052 425 2095 uuo
435 2035 613 2094 continenter
631 2042 787 2103 conservet,
805 2042 891 2110 atque
912 2036 949 2094 ad
965 2035 1091 2109 singutas
1108 2033 1295 2108 operationes

246 2121 371 2180 adiuvet.
388 2123 447 2180 lam
461 2137 528 2180 vero
543 2121 693 2180 oumlleus
708 2121 930 2194 sitintettigens3
946 2120 1187 2179 haecomnianou
1198 2133 1295 2193 caece,

248 2206 310 2264 siue
325 2206 442 2265 consilio
454 2211 481 2264 et
493 2221 559 2264 cum
572 2207 728 2266 temeritate
748 2213 890 2280 operatur,
907 2208 958 2266 sed
971 2207 1088 2267 rationis
1106 2205 1193 2264 ductu
1212 2209 1297 2278 atquo

248 2290 284 2348 ad
299 2290 386 2348 tinem
400 2291 553 2364 spectando
568 2291 703 2366 aliquem.
720 2293 791 2365 Ergo
801 2293 945 2364 universa,
963 2308 1035 2366 quae
1052 2293 1082 2350 iu
1102 2291 1210 2348 mundo
1232 2305 1296 2347 cou-

248 2374 370 2448 tingunt,
386 2375 465 2432 uuila
479 2380 598 2447 excepta
612 2392 653 2448 re,
666 2391 703 2435 ex
713 2377 811 2436 divina
824 2379 949 2450 pendent
959 2377 1121 2451 operatione
1131 2374 1168 2433 ab
1179 2375 1297 2448 ipsaque

247 2460 283 2518 ad
302 2463 409 2518 eertum
426 2459 673 2534 quemdamtiuem
688 2461 860 2533 diriguntur.
875 2463 908 2519 at
921 2461 1036 2540 veroid
1051 2461 1128 2520 notio
1148 2459 1295 2533 prouiden-

247 2544 303 2603 tiae
317 2546 460 2619 importat.
477 2545 550 2603 Deus
563 2545 652 2618 igitur
666 2560 764 2604 rerum
778 2546 907 2604 omnium
923 2543 1184 2619 estgubemetcret
1194 2549 1292 2602 rector.

282 2630 388 2689 Deinde
403 2645 439 2688 ex
454 2629 503 2688 Dei
518 2629 712 2703 prudentissi
727 2631 852 2689 bonitate
868 2631 944 2690 idem
955 2623 1057 2689 elucet.
1070 2631 1140 2688 Nam
1150 2626 1295 2702 prudentis

245 2715 371 2788 bonique
386 2715 504 2774 ertiiicis
518 2714 664 2788 proprium
679 2720 731 2789 est,
749 2722 781 2774 ut
794 2730 922 2788 operum,
940 2729 1014 2789 quae
1025 2713 1213 2772 callidissimo
1233 2711 1297 2769 arti-

246 2801 311 2860 ficio
327 2799 483 2858 elaborarit
498 2805 582 2878 atque
592 2800 628 2858 ad
638 2806 730 2858 certos
744 2815 814 2860 usus
824 2799 861 2858 iis
871 2799 999 2858 maxime
1010 2797 1239 2857 accommodatos
1247 2811 1294 2869 ge-

245 2886 317 2958 nuit,
335 2899 434 2943 euram
452 2888 531 2958 gerat
551 2890 781 2958 consentaneam,
807 2886 934 2959 ipsaque,
952 2889 1036 2958 prout
1050 2897 1151 2942 eorum
1168 2881 1292 2941 conditio

246 2969 309 3040 tert,
327 2969 363 3026 ad
377 2968 575 3042 praestitutum
591 2969 679 3028 tinem
693 2971 926 3044 consequendum
945 2969 1048 3027 foreat.
1066 2967 1207 3041 Ergonisi
1221 2966 1294 3025 Dens

244 3053 452 3128 imprudentiae
466 3059 494 3113 et
504 3054 623 3114 feritatis
638 3055 724 3129 impie
740 3055 930 3127 insimuletur,
943 3053 1033 3113 rebus
1049 3052 1214 3128 quibusque
1228 3066 1296 3110 con·

244 3139 337 3199 sulere
352 3154 385 3197 ac
401 3141 563 3214 prospicere
577 3139 716 3199 dicendus
727 3145 779 3198 est.
796 3140 942 3199 Praeclare
954 3139 982 3197 S.
999 3137 1180 3197 Ambrosius:
1200 3160 1213 3188 ι
1230 3135 1300 3203 ouis

245 3229 405 3299 «operator
419 3225 543 3298 negligat
568 3226 660 3298 operis
680 3226 724 3283 sui
747 3227 864 3283 curam?
890 3225 958 3292 Quis
976 3224 1088 3283 deserat
1109 3227 1138 3281 et
1161 3219 1302 3279 destituat

246 3329 259 3362 ι
276 3309 353 3382 quod
367 3309 428 3382 ipse
443 3308 622 3368 condendum
638 3309 769 3383 putavit?
783 3309 811 3367 Si
820 3309 927 3369 iniuria
934 3314 977 3368 est
985 3323 1098 3385 regere,
1109 3320 1166 3366 uon
1176 3308 1221 3363 est
1232 3317 1300 3364 ma-

288 3522 299 3567 t
318 3520 442 3568 mutarim
458 3521 493 3567 hic
507 3521 611 3572 habemns
623 3521 724 3585 ouium,
739 3522 862 3586 Fatalistas,
878 3522 1009 3585 Epicureos3
1025 3520 1064 3583 qui
1080 3535 1211 3583 quamquam
1224 3517 1301 3564 hum
1379 3584 1380 3587 Ἴ

244 3600 329 3643 exstare
343 3598 460 3660 fatemur,
478 3597 520 3660 ipsi
537 3602 609 3643 umen
623 3597 725 3644 adimunt
737 3598 907 3660 providentiam.
925 3598 1004 3644 Omnis
1026 3597 1086 3644 onim
1105 3611 1131 3642 or
1147 3599 1239 3640 patemo
1254 3594 1301 3638 im-

244 3675 298 3733 petu
312 3677 333 3718 et
347 3673 484 3720 ineluctabili
506 3674 635 3720 necessitate
653 3688 677 3719 ac
697 3674 819 3719 temeritate
834 3674 924 3719 fortuita
946 3672 999 3719 ferri
1020 3671 1182 3733 temperatique
1197 3667 1302 3714 emhe-

239 3751 299 3794 rant.
312 3749 378 3795 Stoici
393 3767 444 3798 vero
459 3751 499 3796 etsi
514 3765 587 3797 rurum
603 3750 874 3813 praecellentissimorum
887 3752 959 3797 Deum
974 3765 1048 3812 peroro
1064 3749 1212 3809 adstruerent,
1224 3751 1303 3792 term

241 3823 384 3876 minimarum
399 3828 573 3888 procurationem
589 3827 705 3874 diuinitate
721 3826 829 3876 rebantm·
845 3827 973 3891 indignam
991 3815 1085 3890 qnorum
1099 3823 1234 3872 secundun
1245 3837 1260 3870 a
1271 3823 1303 3869 ti·

240 3899 333 3950 neribus
348 3901 451 3952 Cadwort
464 3904 544 3951 iterum
556 3903 664 3954 excitarit.
