2767 4492
247 362 300 435 ‘llll
692 383 853 428 erraneum
1185 414 1190 421 .

247 473 359 532 nisibus
373 467 572 545 explicandam
588 474 698 528 curent.
715 469 773 527 line
787 468 946 541 societates,
963 478 1037 540 qliae
1050 467 1201 539 religiosae
1218 467 1301 525 iami-

248 557 303 616 liae
318 556 511 627 nominantur,
528 561 597 612 sunt
609 554 699 613 veluti
713 553 904 612 instrumenta
920 553 1071 625 quaedam,
1082 552 1188 625 quibus
1203 551 1302 610 Eccle-

248 642 290 700 sia
312 642 348 700 ad
370 641 499 698 divinum
525 638 635 698 cultum
654 645 683 696 et
703 638 826 697 salutem
847 637 1010 696 animarum
1033 637 1164 696 maurina
1186 652 1302 710 prome

248 726 372 785 vendam
387 723 491 800 utitm3
512 724 586 782 sieut
601 723 760 797 peculiares
780 721 1006 782 consociationes
1019 722 1128 793 civiles,
1139 729 1210 795 puta
1225 737 1303 795 quae

248 811 284 870 ad
297 810 478 881 industriam,
495 808 636 880 velantes,
659 809 704 866 vel
719 807 925 866 commercium
936 806 1089 878 pertinent,
1103 806 1302 864 iustrumenta

248 902 315 956 sarni
331 897 424 954 Status
445 892 562 969 politici,
580 892 686 967 quibus
708 892 822 950 civilem
845 905 931 950 suum
952 891 1040 949 linem
1056 891 1171 964 assequi
1186 891 1302 948 nititur.

249 981 319 1040 Tum
333 981 419 1040 etiam
439 979 570 1037 militiam
585 978 731 1052 quandam
743 992 854 1036 sacram
869 976 1052 1049 eonstituunt,
1070 991 1144 1048 quae
1159 974 1239 1033 Fidei
1257 989 1302 1032 ar·

247 1066 304 1124 mis
316 1063 468 1122 Ecclesiam
483 1062 616 1122 dciandat
631 1067 659 1120 et
673 1062 838 1134 amplidcet,
851 1075 885 1120 ac
901 1060 989 1118 veluti
997 1059 1175 1118 exercitibus
1188 1073 1303 1131 perm-

249 1148 383 1208 nentibus
402 1146 584 1205 assimiletur.
607 1146 639 1204 Ut
661 1145 749 1218 igitur
763 1145 859 1203 statiis
873 1144 1006 1217 politicus
1021 1143 1180 1217 praepediri
1199 1144 1304 1216 nequit

250 1231 404 1306 quominus
420 1245 487 1289 suas
501 1231 650 1289 societates
665 1230 806 1301 efformet,
821 1229 902 1287 etad
922 1245 954 1287 se
969 1228 1119 1286 tutandum
1132 1227 1235 1300 copias
1248 1230 1304 1284 mi·

249 1317 332 1375 litum
346 1316 483 1387 instruat3
502 1315 543 1372 sic
557 1314 643 1373 etiam
654 1315 689 1372 de
699 1314 825 1372 Ecclesia
835 1312 990 1372 dicendum
1001 1316 1056 1370 est.
1067 1311 1101 1369 Et
1113 1311 1304 1384 quemadmo-

249 1403 318 1460 dum
337 1401 362 1458 si
378 1399 552 1458 contrarium
572 1400 660 1470 Ecret,
678 1399 742 1456 iura
763 1397 857 1469 civilis
878 1397 1021 1456 societatis
1046 1395 1240 1466 violarentur,
1260 1395 1304 1452 sie

250 1485 336 1545 etiam
350 1484 413 1543 iura
427 1483 569 1541 violantur
584 1482 726 1540 Ecclesiae
741 1482 767 1540 si
781 1481 922 1540 eiusmodi
937 1495 1020 1539 sacra
1029 1479 1205 1540 consortiae
1222 1479 1303 1539 civili

249 1573 388 1644 potestate
403 1566 620 1641 prohibeantur.

286 1655 423 1714 Naeuam
438 1651 502 1726 quis
517 1653 593 1711 dicat
602 1651 709 1712 idcirco
722 1651 775 1711 lros
789 1656 887 1710 coetus
902 1667 920 1710 a
935 1651 1080 1710 nounidlis
1095 1650 1224 1725 politicis
1237 1649 1304 1708 odio

250 1739 360 1810 haberi,
372 1738 440 1812 quia
454 1736 536 1795 otiosi
549 1743 616 1795 sunt
629 1743 658 1795 et
672 1737 747 1795 bono
761 1738 906 1796 societatis
921 1736 1046 1796 inutiles.
1064 1737 1134 1795 Eam
1153 1736 1184 1793 iu
1201 1735 1306 1808 primis
1362 1792 1363 1795 ,

251 1823 322 1882 naec
332 1820 453 1880 obiectio
464 1821 535 1878 lalso
550 1820 660 1878 laborat
674 1821 829 1894 supposito.
847 1821 985 1879 subaudit
998 1820 1077 1878 euim
1085 1819 1233 1878 eiusmodi
1243 1835 1307 1876 coe·
1362 1834 1363 1839 ¹

252 1912 298 1965 tus
311 1905 457 1976 religiosos
473 1902 697 1962 consociationee
715 1906 856 1976 quasdam
870 1919 933 1962 esse
947 1903 1054 1976 civiles,
1072 1909 1141 1977 puto
1163 1911 1307 1962 merente
1362 1892 1363 1913 ¹

251 2005 316 2050 rum
336 1995 385 2046 aut
403 1987 556 2059 artificum,
573 2002 698 2060 quarum
711 1989 835 2061 pretium
854 2005 891 2047 ex
910 1990 988 2048 cirili
1003 1991 1198 2049 emolumento
1215 1989 1307 2048 dime
1362 2016 1363 2025 κ

252 2074 381 2134 tiendum
392 2073 437 2130 sit.
449 2071 527 2138 Quod
544 2085 601 2129 non
616 2079 659 2129 est
672 2072 726 2144 ita,
739 2088 806 2130 cum
820 2074 885 2132 illae
899 2074 1094 2147 praestitutam
1105 2073 1239 2132 habeam
1249 2091 1306 2132 non

252 2167 394 2218 terrenam
405 2155 564 2229 utilitatem,
577 2157 626 2216 sed
637 2157 726 2216 linem
741 2158 837 2232 ipsum
852 2159 1006 2230 Ecclesiam
1022 2159 1069 2216 cui
1084 2164 1184 2215 utrum
1209 2159 1308 2218 conie-

252 2249 318 2301 rant
337 2255 428 2299 necue
449 2255 507 2300 non
521 2257 539 2298 a
555 2241 633 2300 ialsis
648 2243 780 2316 politicis,
798 2243 847 2316 qui
870 2244 905 2301 de
919 2243 974 2301 liae
988 2258 1019 2300 re
1033 2242 1105 2300 uiliil
1125 2241 1307 2316 intelligunt,

254 2326 301 2385 sed
318 2325 459 2384 Ecclesiae
478 2325 583 2384 iudicio
604 2326 799 2385 deliniendum
818 2333 870 2386 est.
886 2327 992 2395 Deinde
1011 2327 1066 2384 lroc
1086 2327 1206 2400 ipsum,
1231 2329 1311 2401 quod

253 2409 400 2483 obiiciunt,
416 2411 599 2470 mendacium
614 2418 656 2470 est
679 2412 902 2486 putidissimum.
921 2415 1000 2484 Nam,
1018 2419 1051 2471 nt
1064 2414 1198 2471 omittam
1221 2414 1312 2472 nenio

252 2512 314 2556 rem
328 2505 438 2570 partem
464 2495 569 2554 laurum
583 2502 716 2558 coetuum
735 2497 781 2554 vel
796 2496 909 2556 assidue
924 2497 954 2555 in
974 2497 1049 2554 bono
1063 2496 1189 2554 aliorum
1207 2513 1312 2570 procu·
1361 2502 1362 2505 ’

252 2581 342 2641 raudo
355 2583 498 2654 occupari,
516 2581 560 2638 vel
576 2581 676 2638 saltem
692 2581 809 2653 aliquod
820 2597 892 2656 opus
902 2580 1127 2653 eharitatiserga
1137 2582 1312 2653 proximum

253 2683 396 2738 exercere,
414 2666 488 2738 quod
500 2665 560 2724 sine
575 2665 661 2723 dirbio
679 2665 710 2723 in
729 2665 875 2738 publicam
889 2667 1041 2724 utilitatem
1055 2666 1218 2739 redundat,
1236 2675 1314 2726 certe

253 2751 294 2810 illi
309 2751 363 2823 ipsi
378 2751 427 2824 qui
439 2749 493 2808 sibi
508 2749 593 2807 unica
603 2756 631 2807 et
642 2749 741 2808 lliviuo
752 2751 843 2809 cultui
853 2766 956 2809 vacare
971 2750 1112 2820 videntur,
1128 2750 1259 2811 inutiles
1274 2769 1315 2810 m·

254 2834 349 2892 cielati
365 2834 422 2892 dici
438 2849 494 2891 non
510 2839 637 2906 possunt,
655 2835 704 2892 sed
721 2835 762 2893 illi
772 2835 866 2908 potius
880 2834 1067 2907 multiplicem
1081 2834 1246 2894 utilitatem
1265 2837 1316 2894 iur-

253 2923 484 2992 portant,qna1n
509 2918 627 2976 fortasse
652 2918 759 2992 politici
781 2920 924 2978 nonsatis
944 2919 1185 2992 perpenduntur
1211 2922 1316 2993 primis
1360 2936 1361 2971 l

254 3001 330 3061 enim
351 3001 516 3060 assiduitate
535 3001 623 3060 divini
639 3003 733 3061 cultus
747 3003 890 3061 delectum
914 3003 1047 3076 supplent
1060 3002 1164 3060 hurum
1181 3005 1318 3076 politicu-
1360 2974 1361 3069 l

253 3101 328 3158 rum,
346 3085 396 3158 qui
410 3085 477 3144 liuic
492 3086 603 3158 negotio
613 3087 658 3144 vel
673 3087 781 3144 nnllam
796 3088 841 3145 rel
851 3089 1004 3147 admodum
1015 3087 1236 3160 infrequentem
1248 3107 1314 3164 ope·
1360 3080 1361 3117 ¹

241 3186 316 3232 ,ram
331 3176 446 3228 navant.
473 3170 598 3242 Deinde,
616 3171 639 3228 si
655 3172 775 3230 societas
798 3172 961 3230 alienasse
983 3171 1054 3230 nolit
1078 3170 1165 3244 eique
1186 3173 1316 3233 divinus

253 3255 348 3313 cultus
358 3254 436 3313 cordi
452 3255 503 3326 sit;
523 3261 636 3327 gratum
651 3253 758 3313 habere
772 3256 855 3313 debet
871 3262 900 3314 ct
915 3262 1060 3328 uunquam
1074 3255 1215 3328 puolieae
1239 3261 1316 3317 utili·

253 3339 304 3397 tati
319 3338 400 3398 valde
416 3339 578 3398 conducens
594 3339 669 3411 quod
684 3354 823 3412 personae
836 3339 949 3412 aliquae
962 3343 1085 3410 exstent,
1101 3339 1258 3411 quaeDeo
1270 3361 1316 3417 pe
1360 3392 1361 3403 ,

251 3424 330 3482 mins
350 3439 381 3482 se
400 3424 573 3496 mancipent,
594 3430 621 3480 et
632 3423 798 3481 excelsioris
812 3423 925 3481 virtutis
938 3423 1075 3482 exercitio
1092 3430 1123 3481 et
1135 3423 1318 3486 assiduitate
1360 3414 1362 3431 ¹

252 3523 372 3582 precum
383 3507 511 3565 divinam
526 3522 609 3580 opem
620 3508 650 3564 in
665 3508 830 3566 universam
846 3508 1009 3567 societatem
1023 3503 1191 3580 implorent.
1205 3511 1317 3572 Tertio.

252 3607 289 3650 ne
305 3592 387 3665 plura
397 3607 561 3665 persequar,
582 3591 605 3649 si
621 3591 802 3664 potissimum
816 3591 959 3650 societatis
973 3592 1082 3650 bouum
1093 3607 1154 3649 non
1169 3593 1205 3652 in
1223 3605 1319 3656 mate·

251 3676 317 3734 ciali
332 3676 382 3734 sed
407 3676 438 3734 in
453 3676 553 3734 murali
577 3677 763 3749 prosperitate
782 3681 810 3734 et
826 3677 940 3734 virtutis
963 3677 1114 3750 splendore
1136 3676 1239 3738 situm
1259 3691 1319 3745 est:

253 3761 380 3832 proiecto
402 3760 554 3819 utilissima
578 3761 721 3820 censenda
738 3767 805 3820 sunt
830 3762 972 3820 consortia
990 3761 1048 3832 illa,
1064 3777 1138 3836 quae
1159 3769 1190 3822 et
1207 3751 1322 3826 indici

253 3841 328 3912 dua,
346 3844 450 3915 quibus
468 3849 615 3918 constant,
635 3846 670 3904 ad
695 3845 898 3919 perlectionem
922 3852 1103 3920 promovent,
1123 3851 1155 3904 et
1179 3850 1322 3926 reliquos

252 3936 353 3998 quaes
368 3926 444 3988 cives
466 3929 597 4004 exemplo
612 3930 715 3990 saltem
739 3930 908 4008 informant,
927 3936 956 3992 ct
973 3930 1061 3992 veluti
1084 3939 1322 4011 propugnacula
