2767 4492
31 260 39 314 i

498 303 708 353 essssnrsss
1088 289 1125 350 85

95 403 142 460 quo
156 401 298 462 corporum
313 389 499 464 qualitatihus
508 389 660 464 loquimur,
676 391 733 449 duo
742 389 944 464 distinguenda
957 393 1033 462 sunt,
1050 399 1126 463 quse

92 469 189 529 habent
208 475 321 546 quidem
341 475 416 533 inter
429 491 459 534 sa
474 475 599 550 aliquam
614 475 774 550 analogum
795 482 825 534 et
844 475 994 546 ordinem,
1017 473 1067 533 sed
1083 479 1125 531 ta-

92 567 150 613 men
163 558 287 616 maxime
302 558 447 617 dilieruut.
469 560 560 618 Unum
582 565 625 618 est
646 560 709 639 ipsa
729 561 831 619 caloris
849 565 900 618 aut
918 559 1012 618 odoris
1026 574 1123 618 senm-

93 636 139 708 tio;
158 639 278 700 alterum
292 642 450 716 proprietas
464 643 560 716 aliqua
574 643 695 716 obiecti,
711 659 785 717 quae
798 643 990 703 senmtionem
1004 642 1122 702 excitat.

89 719 202 782 Pdmum
217 725 249 784 in
264 726 404 785 sentiente
418 732 470 798 ast,
485 727 627 800 posterius
641 727 749 786 veroin
758 727 933 801 corporibus.
949 727 1017 796 Quis
1027 733 1124 788 autem

87 803 149 894 adeo
163 805 271 868 delirus
286 815 335 868 aut
349 808 437 884 stipes
451 809 513 883 luit,
533 817 566 868 ut
580 825 671 868 uuum
685 824 752 868 curn
766 810 854 870 altero
867 811 1072 884 contunderet,
1095 815 1126 871 et

85 888 188 962 migne
203 909 321 952 sensum
337 894 447 966 calone,
469 895 518 969 qui
534 901 577 953 est
591 895 620 952 iu
637 894 730 962 nobis,
750 894 843 954 inesse
857 895 1018 954 iudicaret?
1035 896 1127 969 Appo-

83 969 132 1029 site
146 973 276 1035 hocloco
292 977 381 1036 Reid:
406 1001 416 1028 ι
433 978 520 1038 liudis
538 979 602 1050 ait,
624 977 702 1052 ignis
721 982 765 1036 est
785 979 912 1051 calidos,
934 979 987 1036 nix
999 977 1123 1053 trigida,

84 1077 93 1100 a
111 1058 279 1119 saccharum
294 1061 394 1135 dulce;
413 1062 443 1120 id
458 1062 548 1120 nostri
563 1067 704 1120 testantur
718 1077 829 1135 sensus,
844 1067 874 1120 et
886 1063 1012 1122 inliciari
1025 1063 1127 1122 abstu-
1148 1093 1153 1101 .

83 1161 93 1186 s
110 1138 178 1198 dum
193 1147 249 1202 est.
266 1145 428 1218 Philosophi
441 1145 557 1216 dicunt3
574 1145 660 1215 calor,
673 1145 775 1218 trigas,
791 1144 909 1204 dulcedo
922 1160 978 1204 non
989 1151 1056 1205 sunt
1068 1146 1126 1206 nisi

82 1244 92 1268 ι
109 1226 292 1285 cessationes
307 1228 337 1284 ln
352 1228 455 1299 uobis,
477 1241 526 1285 aas
540 1228 572 1284 in
586 1227 663 1298 igne,
677 1227 710 1286 in
722 1227 808 1298 nive,
831 1226 862 1285 in
882 1229 1018 1288 saccinam
1031 1229 1127 1290 inesse

85 1329 94 1351 a
110 1313 243 1366 statuere
257 1309 414 1368 absurdum
428 1316 480 1368 est.
502 1309 689 1366 contradictio
709 1310 802 1380 magis
821 1317 865 1368 est
881 1327 1022 1384 apparens
1040 1328 1128 1385 quam

78 1413 88 1440 s
105 1393 218 1462 realis3
236 1393 381 1464 progignit
394 1392 473 1449 illam
488 1391 595 1450 abusus
609 1391 740 1450 vocabuli
753 1407 791 1450 ex
804 1399 884 1464 parte
897 1393 1129 1465 philosophomm

76 1497 87 1524 ι
107 1480 139 1532 et
155 1473 290 1533 confusio
305 1475 434 1533 idearum
448 1490 485 1533 ex
499 1479 579 1548 parte
594 1474 679 1546 vulgi.
701 1474 770 1532 Cum
784 1474 877 1548 inquit
890 1474 1075 1548 philosophus
1088 1477 1129 1534 nil

79 1582 90 1609 ι
108 1572 178 1616 esse
194 1557 301 1616 caloris
315 1559 345 1616 in
361 1558 444 1631 igue,
467 1559 535 1632 quid
549 1557 610 1632 ipse
625 1557 779 1631 intelligit?
797 1558 893 1631 lgaem
910 1558 1069 1616 sensatione
1083 1573 1130 1618 ca-

80 1641 180 1700 «loris
195 1641 323 1700 destitui.
345 1643 402 1702 Nac
423 1642 448 1700 is
468 1656 535 1700 vera
550 1641 690 1715 loquitur,
711 1642 843 1716 aequest
864 1640 1005 1716 explicet,
1027 1643 1129 1716 vsdgus

82 1751 92 1774 u
108 1741 167 1785 uon
182 1725 342 1786 dissentiet.
361 1727 464 1785 Vemm
478 1726 526 1785 liic
540 1727 625 1784 homo
639 1741 670 1785 se
684 1741 836 1800 perperam
850 1725 1001 1800 exprimit3
1026 1743 1130 1802 reapse

82 1835 91 1858 u
109 1810 190 1868 euim
205 1810 238 1868 iu
252 1811 318 1884 igne
332 1811 406 1870 inest
420 1810 560 1884 qualitas,
582 1825 655 1884 quae
669 1810 746 1869 calor
760 1810 943 1882 nominatur3
965 1816 1051 1884 atqm
1066 1818 1127 1870 tum

83 1918 93 1944 «
110 1893 275 1967 pliilosoplri
291 1899 351 1952 tum
365 1893 467 1968 vulgus
476 1894 566 1953 multo
576 1894 689 1969 saepius
703 1895 878 1969 qualitatem,
895 1909 982 1969 quam
991 1897 1126 1957 sensatio

83 2001 92 2026 s
109 1993 177 2038 nem
194 1977 311 2036 nomine
324 1978 373 2037 illo
388 1979 559 2052 significant.
580 1979 715 2038 Eamdem
728 1979 817 2052 igitur
829 1994 929 2039 rooem
942 1979 1025 2039 aliter
1037 1980 1127 2054 philo

83 2087 92 2110 a
111 2062 195 2135 sophi
210 2061 367 2136 proterunt,
380 2062 462 2121 aliter
477 2063 578 2136 vulgus
593 2063 795 2136 interpretatur
809 2065 858 2119 l.»

496 2257 665 2315 inurendus
683 2257 716 2316 ll.

434 2451 472 2510 De
486 2451 613 2510 cationis
628 2449 777 2510 discorso.

116 2649 160 2708 ln.
178 2651 221 2708 dd
236 2664 279 2722 ea,
297 2665 370 2724 quae
385 2649 549 2709 immediate
564 2663 622 2708 non
636 2652 743 2722 patent,
754 2647 886 2706 discumu
900 2645 1019 2705 rationis
1033 2659 1128 2704 maur·

82 2731 186 2806 gimus,
204 2734 290 2792 modo
303 2749 371 2791 cum
385 2734 421 2792 iis
432 2747 504 2807 quse
515 2731 680 2792 immediata
689 2731 870 2804 percepimus
884 2729 975 2800 logico
990 2743 1068 2787 nexu
1082 2743 1128 2785 co

82 2817 227 2888 pulentur,
243 2816 381 2878 uimimm
396 2816 435 2874 ita
450 2823 482 2875 ut
494 2817 566 2874 haec
581 2828 727 2873 versasse
741 2817 898 2884 nequeant,
911 2812 968 2869 nisi
978 2811 1028 2866 illa
1040 2809 1130 2866 etiam

82 2913 150 2958 vera
164 2902 235 2960 siut.
253 2900 297 2957 Sic
312 2904 462 2971 conspecto
478 2897 594 2964 mundo,
611 2896 647 2951 de
661 2895 712 2951 liei
724 2893 877 2950 existentia
892 2892 1028 2948 certiores
1042 2889 1130 2946 ellici·

81 2995 168 3054 mur3
185 2987 327 3054 quatenus
338 2981 532 3037 ratiocinando
547 2975 747 3048 cognoscimus
760 2988 817 3030 non
831 2987 915 3042 posse
928 2971 1068 3030 mundum
1082 2985 1131 3028 ex·

83 3070 156 3134 tara,
172 3061 232 3119 nisi
246 3067 324 3118 estet
337 3061 445 3118 llrtilex
455 3059 505 3132 qui
514 3059 610 3130 ipsum
619 3053 786 3114 condiderit.
797 3054 869 3112 lliuc
878 3051 1057 3114 ratiocinatio
1071 3067 1132 3110 ma·

83 3162 140 3220 gno
157 3143 225 3204 usui
240 3143 270 3202 in
285 3141 405 3200 scientia
419 3157 481 3200 esse
496 3139 585 3212 solet;
600 3153 657 3197 non
672 3136 750 3196 enim
765 3137 866 3209 aliter,
882 3137 939 3196 nisi
958 3135 1022 3194 eius
1040 3137 1131 3196 admi·

85 3232 183 3292 uiculo
197 3233 316 3288 naturas
330 3241 443 3299 rerum,
460 3223 615 3300 principia,
632 3237 734 3281 causas
747 3223 917 3296 detegimus,
934 3236 1001 3280 cum
1014 3221 1131 3282 nonnisi

85 3317 285 3388 phaenomena
299 3317 328 3371 at
345 3311 464 3370 effectus
482 3308 565 3368 uobis
584 3307 748 3368 immediate
762 3306 990 3366 manifestentur.
1007 3306 1066 3374 Quo
1078 3323 1129 3366 au·

87 3403 144 3457 tem
159 3397 280 3458 artificio
293 3396 400 3455 iudicia
414 3393 526 3469 disponi
541 3392 645 3452 debent
665 3398 696 3450 ut
711 3393 815 3451 veritas
828 3407 888 3449 uua
901 3405 938 3450 ex
953 3389 1010 3450 alia
1024 3391 1129 3450 iniera-

88 3487 149 3554 tur,
166 3497 240 3556 quae
254 3481 368 3554 regulae
382 3478 539 3539 servandae
553 3477 618 3550 sint,
636 3482 706 3552 quot
718 3477 789 3536 vitia
803 3476 939 3550 carenda,
954 3475 984 3536 id
998 3489 1083 3534 omna
1098 3474 1128 3534 in

88 3565 236 3625 dialectica
250 3565 465 3638 explicavimus.
480 3563 532 3622 llic
550 3563 646 3636 aliqua
665 3566 775 3620 mamm
791 3559 942 3633 addimus,
956 3573 1031 3633 quae
1043 3557 1129 3620 huius

90 3651 176 3709 medii
190 3649 358 3724 cognitionis
372 3647 521 3708 clariorem
535 3645 665 3708 nostiam
679 3644 816 3706 alliciant.

135 3831 145 3878 l
165 3835 244 3882 emta
257 3847 300 3882 esti·
316 3835 349 3882 tes
364 3834 446 3895 laetali.
463 3834 491 3882 ds
508 3833 629 3888 l'losttttu
645 3831 715 3885 Bassi
731 3829 755 3892 25
772 3827 808 3876 oli.
825 3826 864 3875 lt.
