2767 4492
410 375 847 429 eademnam-memororum
1099 363 1151 429 itt

142 468 187 531 8l.
203 469 251 529 Vis
265 465 424 544 appetendi,
441 478 514 541 quac
528 464 748 543 intellectualem
756 465 949 540 cognitionem
963 467 1102 542 sapidior,
1119 469 1152 528 in

106 553 214 631 duplici
229 553 404 615 obiectorum
424 565 528 626 genere
548 553 686 609 uersatur.
704 547 796 609 tinum
811 557 854 609 est
866 551 988 611 felicitas
1002 557 1031 611 et
1044 553 1150 627 media,

106 655 181 716 quae
196 653 260 698 com
275 637 409 698 felicitate
423 635 584 695 necessario
600 637 823 708 connectuntur3
839 636 960 695 alterurn
974 641 1084 696 constat
1103 637 1152 697 bo-

106 725 153 785 nis
166 723 210 797 iis,
227 739 300 798 qnae
314 737 368 782 neo
384 721 503 782 felicitas
518 725 595 795 sunt,
613 735 706 795 neque
721 734 787 778 cum
800 731 835 778 ea
850 720 1009 780 necessario
1019 721 1152 796 colligan-

2 831 3 836 ’
106 815 161 869 tur.
178 807 206 869 Si
221 807 368 883 superiora
385 805 435 867 illa
449 805 563 866 animus
585 804 711 880 respicit,
732 805 900 864 necessitate
915 820 1031 880 prorsus
1050 808 1086 867 nd
1104 824 1152 884 ap·

2 909 3 918 ¹
104 894 257 970 petendum
272 893 402 952 trahitur.
413 889 544 951 Felicitas
555 889 643 963 enim,
656 895 688 948 ut
703 889 770 949 talis
785 892 828 948 est
838 889 1027 966 apprehensa,
1037 894 1153 954 nonnisi

104 977 260 1038 ooniunm
276 975 372 1050 offert3
384 975 461 1036 circa
476 981 571 1035 autem
585 975 704 1048 bonum,
717 975 792 1048 quod
806 973 885 1034 omni
899 991 936 1034 ex
951 981 1031 1049 parto
1045 976 1154 1036 bonum

105 1061 142 1120 sit
158 1062 293 1137 omnique
308 1063 391 1121 racel
410 1059 536 1134 delectu,
557 1059 670 1118 animos
693 1059 862 1118 indifferens
886 1075 948 1119 esse
970 1077 1028 1120 nou
1051 1067 1152 1136 potest.

104 1144 215 1206 Nullam
230 1147 308 1206 enim
322 1145 364 1204 ibi
373 1145 513 1204 rationem
524 1143 712 1218 deprehendit
723 1157 774 1201 cnr
784 1141 927 1202 obiectum
942 1142 1012 1203 illud
1022 1151 1152 1220 respuat3

103 1232 221 1289 eumad
237 1231 346 1290 bouum
365 1234 468 1289 natura
488 1244 540 1288 sua
558 1227 684 1287 inflexus
704 1229 749 1287 sit.
773 1227 922 1288 Praeterea
936 1227 1056 1290 felicitas
1071 1231 1153 1291 abso-

102 1315 163 1374 lute
178 1315 266 1374 finem
287 1315 441 1381 constituit,
464 1311 500 1370 od
515 1325 600 1385 quem
620 1312 735 1372 animus
748 1313 778 1370 ri
794 1317 914 1372 naturae
929 1314 1105 1389 propellitur.
1121 1319 1156 1376 lt

103 1399 269 1457 veronulla
287 1411 334 1457 res
355 1398 387 1457 iu
408 1389 565 1471 appetendo
580 1395 637 1455 flue
652 1395 874 1456 indifferentiam
892 1397 993 1471 hahel;
1013 1399 1155 1472 siquidem

105 1481 241 1557 appetitio
256 1481 397 1540 eiusmodi
416 1495 475 1539 nou
489 1479 526 1538 ab
543 1479 606 1554 ipsa
620 1480 669 1540 sed
686 1496 704 1539 a
722 1487 825 1540 natura
844 1481 1058 1542 determinatur.
1074 1483 1158 1543 lieni·

104 1581 161 1641 que
176 1566 296 1625 felicitas
310 1564 450 1624 abstracte
460 1563 649 1638 considerata,
663 1579 730 1624 cum
740 1565 856 1625 nonnisi
866 1561 1022 1626 bonitatem
1038 1565 1155 1627 obiiciat

104 1656 135 1710 et
154 1649 270 1724 quidem
285 1650 376 1710 limite
393 1657 547 1716 carentem,
568 1647 696 1722 undique
714 1650 871 1724 appetitum
887 1651 992 1725 explet,
1014 1651 1155 1711 eiusdem·

106 1751 162 1809 poe
177 1735 327 1811 capacitati
342 1733 488 1794 satisfacit
507 1733 585 1802 Ouod
598 1749 666 1793 vcro
682 1735 724 1794 ita
737 1740 789 1807 est,
805 1735 906 1810 nequit
919 1741 1033 1796 motum
1044 1751 1102 1796 non
1112 1737 1154 1812 gi-

104 1835 191 1893 gnere
205 1821 237 1879 in
254 1835 285 1879 re
304 1819 339 1878 ad
357 1834 443 1893 quam
462 1817 632 1888 movendam
649 1831 680 1876 se
699 1817 833 1893 applicat.

139 1903 235 1963 Exilis
250 1903 388 1978 sequitur,
401 1903 501 1963 eadem
517 1903 633 1964 omnino
648 1903 817 1964 necessitate
828 1903 966 1979 adstringi
978 1905 1106 1970 animum
1120 1906 1152 1967 in

103 1987 141 2048 iis
155 1987 387 2064 concupiscendis
401 1988 494 2062 bonis,
514 2001 587 2061 quae
601 2001 667 2046 cum
684 1986 820 2047 felicitate
835 1988 895 2048 sire
907 1995 1043 2064 tanquam
1056 1991 1153 2051 media

104 2073 164 2132 sive
184 2079 320 2147 mrfquam
334 2071 511 2131 conditiones
524 2072 685 2130 necessario
702 2073 829 2146 copulari
843 2073 987 2148 perspicit.
1005 2074 1057 2143 Oui
1073 2078 1154 2136 enim

98 2171 167 2216 rere
177 2157 240 2215 ruit
252 2157 351 2230 finem,
366 2155 467 2214 eadem
482 2155 651 2214 efficacitate
666 2154 727 2215 ruit
744 2161 806 2215 tum
819 2157 915 2218 media
929 2157 966 2217 ad
980 2159 1063 2219 illum
1078 2160 1151 2220 obti-

98 2239 226 2300 nendum
242 2240 413 2312 necessaria,
436 2243 497 2298 tum
517 2239 704 2314 conditiones,
728 2241 789 2300 sine
805 2241 909 2316 quibus
929 2245 1084 2305 consistere
1102 2247 1151 2307 ille

98 2323 210 2396 nequit.
227 2323 273 2381 Sic
282 2339 340 2382 non
355 2338 507 2397 possumus
521 2332 579 2383 non
593 2325 713 2398 diligere
723 2326 820 2400 vitam,
838 2329 976 2401 quamdin
990 2331 1082 2404 ipsam
1097 2347 1151 2391 ceu

97 2407 319 2466 fundamentum
333 2407 428 2466 omnis
447 2407 515 2467 boni
535 2423 569 2468 ac
582 2409 727 2469 beatitatis
741 2411 909 2486 cogitamus.

135 2492 168 2548 llt
182 2506 251 2549 vero
264 2492 340 2551 idem
356 2508 415 2551 non
434 2491 581 2568 contingit,
599 2495 672 2564 {cum
693 2493 725 2554 io
743 2498 868 2557 meando
886 2498 1027 2557 bonomm
1045 2515 1151 2573 genere

97 2580 228 2634 versatur
237 2575 364 2650 animum
382 2577 519 2638 nimimm
532 2595 598 2638 cum
614 2580 732 2654 respicit
745 2598 788 2654 ea,
801 2598 884 2656 quae,
897 2583 965 2656 quia
980 2583 1056 2642 boue
1070 2589 1147 2658 sunt,

99 2659 194 2732 appeti
208 2665 343 2735 possunt3
360 2659 410 2720 sed
428 2662 495 2735 quia
509 2664 672 2724 necessaria
687 2666 724 2724 ad
739 2665 904 2725 felicitatem
918 2679 975 2724 non
991 2673 1067 2738 sunt,
1083 2685 1150 2728 coo-

98 2742 188 2802 temni
208 2743 295 2803 etiam
309 2751 437 2820 possunt.
454 2747 486 2806 ln
504 2747 680 2815 dissuimus
698 2751 869 2808 necessitate
888 2765 946 2808 nou
960 2753 1079 2824 rapitur,
1098 2753 1150 2811 sed

97 2832 193 2886 manet
207 2829 251 2888 sui
271 2829 342 2889 iuris
358 2835 387 2889 et
406 2831 436 2888 in
457 2831 584 2890 dominio
606 2833 730 2905 quodam
748 2831 857 2904 pmprii
879 2836 968 2902 actus,
994 2832 1035 2890 ita
1057 2841 1089 2891 ut
1110 2849 1148 2891 ex

95 2911 157 2986 ipso
173 2913 294 2988 pendeat
311 2914 492 2988 appetitionis
508 2915 717 2973 determinatio.
730 2912 874 2973 Eiusmodi
883 2919 1016 2989 potestas,
1033 2932 1091 2990 qua
1105 2918 1149 2976 in·

97 2995 264 3055 tellectualis
280 2996 321 3053 ris
332 2996 482 3070 appetendi
496 2997 626 3069 praedita
640 3000 692 3067 est,
709 2995 826 3055 libertas
841 2997 1015 3074 nominatur,
1031 3016 1065 3061 ac
1079 3001 1147 3062 solis

95 3077 246 3154 spiritibus
264 3077 348 3136 inest.
364 3077 422 3136 Hac
442 3079 571 3136 animum
589 3079 750 3138 humanum
768 3081 872 3140 instrui
891 3081 954 3142 fuse
973 3083 1148 3146 demonstra·

95 3163 154 3224 turi
169 3175 285 3236 sumus3
308 3160 359 3219 sed
381 3166 446 3220 ante
462 3160 612 3236 quaedam,
634 3177 707 3236 quae
729 3161 766 3223 ad
780 3162 873 3239 ipsam
887 3167 1041 3243 pertinent,
1058 3170 1146 3244 expli·

95 3248 188 3309 canda
202 3251 269 3304 snut
282 3245 418 3305 breviter.

131 3333 177 3392 85.
194 3331 226 3391 lu
240 3330 341 3406 primis
355 3329 427 3391 illud
440 3329 623 3392 recolendum
638 3337 696 3394 est:
712 3336 744 3394 in
757 3350 814 3410 qno
828 3333 938 3396 obiecto
951 3335 1069 3398 libertas
1081 3355 1145 3398 ver·

96 3422 185 3478 satur.
206 3415 240 3476 Ut
261 3415 396 3475 enimes
417 3415 548 3490 proxime
564 3417 648 3478 dictis
669 3425 795 3495 apparet,
817 3435 910 3495 neque
931 3422 1029 3497 finem,
1050 3423 1099 3497 qui
1112 3425 1145 3484 in

96 3499 230 3561 felicitate
250 3499 390 3574 completa
405 3501 475 3559 situs
495 3507 547 3574 est,
568 3517 662 3577 oeque
683 3504 859 3565 conditiones
878 3511 928 3565 ant
945 3507 1049 3580 media,
1070 3523 1144 3582 quae

94 3585 255 3644 necessario
266 3601 333 3644 cum
348 3585 405 3644 tine
419 3601 496 3646 nexa
511 3593 586 3662 sunt,
604 3589 654 3649 sed
668 3607 704 3650 ea
718 3589 914 3652 tantumbona
927 3592 1052 3666 respicit,
1070 3607 1143 3668 quae

95 3670 265 3729 necessitate
284 3685 350 3730 cunr
364 3671 421 3731 fine
435 3685 493 3731 oon
509 3673 687 3749 colligantur,
704 3685 739 3734 ac
753 3675 870 3751 proinde
886 3681 918 3735 ut
932 3676 1007 3736 bona
1020 3693 1078 3738 uon
1093 3695 1142 3739 ne-

95 3753 219 3816 cessario
230 3755 388 3829 appetenda
401 3763 619 3832 cognoscuntur.
632 3758 738 3819 Deinde
748 3775 814 3820 com
829 3759 933 3819 dicitur
942 3760 1056 3822 animus
1065 3763 1142 3823 circa

94 3839 257 3899 huiusmodi
272 3839 353 3898 finita
370 3838 446 3901 bona
465 3841 594 3903 libertate
609 3843 675 3920 fmi
691 3845 722 3904 id
740 3845 775 3906 de
791 3844 919 3905 libertate
934 3845 1141 3907 indifferentiae

94 3921 275 3999 intelligitru‚
294 3939 366 4000 proc
387 3925 500 3990 definiri
523 3933 632 4003 potest:
658 3931 787 4006 facultas
811 3931 1140 3996 contaminanatus
