2767 4492
541 336 620 383 runrs
632 335 777 383 nerones
1032 344 1037 351 ⁴
1128 322 1184 387 lot

174 424 276 499 lertio,
291 421 473 499 paterboois‚
489 436 563 496 quae
577 419 740 495 acquisivit,
754 418 949 480 characterem
962 420 1108 496 impressit
1120 438 1185 499 pro-
1227 442 1235 489 τ

141 511 219 585 priae
241 508 459 583 personalitatis.
477 506 546 565 Cum
567 504 656 579 igitur
675 504 861 580 personalitas
883 506 971 579 patris
989 522 1045 567 non
1068 508 1185 569 omnino

140 600 236 669 pereat
250 595 299 653 sed
317 594 451 667 perduret
469 590 499 650 in
514 590 591 662 tiliis,
608 590 657 664 qui
682 588 811 649 eiusdem
833 590 919 649 veluti
940 598 1006 651 sunt
1030 592 1130 653 edesio
1157 600 1186 653 et

141 679 314 754 propagatio,
330 678 366 737 ad
380 678 456 751 ipsos
470 691 522 752 per
536 691 568 735 se
585 674 662 733 bona
677 680 796 747 paterna
811 674 952 747 pertinere
971 675 1093 751 debent3
1118 693 1186 753 que·

140 764 323 823 madmodum
340 762 481 835 pertinere
497 759 602 819 debent
616 759 704 819 etiam
718 759 753 817 ad
771 758 895 831 viduam,
913 774 987 833 quas
1001 761 1185 835 personalita-

142 855 198 906 tem
213 848 300 922 patris
315 846 401 905 veluti
416 846 583 918 integrabat.
599 844 688 919 itque
704 845 773 903 baec
788 844 860 903 ratio
876 844 949 903 titios
963 860 1020 905 non
1035 846 1119 907 modo
1143 854 1182 906 te·

141 940 291 1005 stampato,
306 934 357 994 sed
371 932 458 991 etiam
472 932 634 991 vincturae
650 930 681 990 in
698 931 786 1005 patris
803 931 1008 991 haereditatem
1034 933 1185 997 succedere

141 1019 325 1081 demonstrat.

471 1186 639 1246 Solvuntur
653 1187 856 1262 difficultates.

177 1361 266 1419 Obiio.
295 1360 316 1419 l.
340 1359 368 1417 Si
383 1358 429 1417 ius
443 1357 631 1433 proprietatis
644 1372 661 1416 a
673 1356 1188 1433 naturaprocederet,nunquamnio
1230 1380 1238 1428 t

141 1446 195 1504 lari
212 1450 315 1519 posset
332 1444 413 1517 Atqui
429 1442 600 1517 quandoque
622 1442 699 1501 licite
714 1442 852 1516 violatum
869 1458 936 1502 cum
950 1458 998 1502 ex.
1014 1459 1057 1517 gr.
1074 1446 1139 1519 quis
1155 1446 1187 1507 in

141 1537 274 1589 extrema
292 1529 461 1588 necessitate
484 1528 654 1586 constitutus
678 1543 716 1585 ex
739 1527 825 1587 rebus
845 1527 946 1587 alienis
968 1528 1023 1587 sibi
1043 1528 1184 1591 subrepit.

143 1615 218 1686 Ergo
231 1620 285 1673 etc.
378 1676 381 1680 ,

177 1698 262 1772 Resp.
284 1698 361 1772 quo
384 1697 541 1766 minorem,
557 1712 644 1772 quem
663 1698 828 1772 exemplum
844 1698 913 1757 illud
937 1698 1016 1759 nullo
1035 1699 1120 1759 modo
1141 1699 1188 1759 de·
1268 1746 1270 1751 .

143 1788 294 1842 monstrat.

178 1868 236 1925 Hoc
249 1868 311 1941 ipso
325 1868 399 1941 quod
414 1867 459 1926 ius
472 1867 652 1941 proprietatis
661 1883 679 1926 a
689 1874 790 1927 natura
799 1869 936 1941 dimanat,
958 1869 1020 1928 eius
1029 1868 1185 1929 obseruan-

143 1953 183 2011 tia
199 1959 228 2011 et
241 1952 443 2011 inviolabilitas
457 1968 474 2010 a
490 1959 591 2011 natura
607 1954 787 2027 praecipitur.
804 1954 875 2012 Hinc
900 1960 993 2012 tamen
1019 1968 1078 2011 non
1094 1956 1188 2029 sequi·
1245 1952 1249 1959 '

142 2044 257 2096 turnon
274 2053 354 2111 posse
364 2038 394 2095 iu
404 2044 535 2111 extrema
550 2036 594 2096 rel
608 2038 688 2111 qnasi
705 2047 833 2097 extrema
850 2040 1016 2098 necessitate
1032 2046 1143 2097 tantum
1154 2040 1189 2099 de

140 2122 233 2180 rclrns
258 2122 359 2179 alienis
373 2121 497 2193 decerpi,
515 2128 654 2194 qnantum
678 2122 838 2181 necessitati
862 2123 904 2180 illi
922 2127 989 2181 tnrrc
1010 2123 1189 2199 repellendus

142 2212 188 2265 est
203 2222 285 2277 opus.
302 2206 396 2277 Neque
410 2205 439 2261 in
464 2205 517 2261 boc
533 2204 591 2261 ulta
604 2204 761 2263 incurritur
774 2207 845 2264 iuris
862 2209 1040 2281 proprietatis
1063 2209 1188 2269 violatio.

142 2292 216 2350 dum
231 2304 382 2360 supremus
397 2302 494 2345 rerum
508 2289 719 2347 mundanorum
734 2291 867 2349 dominus
889 2300 933 2350 est
950 2292 1039 2366 Deus;
1060 2295 1109 2367 qui
1126 2310 1190 2368 per·

145 2382 206 2433 tem
224 2372 448 2443 lrrriusdnminii‚
475 2373 565 2445 quoad
582 2372 732 2433 utilitatem
748 2376 884 2434 nimirum
894 2376 1072 2451 capiendam,
1082 2378 1123 2437 sic
1133 2370 1191 2438 siu·

143 2458 219 2535 gulis
236 2457 403 2516 bominibus
419 2456 567 2530 concessit,
585 2465 618 2515 ut
631 2458 695 2517 eius
709 2460 878 2518 exercitium
899 2465 1008 2519 ceteros
1029 2478 1085 2519 non
1105 2478 1191 2535 pone·

143 2550 190 2605 ret
203 2543 232 2603 in
255 2543 481 2617 impossibilitate
496 2544 629 2602 servandi
642 2544 739 2603 vitam.
753 2546 843 2613 Quare
857 2546 880 2604 si
894 2552 1004 2619 tempus
1020 2547 1125 2605 incidat
1135 2565 1191 2622 quo

145 2630 212 2705 quis
230 2629 343 2687 delectu
352 2628 509 2687 mediorum
520 2628 556 2687 de
571 2629 629 2687 vita
639 2629 823 2701 periclitetur,
835 2628 902 2703 quio
915 2630 1031 2689 modum
1040 2630 1132 2689 ullum
1144 2632 1191 2691 ba·

144 2715 214 2775 beat
226 2713 393 2772 declinandi
405 2712 578 2787 periculum3
596 2712 716 2771 lacultas
730 2713 896 2784 intelligitur
910 2728 927 2772 a
945 2713 1001 2772 Deo
1015 2715 1069 2787 ipsi
1078 2730 1190 2777 conces·

41 2846 46 2855 .
145 2815 179 2857 sa
194 2798 324 2870 capiendi
341 2798 370 2855 id
388 2797 464 2870 quod
482 2798 510 2854 in
526 2813 661 2871 praesens
672 2798 839 2855 occurritsd
853 2798 995 2871 propriam
1004 2798 1191 2873 indigentiam

145 2881 349 2955 repellendam.
369 2882 466 2953 Neque
480 2881 510 2938 in
528 2881 580 2941 boc
596 2883 702 2939 turtum
716 2885 826 2953 putrere
837 2881 1041 2957 dicendusest3
1059 2899 1123 2944 cum
1136 2887 1192 2947 lur-
1282 2902 1288 2917 ·

148 2971 209 3024 tum
224 2966 261 3022 sit
275 2964 381 3023 oblatio
395 2966 436 3022 rei
454 2965 575 3036 alienae,
587 2964 677 3023 invito
687 2965 896 3025 rationabiliter
905 2967 1020 3029 domino
1031 2988 1039 3042 3
1051 2986 1086 3029 ea
1096 2976 1192 3032 sutem

148 3048 297 3123 hypothesi
317 3048 361 3108 rel
376 3047 509 3107 dominus
522 3054 633 3107 nonest
648 3048 763 3119 invitus,
778 3049 822 3107 rel
840 3054 1193 3115 certenonestrslionabi·

147 3132 213 3192 liter
226 3133 345 3191 invitus.
364 3132 530 3190 Tunccnim
550 3133 643 3206 potius
662 3132 744 3191 alteri
766 3140 843 3193 tanta
857 3139 1024 3197 necessitate
1046 3139 1192 3201 laborandi

149 3224 248 3291 sponte
263 3232 429 3275 succurrere
447 3216 601 3277 dictamine
616 3219 867 3291 naturaegraviter
876 3221 1026 3294 obligatur.
1039 3222 1117 3291 Quod
1127 3240 1194 3284 cum

149 3301 210 3375 ipse
225 3316 281 3359 non
301 3300 394 3373 iaciat,
411 3301 483 3361 alter
497 3302 590 3361 iacere
606 3318 655 3376 per
670 3318 701 3361 se
717 3308 827 3377 potest3
845 3310 928 3380 etque
943 3306 973 3364 in
989 3307 1042 3366 hoc
1053 3308 1192 3369 utituriu·

74 3409 78 3413 “
150 3401 182 3444 re
196 3384 299 3458 cuique
313 3384 421 3444 bomini
437 3393 566 3446 anaturs
581 3402 724 3447 concesso.
737 3388 841 3447 Verum
851 3390 1010 3449 cavendum
1020 3398 1063 3451 est
1080 3406 1116 3453 ne
1128 3407 1193 3453 con·

151 3469 272 3528 ditiones
283 3471 460 3529 necessariae
476 3474 691 3532 transiliantur:
710 3472 846 3533 nirnirum
861 3475 963 3549 primo,
983 3482 1015 3534 ut
1039 3478 1194 3539 necessitas

151 3571 219 3616 vere
233 3557 269 3615 sit
282 3561 412 3615 extremo
425 3557 469 3616 vel
485 3560 566 3631 quasi
580 3564 728 3631 entremaq
746 3560 858 3633 deinde,
875 3568 907 3619 ut
921 3562 1032 3620 nultum
1048 3562 1125 3621 aliud
1137 3579 1194 3622 me·

153 3641 232 3699 dium
246 3641 283 3699 ad
297 3656 362 3700 esm
375 3641 568 3715 repellendam
579 3644 669 3715 adsit;
687 3644 768 3725 qertio
783 3651 815 3703 ut
831 3650 939 3704 tautum
955 3645 1093 3720 capietur,
1107 3664 1195 3721 qusu-

154 3730 217 3783 tum
241 3725 369 3799 praecise
387 3726 541 3784 necessitas
554 3733 621 3785 tunc
637 3727 775 3802 postulat,
797 3729 931 3805 denique,
947 3737 980 3789 ut
999 3746 1030 3791 re
1040 3733 1195 3793 auferenda

155 3807 289 3870 dominus
302 3809 334 3869 in
348 3810 449 3870 eodem
462 3814 631 3872 necessitate
645 3828 703 3871 non
715 3814 911 3875 constituatur.
