2767 4492
157 397 191 458 ll.
207 392 240 458 ln
253 377 477 472 tipaificautcna'
486 395 515 455 el
527 305 737 455 r'rcperArimoouITRllllmeA
746 393 798 468 est,
816 387 866 468 qui
880 385 987 468 aliquid
996 287 1168 470 reapsettozqt

120 481 338 542 cormaricum
353 480 512 556 significat,
529 485 562 540 ut
576 479 700 548 caelum,
717 479 801 537 tellus
815 485 884 550 etc.;
900 479 948 538 hic
964 494 1047 553 vero,
1059 478 1168 553 quiaut

119 567 242 628 estsine
257 572 355 626 mente
365 581 461 640 sonus,
478 571 527 624 aut
536 565 645 640 aliquid
658 562 834 638 impossibile
849 562 959 638 sibique
968 562 1167 638 contradicens

114 651 273 726 exprimit,
294 657 327 710 ut
341 650 470 710 arculus
484 649 663 724 quadratus,
681 656 822 731 anemone
834 647 898 706 eiua
909 649 993 722 ealle,
1013 649 1116 723 hisque
1129 649 1166 709 si·

115 736 220 811 milia,
238 751 314 812 qliae
331 742 427 808 utpote
444 733 668 794 contradictoriis
691 733 849 793 constantia
862 733 953 808 notis,
974 732 1049 793 nibil
1066 747 1167 798 revera

112 826 353 896 repraesentant,
370 820 420 880 sed
430 828 621 895 apparentem
634 819 784 878 dumaxu
796 823 825 878 et
834 816 1019 894 deceptricem
1029 817 1167 878 exhibent

113 906 230 965 ideam.

150 991 199 1050 lll.
218 991 252 1048 ln
268 990 402 1064 wamel
415 1005 536 1067 copton.
553 990 601 1050 llle
615 1005 677 1050 rem
695 989 820 1064 aliquam
834 994 996 1050 coustamer
1008 988 1164 1064 significat,

113 1081 149 1134 ut
164 1075 326 1151 ternplum
343 1076 390 1135 bic
404 1076 488 1135 modo
506 1076 691 1150 hanc,1uodo
706 1074 793 1134 aliam
807 1089 858 1148 pro
871 1075 1014 1150 loquentis
1027 1073 1167 1133 arbitratu

111 1175 180 1219 rem
192 1160 343 1234 exprimit,
354 1167 387 1219 ut
396 1169 529 1233 buturo,-
541 1175 614 1234 quae
626 1175 684 1219 vox
698 1175 775 1218 nunc
785 1160 822 1218 ad
836 1159 1056 1233 adspectabilem
1066 1158 1167 1218 mundi

110 1245 303 1318 machinam,
319 1260 397 1304 nunc
416 1245 453 1302 ad
466 1245 509 1303 rei
524 1244 687 1317 essentiam,
704 1257 782 1301 nuuc
801 1242 837 1301 ad
851 1243 946 1317 ipsrun
959 1244 1060 1303 mundi
1074 1248 1167 1304 aucto

109 1345 178 1389 rem
193 1329 422 1403 significandum
436 1333 600 1400 usurpatur.

151 1416 199 1474 lv.
218 1416 253 1472 ln
267 1415 429 1471 univocam
452 1417 481 1471 et
495 1403 697 1486 ocpuioocwm.
713 1412 792 1473 Prior
805 1419 863 1486 est,
880 1414 929 1487 qrri
941 1415 1071 1488 pluribus
1082 1415 1168 1476 rebus

112 1501 205 1558 iuxta
217 1496 353 1557 eamdem
362 1495 599 1571 significationem
611 1495 755 1571 tribuitur,
764 1503 797 1555 ut
806 1497 938 1571 annual,
949 1497 1020 1557 alter
1029 1499 1079 1572 qui
1088 1499 1169 1559 truta

112 1582 366 1657 significationem
381 1581 631 1654 boemundique
646 1581 693 1640 bic
707 1581 823 1656 quidem
832 1587 882 1640 aut
892 1597 912 1640 a
921 1597 1001 1650 casu,
1012 1588 1093 1642 auto
1107 1600 1170 1644 cort

112 1667 275 1727 eiliwduci
286 1674 389 1743 potest.
405 1669 427 1725 A
440 1683 511 1726 casu
525 1666 655 1740 quidem,
672 1682 740 1726 cum
754 1681 815 1740 res,
832 1666 937 1741 quibus
952 1666 1094 1736 tribuitur,
1107 1669 1169 1728 nul·

113 1751 174 1810 lam
186 1753 268 1812 inter
281 1768 312 1812 se
321 1751 488 1811 relationem
506 1751 629 1824 hubent,
651 1767 703 1812 eur
713 1753 814 1810 eudem
828 1767 897 1812 voce
911 1753 1050 1812 fruantur.
1066 1753 1168 1814 Exem-

113 1837 165 1911 plo
181 1836 221 1896 sit
243 1852 350 1897 nornen
366 1836 481 1911 potitos,
501 1851 567 1896 cum
585 1836 751 1896 hominibus
770 1837 968 1912 transalpinis,
983 1843 1012 1896 et
1026 1845 1103 1898 certo
1121 1855 1168 1899 vo

115 1921 237 1982 lucrum
256 1920 353 1996 generi
367 1920 539 1980 attribuitur.
557 1922 580 1980 A
599 1921 845 1994 construentem,
863 1921 1009 1995 uncum
1026 1924 1170 1999 onotogue

116 2007 177 2066 dici
200 2007 290 2080 solet,
309 2021 375 2064 cum
398 2007 550 2080 terminus,
566 2007 619 2066 etsi
633 2006 720 2066 rebus
735 2007 855 2065 diversis
869 2021 926 2066 uon
939 2011 1040 2067 eadem
1060 2009 1169 2083 signill-

116 2093 237 2151 catioue'
252 2091 350 2164 detur,
366 2095 462 2149 tanim
477 2090 543 2148 illae
558 2090 683 2164 aliquam
699 2090 866 2149 relationem
879 2091 954 2150 inter
969 2107 1000 2152 se
1016 2094 1168 2151 autunulo

113 2176 198 2250 giam
214 2181 346 2249 serrant,
359 2179 408 2234 aut
417 2175 547 2236 ordinem
562 2175 597 2233 sd
606 2175 741 2235 eumdem
754 2176 888 2235 ellectum
902 2176 1017 2236 babent.
1037 2177 1082 2236 Sic
1091 2179 1168 2238 risus

116 2276 179 2321 non
194 2261 283 2320 modo
296 2260 421 2333 homini,
438 2261 488 2320 sed
502 2260 606 2319 vuenti
622 2261 709 2319 etiam
723 2267 809 2338 prato,
822 2260 969 2331 tribuitur,
988 2262 1057 2336 quia
1070 2278 1168 2336 quem-

117 2346 281 2405 admodum
303 2343 388 2402 bomo
410 2345 594 2417 ridcru,·ita
610 2353 738 2421 pratum
756 2361 915 2404 amoenum
929 2345 1072 2405 intercutes
1091 2345 1169 2404 exbi-

118 2429 207 2488 larat.
222 2427 359 2488 Similiter
372 2431 485 2488 sasitos
494 2443 554 2488 nou
567 2428 659 2488 solum
669 2429 705 2487 de
716 2429 869 2504 animante,
882 2430 1028 2489 sedetiam
1043 2429 1079 2488 de
1090 2429 1167 2496 cibo,

116 2516 287 2589 medicina,
309 2515 409 2590 coloro,
430 2514 486 2574 dici
501 2514 618 2587 assolet3
639 2515 708 2588 (pria
726 2515 780 2574 etsi
794 2515 908 2590 proprie
927 2513 1044 2574 nonnisi
1057 2515 1088 2572 in
1106 2513 1167 2572 ani·

117 2607 221 2670 mepte
238 2601 320 2672 iusit3
338 2605 433 2658 tamur
448 2598 549 2672 scibo,
566 2599 616 2672 qui
630 2613 718 2676 sanus
731 2598 848 2674 diuitem
865 2603 1065 2672 conservatur,
1077 2613 1095 2656 a
1108 2613 1168 2658 me·

117 2685 219 2744 dicius
233 2685 264 2744 in
279 2684 423 2758 integrum
436 2682 603 2755 restituitur,
621 2697 638 2740 a
652 2683 746 2742 colore
760 2689 855 2742 autem
864 2685 1017 2743 indicatur.

154 2768 287 2842 Denique
301 2769 333 2827 in
343 2768 505 2843 mertuum
520 2771 548 2826 et
563 2769 751 2841 cepaticum,
766 2767 798 2827 in
810 2769 997 2843 uapularem
1010 2773 1039 2828 et
1051 2769 1169 2827 univcr-

117 2853 232 2926 aalem,
254 2853 470 2912 incarceratum
494 2857 523 2910 ct
545 2851 730 2911 obstructum
753 2850 888 2910 dividitur
911 2853 1065 2924 terminus,
1085 2857 1170 2924 prout

119 2937 221 2996 ideam
235 2936 388 3009 positivam
396 2936 442 2994 vel
455 2935 630 3008 negativam,
641 2933 816 3002 singularem
829 2935 875 2992 vel
888 2933 1090 3006 universalem,
1102 2949 1169 2992 con·

120 3019 290 3078 cretsmvel
304 3018 477 3076 abstractam
492 3017 644 3090 significat.

159 3103 188 3162 9.
202 3102 273 3161 Cum
283 3101 423 3160 terminus
432 3105 515 3158 extra
524 3096 746 3172 propositionem
756 3099 865 3160 variam
876 3099 1113 3174 significationem
1124 3117 1170 3159 su·

120 3189 236 3262 scipere
259 3184 365 3260 possit,
394 3183 545 3260 diligenter
565 3182 738 3244 considerari
755 3185 840 3244 debet
854 3187 890 3245 ad
905 3199 1061 3259 pramuam
1075 3185 1169 3260 potius

119 3273 153 3331 iu
166 3270 361 3348 propositione
376 3268 591 3329 determinatur.
615 3267 705 3336 Quare
726 3278 949 3330 consentaneum
970 3269 1025 3330 erit
1042 3269 1169 3332 diversos

117 3355 169 3416 hic
183 3355 477 3440 enumerarelmodos,
494 3353 599 3429 pibus
610 3353 725 3413 termini
735 3355 868 3430 usurpari
878 3363 995 3429 queunt.
1006 3355 1102 3430 ltaque
1113 3363 1169 3416 ter-

120 3443 274 3502 minusvel
283 3457 413 3517 protono
424 3445 535 3499 tantmn
545 3439 601 3503 oris
611 3440 743 3513 sumitur,
760 3447 792 3498 ut
802 3439 934 3505 sidicas:
952 3439 1037 3499 bouso
1047 3449 1168 3514 estona,-

121 3526 168 3584 vcl
181 3543 234 3604 pro
247 3542 280 3586 re
294 3542 313 3585 o
327 3541 396 3584 emto
416 3525 563 3598 distincta,
583 3529 615 3585 ut
632 3523 658 3582 si
675 3523 770 3584 dicas:
788 3524 874 3583 bomo
884 3523 1059 3583 cetauimol.
1075 3523 1169 3585 Prima

124 3611 250 3686 acceptio
268 3624 327 3669 non
346 3611 566 3684 incongruenter
583 3609 741 3683 usuupotio
758 3609 985 3685 riguifiomiouie
1001 3609 1168 3669 materialis

122 3696 328 3769 nominaretur,
344 3695 433 3754 altera
445 3693 602 3770 usutpott'o
622 3694 769 3768 formatis.
791 3695 898 3754 lterum
917 3694 1064 3769 usurpatio
1078 3701 1167 3753 mate·
1255 3762 1257 3765 ,

126 3775 203 3840 rialis
216 3795 279 3840 esse
293 3785 384 3854 potest
397 3780 442 3840 vel
450 3779 602 3840 oomrolie
617 3777 662 3838 vel
677 3780 855 3855 artificioso,
870 3784 954 3853 prout
967 3778 1107 3837 terminus
1120 3793 1169 3837 su·

127 3861 212 3928 mitm
224 3867 260 3926 ad
274 3881 376 3928 sonum
388 3863 467 3925 uocis
481 3863 660 3926 innuendum
673 3860 830 3926 sesumam
844 3863 874 3926 id
889 3863 966 3940 quod
977 3862 1096 3924 habeta
1110 3876 1162 3920 na·
