2767 4492
377 397 378 400 ,
462 347 537 406 assi
548 347 901 406 samu-mmm
1151 335 1203 400 til

160 437 249 514 lariee
261 435 445 512 omdiliaael,
460 437 567 513 utribus
582 435 730 502 aeuum
742 436 894 509 oroneo
907 429 1134 508 adauiassbnlur.
1148 434 1202 498 Ne·

158 530 268 608 qucum
281 537 347 590 roro
361 523 487 600 araim
501 521 655 594 ubemur
671 519 740 594 auia
753 519 790 581 ad
807 519 999 595 beclnalilil
1011 520 1155 594 unledam
1171 526 1202 582 et

159 604 1200 686 ambuanecoesarbcsrnt‚qootooustnrennasodsroqueoogi-

159 695 244 760 bada
256 699 441 760 mantra
454 693 519 758 idea
532 690 671 756 attributi
679 696 710 752 el
722 690 787 751 idea
797 687 928 761 edixit.
940 695 1024 765 aune
1034 689 1136 752 ambae
1145 691 1198 752 ite

147 795 223 855 ,rum
236 785 333 844 uento
349 779 527 856 copulentur.
543 776 575 840 id
593 781 689 839 autem
707 774 883 838 mitialem
900 773 1034 849 importat
1051 790 1198 840 nonore

157 868 234 930 tione
243 864 348 928 obiecu'
360 863 613 937 iadepeudenlonr3
625 874 692 924 oum
707 865 806 921 conba
814 856 935 920 facultas
949 858 1095 932 ummo,
1104 866 1200 936 utpote

155 947 338 1024 immodesti
350 963 425 1022 quaa
439 947 617 1010 extnnuous
630 945 748 1010 adverb
764 949 991 1018 contemperata,
1010 944 1126 1006 nonnul
1140 951 1200 1004 tan·

158 1039 229 1108 tum,
246 1037 384 1108 quantiam
398 1031 436 1094 ab
450 1032 560 1093 obiecto
574 1036 717 1104 movebar,
732 1028 842 1090 reterre
854 1027 940 1088 ualet.

192 1117 237 1180 68.
257 1116 435 1192 intelligendi
447 1117 567 1177 incultas
581 1115 741 1190 generatim
753 1113 868 1186 ampla
881 1127 932 1186 prr
946 1117 1035 1176 bom
1049 1114 1126 1176 entis
1139 1127 1200 1177 am-

155 1202 326 1278 plitudinem
340 1202 511 1277 maculando
526 1201 673 1277 spatiabor.
687 1199 758 1260 iiam
772 1196 833 1258 sive
846 1212 964 1271 corpora
977 1205 1138 1273 sumansu,
1149 1203 1201 1260 aut

155 1287 282 1360 spiritus,
297 1288 358 1348 sire
372 1283 547 1344 stubsunliae
561 1288 611 1343 aut
627 1283 788 1357 quadum
804 1281 864 1342 sire
877 1297 925 1341 res
942 1288 1064 1355 usaue,
1080 1283 1142 1344 sire
1155 1284 1200 1343 in·

157 1374 284 1440 matum
294 1369 367 1428 nibil
381 1369 483 1428 borum
498 1367 638 1440 assignari
651 1371 753 1441 potest,
763 1365 925 1438 circaqtrod
939 1365 1034 1439 aliquo
1048 1373 1140 1440 pacto,
1156 1368 1200 1428 in·

155 1453 317 1514 tedeotione
331 1458 381 1512 aut
398 1451 617 1511 ratiocinatione
637 1450 745 1510 vernn
763 1449 1138 1523 nequeamus.1mmorero
1159 1451 1201 1510 sio

157 1538 235 1598 circa
248 1553 311 1598 rem
325 1537 482 1612 quamlibet
494 1551 577 1596 mens
594 1541 764 1609 occupatur,
780 1535 895 1609 utquid
911 1550 947 1594 aa
960 1534 998 1594 sit
1015 1533 1201 1608 inbospioere

157 1627 276 1697 satagat.
288 1623 366 1683 liade
378 1623 523 1696 sapienter
532 1621 559 1678 S.
571 1620 692 1680 'l'bomes
702 1619 803 1678 amerit
811 1619 956 1678 obiectum
968 1619 1128 1678 intebeotus
1138 1633 1201 1678 esse

156 1707 237 1782 quod
251 1705 326 1781 quid
338 1714 393 1779 eat,
409 1705 517 1764 scilicet
531 1704 686 1763 emendum
700 1709 751 1762 out
762 1703 950 1776 quidditatem
963 1703 1022 1777 rei3
1038 1711 1124 1778 atquc
1138 1703 1200 1763 eius

154 1797 270 1866 ammon
283 1791 321 1850 ab
334 1791 417 1850 brae
432 1788 548 1864 boando
562 1788 686 1861 deducit,
703 1793 846 1860 quatenus
859 1803 917 1847 non
932 1788 964 1847 in
978 1789 1083 1848 corice
1097 1787 1200 1848 obiecti

154 1874 244 1948 natat,
261 1875 312 1934 sed
326 1875 421 1948 ipsum
434 1873 513 1932 intus
526 1877 656 1947 penetret
664 1872 703 1930 ad
716 1871 932 1946 percipiendum
945 1872 1015 1944 quid
1023 1872 1070 1931 sit.
1081 1873 1123 1931 ita
1132 1885 1200 1931 cum

154 1959 339 2032 intelligimus
357 1957 561 2029 substantiam,
578 1961 627 2014 eut
644 1955 828 2029 relationem,
845 1962 897 2014 aut
910 1955 1058 2029 etiecbrm,
1075 1962 1126 2014 aut
1139 1971 1199 2016 mo

153 2047 229 2115 tum3
241 2043 283 2101 sic
297 2041 536 2115 apprehendimus
551 2039 662 2098 obiecta
676 2038 825 2112 eiusmodi,
837 2045 869 2097 ut
882 2039 914 2098 in
928 2055 983 2113 quo
998 2041 1053 2098 sita
1069 2040 1135 2114 siut,
1148 2057 1200 2100 seu

154 2126 321 2184 eorumdem
333 2129 466 2182 naturam
487 2123 643 2195 capiamus.
662 2122 741 2190 Quod
754 2128 831 2198 patet
845 2123 932 2182 eliam
945 2124 977 2181 in
995 2124 1133 2198 rudibus3
1150 2125 1199 2198 qui

156 2209 180 2266 si
194 2208 249 2267 rite
263 2207 486 2280 interrogentur,
503 2205 652 2279 apparebit
665 2207 791 2278 prolcclo
804 2207 882 2280 ipsos
895 2207 1054 2282 inlelligere
1068 2209 1199 2269 samaeu-

154 2290 225 2350 tiam
242 2295 386 2362 tamquam
399 2290 506 2363 aliquid
520 2291 597 2364 quod
615 2289 715 2350 suberi
730 2291 927 2352 accidentibus
941 2299 1025 2366 atque
1043 2294 1108 2353 ideo
1123 2295 1154 2352 in
1168 2311 1199 2353 se

154 2374 306 2447 subsistet,
322 2373 490 2434 relationem
512 2379 658 2447 umquam
677 2375 806 2436 ordinem
820 2377 906 2436 unius
921 2376 958 2435 ad
980 2377 1117 2449 altermn,
1134 2377 1201 2437 effe

155 2463 233 2516 curm
255 2463 399 2532 tamquam
415 2458 524 2532 aliquid
540 2459 615 2532 quod
634 2459 757 2520 existere
779 2460 899 2533 incipiat
912 2476 963 2533 per
977 2461 1119 2518 actionem
1133 2461 1199 2521 alte·

153 2542 223 2616 rius,
239 2549 349 2604 mamm
364 2548 509 2618 umquam
523 2543 675 2606 transitum
690 2545 728 2605 ab
741 2561 800 2605 uuo
815 2551 892 2605 statu
904 2543 937 2602 in
951 2544 1049 2616 ubam,
1060 2549 1145 2618 aque
1159 2545 1199 2604 ita

153 2627 188 2687 de
202 2627 304 2687 ceteris
316 2628 457 2703 exemplis
471 2643 544 2703 quae
559 2628 655 2688 afferri
674 2635 799 2703 possent.
815 2629 935 2696 Quodsi
953 2629 1093 2690 eiusmodi
1108 2629 1198 2688 bomi-

152 2726 205 2772 uea
218 2711 250 2770 in
263 2725 295 2772 se
309 2712 481 2786 explicando
500 2713 644 2785 laborent3
661 2714 691 2771 id
705 2719 855 2786 propterea
873 2712 992 2780 accidit,
1009 2714 1077 2784 quia
1090 2713 1198 2771 exerci-

155 2795 270 2856 tationis
279 2797 392 2856 delectu
403 2797 532 2870 proprios
547 2801 702 2866 conceptus
715 2794 866 2852 enucleare
879 2795 1020 2852 nesciunt.
1032 2794 1123 2859 Quare
1131 2809 1198 2853 cum

150 2897 189 2942 ex
203 2897 262 2940 una
274 2888 355 2954 parte
368 2881 529 2940 intellectus
544 2880 622 2936 circa
642 2878 788 2953 quodlibet
801 2894 854 2936 ene
872 2879 981 2937 temari
999 2878 1102 2952 possit,
1118 2883 1147 2936 et
1159 2895 1198 2938 err

152 2964 210 3022 alia
223 2964 265 3022 sic
278 2962 355 3020 circa
371 2963 467 3034 ipsum
486 2965 631 3029 tueatur,
647 2965 679 3018 ut
697 2961 760 3018 eius
777 2961 965 3034 qrridditatcm
984 2977 1038 3022 seu
1056 2962 1197 3022 rationem

151 3046 258 3106 intueri
266 3045 388 3117 nitrum,
399 3057 457 3102 non
466 3043 688 3114 incongruenter
696 3042 800 3103 niman
809 3044 953 3107 obiectum
962 3047 1123 3108 intellectus
1134 3061 1197 3106 asse

150 3129 310 3203 generum
323 3143 373 3188 eru
386 3127 440 3186 stab
454 3125 571 3186 sellom
585 3125 669 3186 colb.

187 3214 259 3275 iiiuc
274 3219 369 3274 amen
384 3228 421 3271 ne
435 3211 582 3271 existimes
595 3211 771 3272 intellectum
782 3214 914 3274 'omnium
927 3230 1041 3290 rerum,
1051 3229 1126 3288 quae
1140 3214 1196 3289 ipsi

151 3298 335 3372 obbuuntur,
350 3298 447 3358 stabm
461 3296 674 3371 apprehendere
687 3298 885 3373 quoduam.
897 3300 977 3373 Nam,
992 3314 1059 3360 eum
1073 3299 1135 3357 eius
1149 3313 1196 3358 co·

151 3383 251 3456 gallin
266 3390 299 3442 ut
312 3389 411 3456 postea
424 3382 560 3451 dicemus,
576 3382 698 3458 incipiat
710 3399 762 3458 per
776 3383 998 3445 mancionem
1013 3401 1031 3444 a
1046 3383 1192 3459 senubus3

153 3481 252 3527 eorum
267 3472 378 3526 tantm
390 3467 555 3526 immediate
574 3468 695 3542 percipit
708 3470 875 3543 essentiam,
892 3484 967 3544 quae
980 3475 1129 3543 tamquam
1141 3483 1190 3542 ge-

152 3551 264 3611 nerales
277 3551 407 3612 nodones
420 3551 452 3610 iu
469 3552 587 3612 obiectis
601 3568 688 3613 sensu
701 3555 843 3629 perceptis
859 3555 1057 3628 implicantur,
1074 3559 1103 3612 el
1114 3569 1193 3628 quae

151 3639 185 3694 ut
201 3635 269 3695 inde
288 3637 427 3696 resuioeru
444 3651 503 3698 non
522 3639 579 3696 nisi
602 3638 793 3700 abstractione
809 3645 901 3712 egent.
923 3638 1089 3697 liuiusmodi
1108 3643 1188 3712 sunl,

152 3733 200 3780 ex.
211 3735 255 3794 gr.
266 3721 431 3795 ralioenlis,
447 3723 520 3782 ratio
534 3722 721 3798 substantiae,
732 3723 805 3782 rullo
816 3721 968 3796 qualitatis,
983 3724 1056 3782 ratio
1070 3723 1193 3782 crisan-

152 3804 222 3877 tiao‚
237 3805 310 3864 ratio
326 3806 458 3881 aelionis,
474 3813 561 3880 alqtm
578 3807 650 3880 alia,
671 3823 745 3882 quae
765 3807 1026 3866 bunscendentium
1044 3807 1194 3866 notionum

152 3887 264 3954 obiecta
275 3890 461 3952 mutuant
474 3891 660 3954 marro
676 3891 856 3966 nuditates,
866 3905 942 3966 quae
955 3891 1122 3957 immediata
1134 3903 1193 3951 non
