2767 4492
606 345 736 391 armeta
1157 329 1194 394 di

154 432 240 491 etiam
249 431 452 506 perfectionem
461 429 541 505 ponit
554 430 587 490 in
601 429 784 502 interioribus
794 431 987 506 taommdbus
998 445 1073 507 oriae
1086 431 1118 492 in
1131 437 1193 491 tan·

153 521 214 574 tum
230 515 354 576 bominis
369 521 436 575 sunt
451 515 593 591 propriae,
614 516 644 575 in
662 521 802 590 quantam
815 517 933 576 rationis
952 518 1093 578 iuvandae
1109 517 1193 576 mini·

152 601 237 660 sterio
252 601 418 675 iunguntur.
434 601 489 661 Neo
504 600 701 659 difficultatem
718 615 777 659 non
799 601 988 673 superabilem
1003 602 1136 675 incurrit,
1156 603 1193 661 si·

86 733 90 744 .
152 687 267 760 quidem
281 687 408 746 ordinate
427 702 511 761 agere
524 701 608 746 nemo
628 701 685 746 non
701 691 803 760 potest.
822 685 913 754 Quare
931 687 972 744 sic
989 689 1192 761 perlectionem

151 772 310 830 maximam
330 771 463 845 includit,
484 777 516 830 ut
534 770 683 830 tamenab
710 771 856 844 omnibns,
875 771 925 844 qni
944 770 1046 842 uelint,
1070 770 1192 832 obtineri

72 887 75 896 ν
152 864 245 930 queat.
1025 891 1028 896 -

188 941 312 1016 lienique
327 944 412 1002 homo
433 943 463 999 ri
477 942 563 1000 buius
582 941 698 1000 morulis
712 941 819 1000 ordinis
835 940 871 999 ad
886 941 973 1000 tinem
988 941 1103 999 alterius
1117 941 1194 1000 rime

151 1029 382 1100 consequendum
397 1042 428 1085 se
448 1027 647 1085 convenienter
671 1026 807 1100 disponit,
823 1041 889 1084 cum
907 1041 997 1100 eoque
1013 1031 1193 1100 praesentem

150 1111 239 1171 vitam
253 1112 411 1170 arctissime
425 1112 560 1184 innectit,
585 1111 726 1184 siquidem
741 1111 849 1169 ordinis
869 1111 986 1169 moralis
1003 1114 1088 1183 capnt
1104 1115 1134 1168 et
1147 1125 1192 1168 co
1210 1179 1215 1188 ι

151 1212 222 1256 rona
236 1203 279 1254 est
292 1196 342 1255 Dei
361 1195 475 1254 tandem
491 1195 612 1269 adeptio,
631 1199 661 1252 in
679 1211 736 1269 qua
750 1195 869 1275 ‘divinae
882 1194 988 1269 gloriae
1003 1194 1192 1254 manifestatio

150 1281 277 1340 maxime
290 1279 445 1353 perficitur.
463 1280 554 1348 Onare
572 1280 602 1338 in
617 1279 757 1338 eiusmodi
776 1279 928 1347 obiectum,
944 1279 1018 1353 quod
1036 1279 1191 1353 assignavi-

150 1381 224 1438 mus,
241 1367 418 1424 characteres
433 1380 532 1424 omnes
552 1365 725 1425 conueniunt
745 1368 796 1439 quii
812 1364 844 1423 iu
863 1364 1050 1424 destinatione
1068 1365 1191 1426 bominis

151 1449 364 1510 determinanda
378 1450 565 1525 postulandos
580 1465 642 1509 esse
655 1448 792 1509 diximus.
1011 1490 1013 1493 -

189 1535 230 1592 17.
246 1537 279 1593 dt
296 1535 373 1594 enim
388 1534 456 1610 quid
470 1535 501 1592 in
516 1534 850 1609 particularireqniritur
861 1536 899 1594 ad
915 1535 990 1594 launo
1003 1537 1192 1596 moralemor·

152 1620 248 1679 dinem
263 1620 444 1679 habendum?
458 1619 628 1694 inspicietur
643 1619 712 1678 ordo
728 1619 874 1693 physicus,
891 1626 976 1694 atpue
994 1636 1031 1679 ex
1047 1621 1109 1680 eius
1123 1637 1193 1680 ana·

151 1704 226 1777 logia
240 1711 268 1762 et
282 1705 460 1778 proportione
474 1705 509 1762 de
519 1704 618 1763 ordine
632 1703 734 1763 morali
750 1703 933 1765 indicabitur.
945 1706 1029 1764 Porro
1039 1706 1107 1765 ordo
1119 1707 1191 1780 phy-

150 1788 225 1848 sions
239 1803 276 1847 ex
291 1789 381 1848 tribus
396 1788 575 1863 potissimum
589 1788 739 1848 elementis
755 1789 896 1861 exsurgit:
913 1805 951 1848 ex
960 1789 1056 1849 debito
1071 1791 1191 1850 colloca-

150 1875 225 1933 tione
239 1891 397 1948 oorporum,
415 1891 452 1934 en
471 1889 570 1935 eorum
585 1874 710 1933 motibus
733 1874 814 1932 iuxta
835 1875 910 1946 leges
925 1893 943 1934 a
960 1876 1017 1935 lieo
1032 1877 1188 1951 impositas,

151 1974 188 2017 ex
208 1975 347 2018 consensu
362 1959 466 2018 virium
484 1960 660 2017 diversarum
675 1975 738 2017 sese
754 1974 805 2032 pro
822 1960 1030 2032 opportunitate
1047 1962 1190 2036 explican-

152 2043 232 2102 tium.
249 2043 393 2102 Consimili
408 2054 489 2117 paeto
504 2043 663 2104 eillorescet
679 2044 747 2101 ordo
763 2045 889 2116 moralis,
905 2045 931 2103 si
946 2051 1093 2105 creaturae
1106 2047 1191 2106 ratio

150 2129 229 2185 nales
242 2127 313 2184 liaeo
329 2128 381 2185 tria
395 2129 506 2185 actibus
525 2127 584 2185 suis
604 2127 702 2185 liberis
723 2127 929 2200 procurabunt:
952 2130 1091 2189 nimirum
1108 2146 1191 2190 oeen-

151 2211 295 2284 pationem
314 2210 402 2269 debiti
426 2211 506 2282 sitne,
533 2211 645 2269 fidelem
666 2211 878 2271 observantiam
901 2212 997 2287 legum
1018 2215 1188 2290 divinarum,

151 2295 340 2354 evolutionem
354 2296 551 2354 harmonicam
565 2295 670 2354 virium
693 2295 746 2354 sub
760 2298 901 2370 regimine
920 2300 1047 2359 rationis.
1065 2301 1192 2360 Primum

152 2379 350 2454 praestabunt,
368 2379 561 2454 amplectendo
583 2379 668 2438 illum·
683 2381 759 2439 vitae
773 2387 888 2454 statum,
904 2384 940 2441 ad
960 2400 1077 2457 queme
1095 2386 1192 2446 dimna

152 2464 327 2537 providentia
338 2470 487 2537 vocantur,
499 2464 666 2534 secundum,
679 2464 900 2543 obtemperando
914 2468 1073 2540 praeceptis
1086 2469 1191 2528 divinis

65 2561 69 2570 ·
152 2548 212 2606 sive
230 2548 410 2621 generalibus
425 2549 485 2610 sive
499 2548 709 2622 peculiaribus,
727 2549 850 2621 tertium,
867 2555 956 2608 semet
970 2550 1096 2622 aliosque
1108 2553 1193 2624 perli-

152 2633 252 2691 ciendo
271 2633 351 2692 iuxta
371 2633 477 2708 proprii
497 2639 587 2692 status
604 2634 795 2692 conditionem
815 2640 843 2692 et
860 2633 1097 2693 cncumseandas.
1117 2636 1192 2695 liaeo

153 2717 178 2775 si
192 2717 269 2790 fient,
282 2718 406 2777 mundns
421 2719 467 2777 ille
480 2719 595 2777 moralis
604 2717 810 2788 etiormabitur,
827 2717 908 2774 cuins
922 2717 1102 2791 pulchritudo
1113 2724 1192 2780 tanto

153 2809 196 2860 est
209 2817 306 2860 rerum
323 2803 514 2870 materialium
533 2807 634 2861 ornatu
650 2801 857 2876 praestabilior,
878 2808 982 2873 quanto
1002 2801 1118 2875 spiritus
1132 2819 1192 2863 cor-

153 2885 216 2958 pori
231 2890 364 2958 praestat,
381 2901 414 2943 ao
429 2885 522 2944 brutis
535 2883 644 2942 viribus
654 2887 701 2944 lex
717 2883 918 2956 intelligentiae
934 2890 962 2944 et
972 2890 1087 2951 actuosa
1100 2888 1192 2948 virtus

154 2967 306 3026 uoluntatis
321 2968 471 3026 antecellit.
493 2968 533 3025 ld
549 2968 626 3025 huno
650 2969 736 3040 igituir
759 2966 869 3025 aclibus
890 2967 949 3028 suis
969 2970 1065 3030 liberis
1090 2973 1191 3032 eonsti-

155 3050 300 3125 tuendum,
313 3067 346 3110 ac
358 3065 407 3124 pro
416 3051 492 3109 virili
504 3051 665 3122 augendum
680 3051 828 3110 bomoniti
837 3051 921 3116 debet
928 3054 1052 3128 essidm,
1063 3056 1087 3114 si
1102 3057 1190 3116 linem

152 3135 239 3194 huius
255 3135 328 3194 vitae
342 3135 460 3210 implere
476 3133 543 3194 velit
557 3139 586 3192 et
599 3135 730 3210 propriae
743 3136 924 3196 destinationi
939 3139 1142 3214 obtemperare.
1159 3143 1191 3200 ld

154 3236 221 3280 uero
244 3221 267 3279 si
284 3221 465 3295 praestiterit,
489 3221 548 3278 iam
572 3226 638 3278 tunc
657 3221 821 3280 felicitatem
838 3221 977 3299 nltimam,
1002 3234 1141 3297 qnantum
1159 3228 1191 3285 in

153 3304 296 3379 praesenti
309 3305 367 3364 vita
381 3305 455 3378 lieet,
468 3311 650 3378 praegustare
664 3305 796 3380 incipiet;
814 3312 874 3364 tum
883 3309 952 3382 quia
961 3309 1115 3383 praecipue
1124 3326 1191 3384 pars

154 3389 262 3449 ordinis
276 3389 391 3449 moralis
405 3389 436 3449 in
451 3389 611 3463 cognitione
625 3395 654 3449 et
667 3389 816 3449 dilectione
830 3391 881 3450 Dei
894 3393 948 3451 sita
963 3400 1018 3467 est;
1036 3399 1097 3452 tnm
1112 3395 1190 3470 quia,

154 3474 203 3548 qui
217 3474 346 3534 ordinem
365 3472 503 3533 moralem
527 3479 629 3547 servat,
651 3489 701 3549 spe
717 3475 801 3534 firma
821 3475 925 3548 gaudet
942 3477 1115 3550 adipiscendi
1131 3485 1194 3544 tan<

155 3559 221 3618 dem
234 3559 386 3633 aliquando
405 3559 559 3634 perlectam
579 3559 752 3619 felicitatem.
768 3561 802 3618 lt
817 3576 893 3634 vero,
914 3561 963 3635 qrri
983 3561 1053 3620 boni
1071 3562 1192 3622 alicuius

155 3643 344 3718 consequendi
363 3637 413 3718 spe
428 3649 504 3701 certa
518 3641 631 3717 truitnr,
647 3643 719 3703 illud
734 3645 792 3704 iam
811 3644 953 3718 possidere
972 3646 1068 3720 siqua
1081 3648 1191 3707 ratione

155 3727 211 3786 dici
225 3735 329 3803 potest,
347 3745 380 3789 ac
394 3728 511 3805 proinde
529 3727 587 3786 iam
600 3729 669 3788 lelix
683 3735 735 3801 est.
756 3730 865 3804 Contra,
889 3732 938 3806 qui
957 3731 992 3790 de
1007 3747 1140 3806 suprema
1151 3736 1191 3794 ie-

155 3811 261 3872 licitate
281 3814 460 3890 assequenda
476 3812 620 3888 desperat3
635 3814 660 3874 is
674 3815 785 3874 etiamsi
799 3816 901 3874 ceteris
915 3815 1015 3895 allinat
1030 3817 1121 3890 bonis,
1137 3818 1191 3876 mi·

155 3911 201 3964 ser
216 3900 333 3964 omnino
348 3908 377 3964 et
395 3897 497 3969 aneia
510 3913 610 3964 revera
624 3900 843 3991 anstasius.
860 3901 928 3979 llut't
941 3902 1021 3990 euim
1033 3919 1093 3971 non
1104 3904 1190 3980 miss
