2767 4492
240 384 296 453 tto
682 404 845 451 manarant

240 492 293 551 lroc
308 490 399 565 capite
415 490 503 549 valori
518 494 679 550 contractus
693 491 845 565 opponitur
858 490 982 549 ebrietas
996 490 1040 549 rel
1056 488 1215 562 dementia,
1233 494 1286 548 aut

239 576 282 636 ris
297 592 370 649 utrae
388 578 421 633 art
439 592 608 635 coriscusum
624 577 850 650 cumroucmlum
866 577 971 635 iniuste
989 576 1137 633 inseratur.

297 661 335 719 lle
352 662 517 719 uncrssirata
534 678 599 719 vcro
613 662 706 719 mutui
721 677 877 719 consensus
892 676 937 719 ros
953 677 1002 735 per
1023 676 1054 719 se
1076 660 1178 731 cirione
1198 659 1288 716 clarc·

241 747 302 817 scit,
324 746 463 818 storritlrm
478 756 510 804 ut
529 755 664 819 exsurgat
680 746 787 817 relatio,
806 747 938 819 utrinoue
957 747 1094 803 terrulnus
1109 752 1222 803 exstare
1237 746 1288 801 rlc·

243 832 310 903 bet;
327 831 357 889 iri
372 840 468 888 atatem
483 832 595 888 termini
612 840 679 888 sunt
692 832 919 889 contrahentium
934 830 1091 887 voluntates
1109 830 1290 887 extrinsecus

242 930 404 989 expressae.
425 915 495 975 Hinc
520 914 625 974 oblatio
638 923 667 973 et
681 919 837 988 acceptatio
853 918 882 973 iu
897 916 1089 974 contrahendo
1110 914 1286 987 requiritur,

243 1007 271 1059 el
285 1000 334 1075 qui
345 1002 402 1059 lom
416 1000 593 1059 tunultuucc.
611 1002 697 1058 Sacas
714 1002 739 1059 si
754 1016 787 1061 eo
803 1009 938 1075 tempore,
957 1016 1012 1075 quo
1028 1016 1086 1058 una
1107 1016 1172 1073 pars
1185 999 1289 1070 offert,

244 1087 334 1145 altera
350 1102 406 1144 nou
427 1085 565 1158 accipiat3
583 1086 700 1144 allectus
716 1087 811 1144 nullus
824 1087 965 1159 gignitum
993 1087 1060 1160 quia
1074 1086 1154 1143 deest
1167 1100 1294 1142 concau-

245 1186 277 1231 σει
292 1171 328 1229 ad
343 1170 475 1229 ellectum
491 1172 704 1245 producentium
727 1171 873 1245 requisita.
898 1172 989 1239 Quare
1000 1164 1011 1242 ,’
1032 1177 1098 1228 ante
1122 1169 1294 1243 acceptatio·

247 1272 332 1328 uem,
353 1258 476 1317 otlcreus
492 1256 564 1316 libcr
579 1266 675 1316 manet
689 1259 783 1331 quom
804 1258 971 1315 nurtaudam
988 1256 1179 1327 voluntatem
1203 1254 1295 1327 siqui-

245 1343 336 1411 dcm,
363 1352 476 1416 pmpter
490 1344 646 1403 certantium
660 1344 776 1400 alterius
797 1342 929 1414 termini,
949 1341 1026 1399 nulla
1049 1339 1231 1413 obligationis
1249 1355 1297 1397 rc·

247 1426 315 1489 lotio
329 1428 461 1487 eilluruit.
489 1429 548 1488 llou
565 1440 658 1488 tamnu
686 1443 803 1485 nocnsse
822 1436 865 1485 cst
885 1434 917 1485 ut
939 1441 1096 1485 cousensus
1122 1440 1235 1498 semper
1257 1424 1297 1481 sit

246 1513 408 1587 explicitur,
420 1514 527 1573 srtlsscit
541 1514 620 1571 euim
635 1514 805 1587 qrrarmlouuc
822 1513 924 1571 tacitus
934 1519 961 1569 et
976 1511 1140 1583 implicitus
1158 1525 1214 1583 qno
1230 1510 1298 1582 quis

250 1598 295 1657 vel
312 1614 366 1657 noo
383 1600 550 1657 contradicit
571 1599 615 1657 vel
638 1599 746 1673 aliqnul
772 1600 830 1671 agit
854 1598 929 1673 ouotl
953 1610 1123 1656 coriscusum
1142 1594 1299 1653 voluntatis

251 1681 381 1743 incluto.

307 1768 449 1841 Tantalum,
474 1769 598 1840 millai,
621 1769 764 1829 obiectum
783 1770 868 1829 debet
891 1785 953 1827 osse
977 1768 1113 1843 possibile
1133 1773 1162 1825 et
1175 1766 1297 1825 licitum.

255 1854 389 1914 matuta·
404 1855 536 1927 orriorm3
565 1856 631 1928 (prtia
646 1858 779 1926 obligatio
801 1856 878 1913 nulla
893 1856 960 1925 lintri
979 1864 1068 1929 potest
1089 1854 1124 1912 ad
1148 1868 1182 1911 ea
1199 1866 1300 1926 procu·

255 1938 345 1997 rantlu
359 1953 433 2010 ortae
449 1941 477 1998 iu
496 1945 630 2011 rurtcstole
650 1949 745 1998 nostra
761 1942 879 1999 miurme
895 1941 984 2013 posita
1004 1948 1088 2011 snut3
1115 1940 1190 1997 uncte
1204 1946 1301 1995 ortum

255 2030 299 2081 cst
322 2022 438 2081 allatum
460 2023 547 2081 illuri:
573 2024 612 2081 art
638 2025 813 2100 impossibile
837 2042 921 2083 acmo
938 2033 1061 2083 tettctrtr.
1088 2024 1207 2081 licitum
1233 2035 1301 2079 vero

255 2122 318 2167 erse
334 2107 435 2179 drlu·t;
456 2110 522 2181 quia
538 2110 615 2167 nullu
630 2112 780 2169 conventio
799 2113 934 2183 derogare
951 2116 1040 2185 potest
1064 2110 1108 2167 vel
1133 2108 1302 2179 extinguere

256 2194 382 2251 cilicium
400 2195 526 2251 uutrunle
542 2208 570 2251 et
585 2198 761 2263 iupeuitnm,
787 2212 843 2271 quo
859 2204 939 2267 turpe
957 2194 1085 2269 prosequi
1105 2194 1301 2267 prohibemur.

258 2277 296 2336 ilc
312 2276 398 2346 igitur
419 2278 585 2350 impassibili
602 2288 630 2339 ct
646 2283 719 2356 turpi
744 2282 869 2351 acclina,
895 2281 1038 2339 obiectum
1058 2286 1219 2337 contractus
1240 2292 1304 2334 esse

259 2368 349 2435 prtest
366 2378 411 2421 ros
426 2366 569 2439 rpraclrlrrt
584 2366 612 2424 iu
629 2366 756 2425 dominio
783 2374 878 2425 nostru
906 2366 995 2439 posita
1018 2372 1046 2422 et
1067 2364 1147 2423 alteri
1173 2378 1231 2420 nou
1254 2363 1304 2420 ol]-

258 2448 362 2521 ligata‚
391 2450 433 2507 rcl
449 2451 521 2507 uclin
537 2453 654 2523 attractis
679 2453 822 2510 exerenda
842 2452 885 2509 vol
909 2450 1083 2522 omittenda,
1111 2464 1184 2523 puae
1207 2452 1305 2506 tamen

260 2548 315 2589 trou
331 2535 448 2592 nruuiuo
472 2537 583 2593 iulcruo
598 2536 652 2609 sit,
673 2537 724 2594 scol
743 2536 892 2595 effectibus
917 2536 1017 2593 saltem
1040 2534 1166 2591 euterius
1192 2532 1305 2605 prodire

261 2619 357 2692 possit.
983 2676 985 2679 .

317 2704 377 2761 lli).
399 2705 451 2763 Sntl
471 2713 502 2764 ul
526 2706 685 2765 distinctius
702 2707 736 2765 cle
751 2706 855 2779 ouibus
870 2706 974 2780 pacisci
997 2710 1045 2762 aul
1060 2704 1226 2764 coutmlmre
1242 2716 1306 2775 pos-

262 2789 352 2847 simus
367 2790 558 2862 intelligatur,
585 2798 782 2850 ‹rnrrtractuum
808 2794 974 2865 partitiones
989 2798 1055 2849 suut
1070 2788 1241 2847 innuendas.
1263 2786 1309 2844 lli-

264 2874 321 2931 vitli
338 2875 424 2935 icitur
438 2886 599 2935 cnrumctus
622 2877 732 2936 solent:
761 2877 853 2935 Primo
878 2878 908 2935 in
923 2876 1059 2951 ocouulcs
1077 2882 1106 2933 ot
1123 2872 1306 2947 irtocptrolcs.

265 2958 427 3017 corruamus
442 2962 596 3034 coornatas,
617 2964 667 3037 qui
681 2964 768 3023 eliam
783 2963 916 3035 onerosi,
938 2960 1119 3033 bilolcroles,
1140 2964 1189 3015 aut
1206 2956 1309 3030 spiral-

266 3042 417 3115 lopmotici
435 3049 621 3119 appellantur,
643 3048 683 3106 illi
700 3055 780 3121 suut,
799 3048 846 3120 qui
863 3047 1063 3115 obligationem
1078 3044 1203 3117 aliquam
1218 3042 1311 3098 ulriu-

265 3143 320 3201 ouo
336 3133 520 3201 constituunt,
537 3140 564 3190 cl
580 3133 692 3207 utrique
709 3133 781 3208 porti
792 3131 968 3191 contrahenti
984 3130 1090 3204 uliquitl
1108 3126 1311 3202 praestantium

266 3214 435 3288 iurponuul3
465 3226 620 3293 utcumque
636 3234 709 3278 onus
725 3220 828 3277 diversi
851 3218 964 3289 pauoris
980 3232 1042 3274 esse
1059 3214 1156 3289 possit.
1185 3212 1287 3271 Contra
1303 3256 1310 3283 ,

264 3298 454 3374 loremarius,
476 3304 525 3375 qui
545 3307 629 3363 etiarm
656 3304 784 3379 prolatu
802 3310 829 3361 cl
854 3300 1044 3361 collaterales
1068 3305 1223 3369 uocantur,
1243 3302 1312 3355 tunc

265 3382 423 3458 incruentum
454 3404 519 3447 cnm
545 3405 601 3447 una
624 3407 688 3463 pars
707 3392 856 3448 dumtaxat
883 3387 1084 3460 obligationem
1108 3384 1234 3457 aliorum
1256 3380 1312 3439 sibi

269 3470 399 3541 enarrant,
417 3472 505 3529 altra-a
522 3490 587 3533 voro
603 3474 631 3533 irl
647 3476 721 3549 ouorl
737 3474 854 3535 offertur
868 3474 1013 3547 occeptat,
1031 3469 1080 3531 soll
1094 3467 1168 3529 ntlnl
1187 3482 1218 3527 sc
1232 3480 1302 3542 prae

266 3553 395 3613 aliturum
413 3555 573 3629 paciscitur.

302 3648 426 3705 l‘riunun
438 3664 528 3710 arnus
540 3646 666 3703 cnutiurt
677 3646 899 3719 permutationes
909 3658 1016 3714 omncs,
1029 3654 1227 3715 otraccumquc
1243 3638 1313 3709 siut,

269 3732 328 3789 sice
345 3746 441 3789 rernm
456 3732 515 3788 sir-n
534 3747 661 3805 uprtunr.
689 3732 725 3789 llo
741 3732 826 3803 ipitur
842 3728 1026 3788 iuclutluutur
1046 3726 1075 3784 iu
1090 3725 1191 3799 primis
1206 3732 1317 3781 conua-

270 3824 343 3890 ctus,
362 3820 410 3891 qui
430 3819 608 3875 iuncrninoti
623 3818 810 3891 appellantur,
830 3817 935 3890 onimte
949 3815 978 3872 iu
994 3814 1055 3872 iure
1068 3826 1187 3870 romono
1201 3810 1249 3867 lris
1265 3810 1319 3867 lor·

270 3904 356 3958 mu¹is
370 3902 548 3971 impla-antur
562 3922 567 3958 :
583 3902 618 3959 clo
637 3911 669 3960 nt
685 3901 748 3975 clos,
763 3904 798 3957 rlo
809 3908 843 3958 nt
857 3900 966 3975 sarcias,
979 3898 1055 3971 socio
1066 3902 1100 3955 nr
1111 3896 1176 3965 oles,
1190 3894 1270 3967 socio
1285 3900 1320 3950 ut

270 3985 375 4056 socios.
396 3984 580 4066 luclutluulur
594 3988 696 4045 alcinno
708 4000 808 4045 ourucs
823 3986 871 4043 alii
883 3990 1043 4044 contractus
1053 4028 1059 4057 ‚
1071 3981 1120 4055 qrri
1131 3978 1319 4053 prormntntio·
