2767 4492
409 303 483 354 aune
496 303 847 356 mmm-sermonem
1097 293 1151 358 tta

101 394 248 470 «depingi
261 393 387 469 profecto
410 406 469 450 nou
488 381 635 451 no'verant.
651 391 741 451 immo
756 408 824 453 roro
837 393 954 468 longius
975 395 1064 454 etiam
1082 396 1151 457 aba·

105 485 199 542 erant
212 485 245 539 ut
257 478 398 552 imagines
422 475 597 549 huiusmodi,
616 491 688 550 quas
708 477 889 552 ignorabant,
905 479 1027 540 obiectis
1039 483 1151 541 contor-

105 581 199 626 «mes
219 579 281 624 esse
299 563 521 636 suspicarentur.
547 562 639 630 Quare
653 560 789 634 conditio,
807 577 880 635 qnae
903 563 999 624 animo
1023 564 1151 628 hammo

105 674 118 704 a
135 649 317 725 praecipitur,
328 651 360 707 nt
370 646 526 721 imaginem
535 645 567 705 in
577 647 672 706 retina
686 645 831 720 depictam
845 648 1007 720 cognitione
1015 665 1151 726 assequa-

106 754 119 789 ι
137 739 182 793 tur
195 733 316 807 eiusque
339 747 407 790 cum
424 729 536 793 obicem
557 729 790 790 conformitatem
810 735 986 804 compertam
999 733 1153 808 habeam

105 840 119 872 ι
134 833 270 893 plooessu
283 816 400 876 omnino
415 813 520 889 differt,
539 829 625 890 parem
634 813 683 874 ille
694 813 751 874 sibi
765 813 881 874 relictus
895 817 1153 893 systematibussue

105 902 285 964 «summotis
308 901 461 975 exequitur
474 901 505 960 ri
520 905 641 960 namrae
665 900 703 958 ad
725 899 832 960 formas
853 914 1004 974 corporum
1027 901 1152 962 interno

106 1011 118 1040 ι
134 989 266 1048 scandas.
285 986 391 1046 Deinde
407 985 478 1044 illud
493 986 722 1059 animadvertite,
738 985 815 1058 quod
829 985 854 1043 si
866 985 971 1060 imago
992 985 1085 1045 tidelis
1098 988 1153 1047 tor-

104 1094 117 1124 «
135 1087 201 1131 anae
215 1070 320 1130 obiecti
335 1070 448 1144 depicta
457 1071 489 1130 in
503 1073 596 1132 retina
605 1072 825 1146 phaenomenon
841 1071 1031 1144 perceptionis
1044 1073 1155 1132 formae

105 1178 118 1210 ι
136 1156 223 1216 tinius
241 1155 407 1230 explicaret,
424 1157 523 1231 proout
538 1157 625 1216 dubio
640 1160 783 1230 oporteret
797 1158 830 1213 nt
853 1155 992 1214 eiusmodi
1005 1156 1101 1230 imago
1116 1172 1156 1216 ex

106 1263 119 1293 ι
137 1240 231 1299 retina
253 1241 289 1298 ad
312 1256 433 1300 nervum
448 1242 585 1314 opticum,
603 1246 632 1298 et
646 1256 683 1298 ex
699 1237 786 1299 nervo
801 1239 894 1312 optico
919 1241 1103 1300 transieratau
1116 1241 1155 1300 ad

105 1346 119 1377 ι
136 1325 297 1396 cerebrum,
314 1325 399 1398 quod,
413 1330 443 1381 ut
457 1323 561 1382 Lockio
576 1323 677 1396 placet,
694 1323 762 1381 auia
776 1327 819 1382 est
833 1323 886 1382 ubi
905 1324 1019 1384 animare
1039 1325 1156 1386 audien-

106 1430 120 1462 ι
137 1409 209 1468 tiam
232 1408 341 1480 tribuit,
360 1413 445 1480 atque
467 1423 504 1466 ex
518 1408 572 1466 hoc
595 1407 757 1468 audientiae
776 1407 837 1467 loco
855 1399 888 1466 in
908 1408 1004 1481 ipsum
1025 1411 1156 1470 animum

107 1491 344 1552 «introducatur.
360 1491 466 1550 Verum
488 1491 538 1550 iila
552 1491 642 1565 gradu
661 1492 762 1564 quovis
783 1491 846 1550 sisti
869 1491 975 1565 optime
993 1498 1095 1567 potest.
1112 1495 1157 1554 Eu

108 1577 232 1637 «mana
253 1591 325 1650 opus
349 1579 392 1636 est
412 1581 444 1634 nt
463 1576 558 1648 imago
582 1592 632 1648 per
656 1591 778 1635 nervum
800 1575 927 1650 optioum
950 1577 987 1636 ad
1005 1578 1158 1639 cerebrum

108 1684 121 1718 ι
139 1661 358 1720 transmittatm.
380 1659 414 1718 nt
431 1675 494 1734 age,
511 1661 560 1732 sis,
577 1660 641 1734 quis
655 1660 769 1733 ignorat
788 1675 914 1720 nervum
928 1661 1056 1734 opticum
1068 1663 1099 1721 in
1113 1679 1159 1722 re·

107 1746 221 1820 agione
245 1745 365 1804 obscura
388 1744 503 1817 morari,
521 1760 594 1818 quae
615 1745 761 1818 penetrari
785 1761 804 1803 a
827 1744 892 1804 luce
912 1747 1031 1820 nequit?
1046 1748 1157 1806 Nervus

106 1831 247 1905 «opticus
272 1829 411 1888 obscurus
435 1835 492 1901 est;
514 1829 593 1888 nulia
612 1829 700 1902 igitur
722 1830 818 1903 imago
846 1830 928 1904 pingi
950 1829 993 1889 ibi
1007 1836 1113 1904 potest,
1130 1835 1160 1891 ot

106 1931 203 1976 «eece
222 1929 275 1974 nos
288 1914 325 1973 ab
350 1913 476 1988 imagine
500 1915 559 1974 iam
582 1916 719 1974 desertos.
742 1915 891 1974 Praeterea
911 1915 1070 1988 cerebrum,
1092 1916 1160 1976 aula

109 2022 120 2054 ι
138 2000 278 2060 mnrium
293 1999 329 2058 ad
339 1999 515 2058 audientiam
531 2000 713 2058 minuendam
726 2000 893 2072 constituta,
910 1999 942 2057 in
956 1999 1073 2082 regione
1083 2002 1159 2074 pari·

111 2090 181 2144 «ter
195 2085 321 2144 obscura
342 2089 485 2158 uersatum
502 2085 625 2158 animus,
643 2085 703 2160 qui,
724 2086 807 2146 iuxta
832 2085 930 2144 Lockii
949 2085 1097 2158 theoriam,
1114 2103 1157 2146 re-

111 2192 123 2222 «
140 2169 250 2243 spicere
261 2169 297 2226 ad
311 2169 434 2226 retinam
447 2169 555 2240 debuit,
576 2175 607 2226 ut
621 2169 662 2226 ibi
677 2169 783 2228 obiecti
801 2169 960 2242 imaginem
974 2175 1158 2230 contueretur

111 2276 124 2306 a
141 2266 263 2324 eamque
278 2251 390 2309 obiecto
404 2265 466 2309 esse
481 2252 659 2310 consimilem
672 2258 797 2326 caperet,
809 2253 1035 2315 animadvertere
1050 2255 1082 2314 id·
1095 2271 1156 2316 non

112 2357 125 2388 a
141 2335 235 2410 potuit
247 2349 302 2393 nec
315 2334 347 2392 iu
359 2349 448 2394 nervo
462 2335 555 2408 optioo
569 2351 661 2409 neque
676 2337 708 2395 in
722 2338 840 2398 cerebro
855 2339 867 2388 t
886 2361 912 2400 ι.

146 2420 225 2488 Quod
241 2419 382 2478 sinomen
396 2419 490 2494 imago
505 2419 644 2493 accipitur
653 2423 856 2496 metaphorice,
873 2427 1015 2498 quamam
1024 2425 1088 2498 ipsa
1100 2425 1156 2484 im-

109 2505 221 2580 pressio
235 2503 392 2564 materialis
406 2511 456 2565 ant
470 2505 595 2566 sensatio
610 2507 773 2568 nominetur
787 2509 897 2582 inrag03
914 2524 973 2568 non
986 2508 1092 2568 minori
1106 2507 1159 2566 tal·

109 2591 194 2650 sitate
208 2589 362 2665 propositio
374 2595 512 2664 turpatur.
524 2591 595 2652 Nam
609 2592 662 2652 etsi
677 2593 974 2668 sensatio,'quatonus
988 2592 1084 2668 aliqaro
1098 2607 1160 2652 mo·

110 2675 148 2734 do
162 2680 358 2749 repraesentat
372 2675 532 2751 obiectum,
549 2677 612 2737 eius
627 2678 721 2751 imago
736 2679 930 2752 metaphorice
943 2677 1080 2754 appellari
1094 2695 1160 2753 pos-

111 2759 159 2833 sit3
178 2766 271 2820 tamen
286 2776 344 2820 non
359 2761 422 2835 ipsa
432 2767 475 2822 ost
484 2779 558 2836 qnae
570 2779 588 2822 a
599 2765 739 2822 sentiente
753 2763 919 2828 immediate
932 2768 961 2822 et
975 2763 1082 2822 duectc
1097 2779 1161 2835 per-

111 2844 224 2918 cipitur.
241 2847 331 2904 Ιιιιιιιο
346 2845 400 2904 hoc
416 2847 478 2904 sine
494 2845 718 2904 contradictione
732 2845 843 2902 adstrui
863 2859 922 2902 non
935 2850 1040 2916 posset.
1057 2846 1158 2902 Seusa-

112 2929 152 2988 tio
168 2930 246 2989 enim
259 2931 322 2988 dari
335 2931 445 3002 negant,
461 2931 523 2987 sine
538 2946 570 2986 re
586 2929 681 2999 aliqua
697 2942 771 3000 quae
785 2928 936 2987 sentiatur.
953 2929 982 2986 Si
1000 2929 1091 3001 igitar
1101 2929 1160 3002 pri-

110 3029 202 3084 mum,
220 3013 296 3086 quod
310 3013 439 3082 sentitur,
456 3016 532 3068 esset
546 3012 609 3080 ipsa
624 3010 757 3082 sensatio,
774 3011 897 3069 circulus
911 3011 1029 3072 vitiosus
1042 3014 1159 3074 indncc·

109 3102 201 3168 retur,
218 3101 246 3153 et
260 3094 382 3152 sensatio
397 3108 455 3167 qua
469 3093 511 3152 nii
526 3092 655 3166 sonatur,
674 3109 726 3152 seu
739 3094 863 3154 sensatis
876 3112 938 3157 aaa
950 3099 1077 3159 semotio
1091 3114 1159 3172 sup·

110 3179 246 3256 ponenda
260 3179 342 3238 ioret.

148 3267 205 3326 Nec
220 3264 377 3340 quidquam
391 3262 494 3342 metius
508 3265 657 3338 profioeret
672 3264 711 3338 is,
729 3266 778 3340 qui
793 3264 899 3325 dicmet
913 3267 1043 3341 animum
1056 3267 1160 3326 immo·

112 3352 190 3410 diste
205 3356 234 3410 et
247 3349 354 3408 directe
368 3348 515 3422 percipere
527 3349 729 3423 impressiones
744 3350 780 3410 ab
795 3350 914 3410 obiectis
928 3351 960 3410 in
969 3351 1096 3410 sensorio
1109 3366 1160 3425 pe·

113 3441 207 3496 rectae
218 3441 247 3494 et
261 3435 297 3494 ad
312 3431 462 3493 cerebrum
477 3434 598 3507 delatas3
614 3450 650 3494 ex
666 3435 711 3496 his
721 3452 790 3498 vero
803 3437 988 3497 determinari
1002 3437 1038 3495 ad
1047 3435 1160 3496 obiecto

115 3525 236 3580 exmrna
248 3519 304 3586 sibi
316 3520 565 3593 repraesentanda.
578 3519 607 3578 ld
618 3521 696 3580 eninr
705 3527 894 3598 congruenter
903 3522 960 3581 dici
970 3521 1079 3595 muttit.
1089 3522 1160 3581 doru

114 3605 169 3664 etsi
183 3603 332 3679 impressio
346 3603 377 3663 in
391 3605 507 3678 organis
526 3611 640 3682 peracta
664 3610 787 3668 conditio
808 3609 859 3682 sit,
875 3613 1009 3680 utsupra
1026 3606 1102 3681 disi,
1119 3607 1157 3666 ad

116 3689 279 3750 sensionem
293 3689 466 3763 necessaria,
483 3689 536 3750 etsi
550 3691 638 3751 etiem
652 3692 709 3754 dici
722 3695 813 3770 possit
822 3707 908 3759 sensa
921 3692 1033 3755 inemo
1043 3691 1154 3767 attium,

160 3860 173 3912 ι
191 3860 253 3914 rea
270 3864 300 3916 a
315 3863 340 3916 a
353 3863 438 3926 pauo
455 3865 509 3916 aaa.
526 3863 551 3928 a,
567 3863 609 3930 aa.
626 3822 675 3924 aas
