<?xml version="1.0" encoding="UTF-8"?>
<!DOCTYPE html PUBLIC "-//W3C//DTD XHTML 1.0 Transitional//EN"
    "http://www.w3.org/TR/xhtml1/DTD/xhtml1-transitional.dtd">
<html xmlns="http://www.w3.org/1999/xhtml" xml:lang="en" lang="en">
 <head>
  <title>
</title>
<meta http-equiv="Content-Type" content="text/html;charset=utf-8" />
  <meta name='ocr-system' content='tesseract 3.04.00' />
  <meta name='ocr-capabilities' content='ocr_page ocr_carea ocr_par ocr_line ocrx_word'/>
</head>
<body>
  <div class='ocr_page' id='page_1' title='image "./institutionesph00libegoog_0591.png"; bbox 0 0 2767 4492; ppageno 0'>
   <div class='ocr_carea' id='block_1_1' title="bbox 588 311 1174 376">
    <p class='ocr_par' dir='ltr' id='par_1_1' title="bbox 588 311 1174 376">
     <span class='ocr_line' id='line_1_1' title="bbox 588 311 1174 376; baseline 0.007 -4"><span class='ocrx_word' id='word_1_1' title='bbox 588 323 718 374; x_wconf 80' lang='lat' dir='ltr'><strong>ramora</strong></span> <span class='ocrx_word' id='word_1_2' title='bbox 1140 311 1174 376; x_wconf 77' lang='lat' dir='ltr'><strong>lt</strong></span> 
     </span>
    </p>
   </div>
   <div class='ocr_carea' id='block_1_2' title="bbox 92 408 1206 3938">
    <p class='ocr_par' dir='ltr' id='par_1_2' title="bbox 129 408 1174 896">
     <span class='ocr_line' id='line_1_2' title="bbox 131 408 1174 487; baseline 0 -15"><span class='ocrx_word' id='word_1_3' title='bbox 131 410 255 474; x_wconf 77' lang='lat' dir='ltr'><strong>cientur.</strong></span> <span class='ocrx_word' id='word_1_4' title='bbox 271 408 358 472; x_wconf 81' lang='lat' dir='ltr'><strong>Bruta</strong></span> <span class='ocrx_word' id='word_1_5' title='bbox 373 425 438 472; x_wconf 88' lang='lat' dir='ltr'><strong>rern</strong></span> <span class='ocrx_word' id='word_1_6' title='bbox 451 409 617 484; x_wconf 79' lang='lat' dir='ltr'><strong>animantia,</strong></span> <span class='ocrx_word' id='word_1_7' title='bbox 630 418 726 484; x_wconf 85' lang='lat' dir='ltr'><strong>utpote</strong></span> <span class='ocrx_word' id='word_1_8' title='bbox 740 427 814 487; x_wconf 87' lang='lat' dir='ltr'><strong>quae</strong></span> <span class='ocrx_word' id='word_1_9' title='bbox 827 409 968 475; x_wconf 75' lang='lat' dir='ltr'><strong>entend</strong></span> <span class='ocrx_word' id='word_1_10' title='bbox 983 413 1116 476; x_wconf 72' lang='lat' dir='ltr'><strong>facultate</strong></span> <span class='ocrx_word' id='word_1_11' title='bbox 1130 429 1174 473; x_wconf 89' lang='lat' dir='ltr'><strong>or·</strong></span> 
     </span>
     <span class='ocr_line' id='line_1_3' title="bbox 129 495 1174 572; baseline 0.002 -16"><span class='ocrx_word' id='word_1_12' title='bbox 129 505 245 571; x_wconf 80' lang='lat' dir='ltr'><strong>nanmr,</strong></span> <span class='ocrx_word' id='word_1_13' title='bbox 256 497 285 556; x_wconf 84' lang='lat' dir='ltr'><strong>vi</strong></span> <span class='ocrx_word' id='word_1_14' title='bbox 295 498 378 560; x_wconf 81' lang='lat' dir='ltr'><strong>carius</strong></span> <span class='ocrx_word' id='word_1_15' title='bbox 388 496 541 572; x_wconf 73' lang='lat' dir='ltr'><strong>peculiaria</strong></span> <span class='ocrx_word' id='word_1_16' title='bbox 552 495 625 554; x_wconf 77' lang='lat' dir='ltr'><strong>loom</strong></span> <span class='ocrx_word' id='word_1_17' title='bbox 639 496 672 552; x_wconf 87' lang='lat' dir='ltr'><strong>ad</strong></span> <span class='ocrx_word' id='word_1_18' title='bbox 685 496 813 554; x_wconf 79' lang='lat' dir='ltr'>ordinem</span> <span class='ocrx_word' id='word_1_19' title='bbox 824 513 990 571; x_wconf 88' lang='lat' dir='ltr'><strong>corporeum</strong></span> <span class='ocrx_word' id='word_1_20' title='bbox 1002 498 1174 572; x_wconf 72' lang='lat' dir='ltr'><strong>pertinentia</strong></span> 
     </span>
     <span class='ocr_line' id='line_1_4' title="bbox 129 579 1170 655; baseline 0.003 -16"><span class='ocrx_word' id='word_1_21' title='bbox 129 582 308 654; x_wconf 65' lang='lat' dir='ltr'><strong>distinguunt</strong></span> <span class='ocrx_word' id='word_1_22' title='bbox 326 597 360 640; x_wconf 86' lang='lat' dir='ltr'><strong>ac</strong></span> <span class='ocrx_word' id='word_1_23' title='bbox 374 584 410 640; x_wconf 89' lang='lat' dir='ltr'><strong>de</strong></span> <span class='ocrx_word' id='word_1_24' title='bbox 424 595 522 639; x_wconf 87' lang='lat' dir='ltr'><strong>eorrrm</strong></span> <span class='ocrx_word' id='word_1_25' title='bbox 539 585 690 647; x_wconf 76' lang='lat' dir='ltr'><strong>morientur</strong></span> <span class='ocrx_word' id='word_1_26' title='bbox 705 579 866 653; x_wconf 78' lang='lat' dir='ltr'><strong>existentia3</strong></span> <span class='ocrx_word' id='word_1_27' title='bbox 883 581 1066 642; x_wconf 84' lang='lat' dir='ltr'><strong>inclinatione</strong></span> <span class='ocrx_word' id='word_1_28' title='bbox 1081 583 1170 655; x_wconf 85' lang='lat' dir='ltr'><strong>uitali,</strong></span> 
     </span>
     <span class='ocr_line' id='line_1_5' title="bbox 130 665 1173 740; baseline 0.003 -19"><span class='ocrx_word' id='word_1_29' title='bbox 130 681 203 740; x_wconf 87' lang='lat' dir='ltr'><strong>qnae</strong></span> <span class='ocrx_word' id='word_1_30' title='bbox 217 682 253 724; x_wconf 84' lang='lat' dir='ltr'><strong>ex</strong></span> <span class='ocrx_word' id='word_1_31' title='bbox 268 666 370 725; x_wconf 88' lang='lat' dir='ltr'><strong>obiecti</strong></span> <span class='ocrx_word' id='word_1_32' title='bbox 386 665 496 724; x_wconf 78' lang='lat' dir='ltr'><strong>exmrrri</strong></span> <span class='ocrx_word' id='word_1_33' title='bbox 513 665 644 723; x_wconf 75' lang='lat' dir='ltr'><strong>censione</strong></span> <span class='ocrx_word' id='word_1_34' title='bbox 656 665 806 735; x_wconf 83' lang='lat' dir='ltr'><strong>excitatur,</strong></span> <span class='ocrx_word' id='word_1_35' title='bbox 818 670 978 739; x_wconf 87' lang='lat' dir='ltr'><strong>morantur,</strong></span> <span class='ocrx_word' id='word_1_36' title='bbox 995 667 1060 726; x_wconf 83' lang='lat' dir='ltr'><strong>lieet</strong></span> <span class='ocrx_word' id='word_1_37' title='bbox 1073 668 1173 728; x_wconf 84' lang='lat' dir='ltr'><strong>lustin·</strong></span> 
     </span>
     <span class='ocr_line' id='line_1_6' title="bbox 129 749 1173 828; baseline 0.001 -19"><span class='ocrx_word' id='word_1_38' title='bbox 129 757 176 809; x_wconf 85' lang='lat' dir='ltr'><strong>cur</strong></span> <span class='ocrx_word' id='word_1_39' title='bbox 192 753 314 826; x_wconf 89' lang='lat' dir='ltr'><strong>quodam</strong></span> <span class='ocrx_word' id='word_1_40' title='bbox 331 749 519 809; x_wconf 87' lang='lat' dir='ltr'><strong>determinato</strong></span> <span class='ocrx_word' id='word_1_41' title='bbox 534 756 563 808; x_wconf 90' lang='lat' dir='ltr'><strong>et</strong></span> <span class='ocrx_word' id='word_1_42' title='bbox 580 749 750 828; x_wconf 86' lang='lat' dir='ltr'><strong>necessario,</strong></span> <span class='ocrx_word' id='word_1_43' title='bbox 768 755 915 823; x_wconf 89' lang='lat' dir='ltr'><strong>propterea</strong></span> <span class='ocrx_word' id='word_1_44' title='bbox 929 750 1004 822; x_wconf 89' lang='lat' dir='ltr'><strong>qnod</strong></span> <span class='ocrx_word' id='word_1_45' title='bbox 1018 750 1173 824; x_wconf 75' lang='lat' dir='ltr'><strong>intelligar·</strong></span> 
     </span>
     <span class='ocr_line' id='line_1_7' title="bbox 131 835 336 896; baseline 0.005 -1"><span class='ocrx_word' id='word_1_46' title='bbox 131 835 168 895; x_wconf 88' lang='lat' dir='ltr'><strong>tia</strong></span> <span class='ocrx_word' id='word_1_47' title='bbox 188 838 336 896; x_wconf 80' lang='lat' dir='ltr'><strong>ornantur.</strong></span> 
     </span>
    </p>

    <p class='ocr_par' dir='ltr' id='par_1_3' title="bbox 126 917 1175 2506">
     <span class='ocr_line' id='line_1_8' title="bbox 164 917 1174 995; baseline -0.001 -15"><span class='ocrx_word' id='word_1_48' title='bbox 164 921 197 980; x_wconf 84' lang='lat' dir='ltr'><strong>dt</strong></span> <span class='ocrx_word' id='word_1_49' title='bbox 213 923 306 993; x_wconf 86' lang='lat' dir='ltr'><strong>tremo,</strong></span> <span class='ocrx_word' id='word_1_50' title='bbox 328 927 439 995; x_wconf 79' lang='lat' dir='ltr'><strong>praetm</strong></span> <span class='ocrx_word' id='word_1_51' title='bbox 452 933 578 992; x_wconf 85' lang='lat' dir='ltr'><strong>sensum,</strong></span> <span class='ocrx_word' id='word_1_52' title='bbox 596 917 714 979; x_wconf 89' lang='lat' dir='ltr'><strong>rationis</strong></span> <span class='ocrx_word' id='word_1_53' title='bbox 730 924 774 978; x_wconf 89' lang='lat' dir='ltr'><strong>est</strong></span> <span class='ocrx_word' id='word_1_54' title='bbox 788 917 947 993; x_wconf 83' lang='lat' dir='ltr'><strong>particeps,</strong></span> <span class='ocrx_word' id='word_1_55' title='bbox 963 933 1015 994; x_wconf 86' lang='lat' dir='ltr'><strong>per</strong></span> <span class='ocrx_word' id='word_1_56' title='bbox 1028 931 1114 991; x_wconf 89' lang='lat' dir='ltr'><strong>quam</strong></span> <span class='ocrx_word' id='word_1_57' title='bbox 1127 933 1174 979; x_wconf 79' lang='lat' dir='ltr'><strong>aa·</strong></span> 
     </span>
     <span class='ocr_line' id='line_1_9' title="bbox 128 1002 1175 1077; baseline -0.004 -12"><span class='ocrx_word' id='word_1_58' title='bbox 128 1007 225 1065; x_wconf 74' lang='lat' dir='ltr'><strong>ritatem</strong></span> <span class='ocrx_word' id='word_1_59' title='bbox 240 1007 327 1064; x_wconf 89' lang='lat' dir='ltr'><strong>etiam</strong></span> <span class='ocrx_word' id='word_1_60' title='bbox 344 1005 518 1064; x_wconf 85' lang='lat' dir='ltr'><strong>universales</strong></span> <span class='ocrx_word' id='word_1_61' title='bbox 533 1013 562 1061; x_wconf 88' lang='lat' dir='ltr'><strong>ct</strong></span> <span class='ocrx_word' id='word_1_62' title='bbox 577 1005 752 1062; x_wconf 87' lang='lat' dir='ltr'><strong>necessarias</strong></span> <span class='ocrx_word' id='word_1_63' title='bbox 766 1004 889 1077; x_wconf 78' lang='lat' dir='ltr'><strong>atdnqit,</strong></span> <span class='ocrx_word' id='word_1_64' title='bbox 903 1017 1056 1076; x_wconf 89' lang='lat' dir='ltr'><strong>rerumque</strong></span> <span class='ocrx_word' id='word_1_65' title='bbox 1066 1002 1175 1061; x_wconf 82' lang='lat' dir='ltr'><strong>relatio·</strong></span> 
     </span>
     <span class='ocr_line' id='line_1_10' title="bbox 128 1088 1175 1165; baseline -0.007 -15"><span class='ocrx_word' id='word_1_66' title='bbox 128 1107 189 1163; x_wconf 88' lang='lat' dir='ltr'><strong>nes,</strong></span> <span class='ocrx_word' id='word_1_67' title='bbox 208 1103 383 1165; x_wconf 67' lang='lat' dir='ltr'><strong>progressos,</strong></span> <span class='ocrx_word' id='word_1_68' title='bbox 396 1105 497 1148; x_wconf 80' lang='lat' dir='ltr'><strong>carneas</strong></span> <span class='ocrx_word' id='word_1_69' title='bbox 511 1093 539 1145; x_wconf 91' lang='lat' dir='ltr'><strong>et</strong></span> <span class='ocrx_word' id='word_1_70' title='bbox 553 1088 757 1161; x_wconf 75' lang='lat' dir='ltr'><strong>consequentia</strong></span> <span class='ocrx_word' id='word_1_71' title='bbox 770 1089 871 1160; x_wconf 88' lang='lat' dir='ltr'><strong>carnit,</strong></span> <span class='ocrx_word' id='word_1_72' title='bbox 884 1093 944 1146; x_wconf 81' lang='lat' dir='ltr'><strong>mm</strong></span> <span class='ocrx_word' id='word_1_73' title='bbox 959 1099 1095 1162; x_wconf 85' lang='lat' dir='ltr'><strong>praesens</strong></span> <span class='ocrx_word' id='word_1_74' title='bbox 1108 1097 1175 1144; x_wconf 91' lang='lat' dir='ltr'><strong>cum</strong></span> 
     </span>
     <span class='ocr_line' id='line_1_11' title="bbox 130 1171 1174 1245; baseline -0.007 -11"><span class='ocrx_word' id='word_1_75' title='bbox 130 1182 270 1234; x_wconf 83' lang='lat' dir='ltr'><strong>transacto</strong></span> <span class='ocrx_word' id='word_1_76' title='bbox 285 1179 431 1245; x_wconf 86' lang='lat' dir='ltr'><strong>comparat</strong></span> <span class='ocrx_word' id='word_1_77' title='bbox 444 1189 477 1231; x_wconf 87' lang='lat' dir='ltr'><strong>ae</strong></span> <span class='ocrx_word' id='word_1_78' title='bbox 495 1173 636 1244; x_wconf 85' lang='lat' dir='ltr'><strong>praesenti</strong></span> <span class='ocrx_word' id='word_1_79' title='bbox 651 1173 777 1230; x_wconf 86' lang='lat' dir='ltr'><strong>adnectit</strong></span> <span class='ocrx_word' id='word_1_80' title='bbox 792 1171 929 1243; x_wconf 81' lang='lat' dir='ltr'><strong>loturum,</strong></span> <span class='ocrx_word' id='word_1_81' title='bbox 942 1171 1082 1244; x_wconf 78' lang='lat' dir='ltr'><strong>totiensque</strong></span> <span class='ocrx_word' id='word_1_82' title='bbox 1098 1171 1174 1227; x_wconf 84' lang='lat' dir='ltr'><strong>ritas</strong></span> 
     </span>
     <span class='ocr_line' id='line_1_12' title="bbox 128 1255 1175 1330; baseline -0.008 -11"><span class='ocrx_word' id='word_1_83' title='bbox 128 1275 196 1319; x_wconf 81' lang='lat' dir='ltr'><strong>sarae</strong></span> <span class='ocrx_word' id='word_1_84' title='bbox 211 1273 325 1317; x_wconf 71' lang='lat' dir='ltr'><strong>seorsum</strong></span> <span class='ocrx_word' id='word_1_85' title='bbox 341 1257 476 1330; x_wconf 83' lang='lat' dir='ltr'><strong>agnoseit.</strong></span> <span class='ocrx_word' id='word_1_86' title='bbox 495 1257 585 1324; x_wconf 82' lang='lat' dir='ltr'><strong>onere</strong></span> <span class='ocrx_word' id='word_1_87' title='bbox 600 1256 667 1330; x_wconf 91' lang='lat' dir='ltr'><strong>quid</strong></span> <span class='ocrx_word' id='word_1_88' title='bbox 687 1256 742 1313; x_wconf 84' lang='lat' dir='ltr'><strong>sibi</strong></span> <span class='ocrx_word' id='word_1_89' title='bbox 756 1256 908 1314; x_wconf 81' lang='lat' dir='ltr'><strong>conveniat</strong></span> <span class='ocrx_word' id='word_1_90' title='bbox 918 1261 967 1314; x_wconf 87' lang='lat' dir='ltr'><strong>aut</strong></span> <span class='ocrx_word' id='word_1_91' title='bbox 980 1257 1121 1327; x_wconf 83' lang='lat' dir='ltr'><strong>discrepet</strong></span> <span class='ocrx_word' id='word_1_92' title='bbox 1135 1255 1175 1312; x_wconf 90' lang='lat' dir='ltr'><strong>la·</strong></span> 
     </span>
     <span class='ocr_line' id='line_1_13' title="bbox 128 1339 1174 1415; baseline -0.006 -14"><span class='ocrx_word' id='word_1_93' title='bbox 128 1345 182 1402; x_wconf 91' lang='lat' dir='ltr'><strong>cile</strong></span> <span class='ocrx_word' id='word_1_94' title='bbox 196 1343 312 1411; x_wconf 66' lang='lat' dir='ltr'><strong>inclinat,</strong></span> <span class='ocrx_word' id='word_1_95' title='bbox 325 1341 354 1400; x_wconf 89' lang='lat' dir='ltr'><strong>in</strong></span> <span class='ocrx_word' id='word_1_96' title='bbox 369 1339 568 1415; x_wconf 77' lang='lat' dir='ltr'><strong>obiectantque</strong></span> <span class='ocrx_word' id='word_1_97' title='bbox 581 1357 635 1398; x_wconf 90' lang='lat' dir='ltr'><strong>nnn</strong></span> <span class='ocrx_word' id='word_1_98' title='bbox 651 1356 736 1398; x_wconf 88' lang='lat' dir='ltr'><strong>caeco</strong></span> <span class='ocrx_word' id='word_1_99' title='bbox 751 1341 859 1412; x_wconf 92' lang='lat' dir='ltr'><strong>impetu</strong></span> <span class='ocrx_word' id='word_1_100' title='bbox 871 1339 1042 1412; x_wconf 89' lang='lat' dir='ltr'><strong>pmpellltur,</strong></span> <span class='ocrx_word' id='word_1_101' title='bbox 1055 1339 1105 1395; x_wconf 86' lang='lat' dir='ltr'><strong>sed</strong></span> <span class='ocrx_word' id='word_1_102' title='bbox 1115 1352 1174 1396; x_wconf 79' lang='lat' dir='ltr'><strong>mo</strong></span> 
     </span>
     <span class='ocr_line' id='line_1_14' title="bbox 129 1418 1175 1485; baseline -0.001 -6"><span class='ocrx_word' id='word_1_103' title='bbox 129 1431 158 1484; x_wconf 90' lang='lat' dir='ltr'><strong>tu</strong></span> <span class='ocrx_word' id='word_1_104' title='bbox 175 1425 325 1482; x_wconf 86' lang='lat' dir='ltr'><strong>volontatis</strong></span> <span class='ocrx_word' id='word_1_105' title='bbox 337 1418 517 1482; x_wconf 70' lang='lat' dir='ltr'><strong>«inliberales.</strong></span> <span class='ocrx_word' id='word_1_106' title='bbox 537 1425 607 1482; x_wconf 89' lang='lat' dir='ltr'><strong>ilinc</strong></span> <span class='ocrx_word' id='word_1_107' title='bbox 621 1423 897 1482; x_wconf 86' lang='lat' dir='ltr'><strong>ortumesteiialonr</strong></span> <span class='ocrx_word' id='word_1_108' title='bbox 908 1422 988 1480; x_wconf 90' lang='lat' dir='ltr'><strong>illud:</strong></span> <span class='ocrx_word' id='word_1_109' title='bbox 1006 1421 1175 1485; x_wconf 83' lang='lat' dir='ltr'><strong>drumdocl</strong></span> 
     </span>
     <span class='ocr_line' id='line_1_15' title="bbox 128 1507 1172 1580; baseline -0.004 -13"><span class='ocrx_word' id='word_1_110' title='bbox 128 1510 162 1567; x_wconf 85' lang='lat' dir='ltr'><strong>in</strong></span> <span class='ocrx_word' id='word_1_111' title='bbox 177 1509 284 1579; x_wconf 79' lang='lat' dir='ltr'><strong>finam,</strong></span> <span class='ocrx_word' id='word_1_112' title='bbox 303 1507 451 1565; x_wconf 82' lang='lat' dir='ltr'><strong>honrlnern</strong></span> <span class='ocrx_word' id='word_1_113' title='bbox 469 1517 572 1566; x_wconf 85' lang='lat' dir='ltr'><strong>contro</strong></span> <span class='ocrx_word' id='word_1_114' title='bbox 587 1509 620 1566; x_wconf 87' lang='lat' dir='ltr'><strong>in</strong></span> <span class='ocrx_word' id='word_1_115' title='bbox 636 1510 726 1578; x_wconf 73' lang='lat' dir='ltr'><strong>tinem</strong></span> <span class='ocrx_word' id='word_1_116' title='bbox 740 1523 769 1565; x_wconf 85' lang='lat' dir='ltr'><strong>sc</strong></span> <span class='ocrx_word' id='word_1_117' title='bbox 783 1508 896 1565; x_wconf 71' lang='lat' dir='ltr'><strong>ducem.</strong></span> <span class='ocrx_word' id='word_1_118' title='bbox 917 1507 1062 1564; x_wconf 76' lang='lat' dir='ltr'><strong>disiectum</strong></span> <span class='ocrx_word' id='word_1_119' title='bbox 1077 1508 1172 1580; x_wconf 84' lang='lat' dir='ltr'><strong>enlm,</strong></span> 
     </span>
     <span class='ocr_line' id='line_1_16' title="bbox 128 1591 1175 1665; baseline -0.002 -15"><span class='ocrx_word' id='word_1_120' title='bbox 128 1592 159 1651; x_wconf 91' lang='lat' dir='ltr'><strong>in</strong></span> <span class='ocrx_word' id='word_1_121' title='bbox 174 1593 248 1665; x_wconf 92' lang='lat' dir='ltr'><strong>quod</strong></span> <span class='ocrx_word' id='word_1_122' title='bbox 265 1591 353 1649; x_wconf 88' lang='lat' dir='ltr'><strong>tendit</strong></span> <span class='ocrx_word' id='word_1_123' title='bbox 366 1595 502 1663; x_wconf 85' lang='lat' dir='ltr'><strong>operario,</strong></span> <span class='ocrx_word' id='word_1_124' title='bbox 522 1593 587 1650; x_wconf 86' lang='lat' dir='ltr'><strong>linis</strong></span> <span class='ocrx_word' id='word_1_125' title='bbox 603 1594 781 1664; x_wconf 66' lang='lat' dir='ltr'><strong>nominatum</strong></span> <span class='ocrx_word' id='word_1_126' title='bbox 799 1597 944 1665; x_wconf 86' lang='lat' dir='ltr'><strong>propterea</strong></span> <span class='ocrx_word' id='word_1_127' title='bbox 959 1591 1034 1664; x_wconf 90' lang='lat' dir='ltr'><strong>quod</strong></span> <span class='ocrx_word' id='word_1_128' title='bbox 1048 1591 1112 1648; x_wconf 89' lang='lat' dir='ltr'><strong>eius</strong></span> <span class='ocrx_word' id='word_1_129' title='bbox 1127 1605 1175 1648; x_wconf 85' lang='lat' dir='ltr'><strong>re·</strong></span> 
     </span>
     <span class='ocr_line' id='line_1_17' title="bbox 126 1675 1171 1749; baseline -0.003 -15"><span class='ocrx_word' id='word_1_130' title='bbox 126 1677 178 1734; x_wconf 89' lang='lat' dir='ltr'><strong>luti</strong></span> <span class='ocrx_word' id='word_1_131' title='bbox 195 1675 347 1735; x_wconf 90' lang='lat' dir='ltr'><strong>terminum</strong></span> <span class='ocrx_word' id='word_1_132' title='bbox 362 1677 515 1734; x_wconf 88' lang='lat' dir='ltr'><strong>constitnit.</strong></span> <span class='ocrx_word' id='word_1_133' title='bbox 533 1677 566 1733; x_wconf 84' lang='lat' dir='ltr'><strong>dr</strong></span> <span class='ocrx_word' id='word_1_134' title='bbox 576 1691 593 1734; x_wconf 89' lang='lat' dir='ltr'><strong>a</strong></span> <span class='ocrx_word' id='word_1_135' title='bbox 603 1675 703 1747; x_wconf 83' lang='lat' dir='ltr'><strong>brrrtls,</strong></span> <span class='ocrx_word' id='word_1_136' title='bbox 716 1689 789 1749; x_wconf 90' lang='lat' dir='ltr'><strong>quae</strong></span> <span class='ocrx_word' id='word_1_137' title='bbox 799 1675 967 1734; x_wconf 82' lang='lat' dir='ltr'><strong>relationem</strong></span> <span class='ocrx_word' id='word_1_138' title='bbox 978 1676 1171 1732; x_wconf 85' lang='lat' dir='ltr'><strong>internoscere</strong></span> 
     </span>
     <span class='ocr_line' id='line_1_18' title="bbox 127 1758 1174 1834; baseline -0.002 -16"><span class='ocrx_word' id='word_1_139' title='bbox 127 1767 281 1834; x_wconf 88' lang='lat' dir='ltr'><strong>nequeunt,</strong></span> <span class='ocrx_word' id='word_1_140' title='bbox 298 1761 454 1832; x_wconf 86' lang='lat' dir='ltr'><strong>obiectum,</strong></span> <span class='ocrx_word' id='word_1_141' title='bbox 475 1759 505 1818; x_wconf 92' lang='lat' dir='ltr'><strong>in</strong></span> <span class='ocrx_word' id='word_1_142' title='bbox 521 1759 596 1834; x_wconf 82' lang='lat' dir='ltr'><strong>qnod</strong></span> <span class='ocrx_word' id='word_1_143' title='bbox 612 1761 750 1832; x_wconf 88' lang='lat' dir='ltr'><strong>tendunt,</strong></span> <span class='ocrx_word' id='word_1_144' title='bbox 767 1772 825 1818; x_wconf 92' lang='lat' dir='ltr'><strong>non</strong></span> <span class='ocrx_word' id='word_1_145' title='bbox 838 1764 871 1816; x_wconf 91' lang='lat' dir='ltr'><strong>ut</strong></span> <span class='ocrx_word' id='word_1_146' title='bbox 885 1759 1023 1816; x_wconf 90' lang='lat' dir='ltr'><strong>terminus</strong></span> <span class='ocrx_word' id='word_1_147' title='bbox 1036 1758 1174 1831; x_wconf 87' lang='lat' dir='ltr'><strong>operatio·</strong></span> 
     </span>
     <span class='ocr_line' id='line_1_19' title="bbox 127 1843 1173 1920; baseline -0.002 -19"><span class='ocrx_word' id='word_1_148' title='bbox 127 1843 172 1902; x_wconf 88' lang='lat' dir='ltr'><strong>nis</strong></span> <span class='ocrx_word' id='word_1_149' title='bbox 185 1844 334 1916; x_wconf 84' lang='lat' dir='ltr'><strong>cogitatur,</strong></span> <span class='ocrx_word' id='word_1_150' title='bbox 346 1845 395 1903; x_wconf 88' lang='lat' dir='ltr'><strong>sed</strong></span> <span class='ocrx_word' id='word_1_151' title='bbox 409 1843 538 1901; x_wconf 86' lang='lat' dir='ltr'><strong>sensibili</strong></span> <span class='ocrx_word' id='word_1_152' title='bbox 558 1849 668 1902; x_wconf 89' lang='lat' dir='ltr'><strong>tantum</strong></span> <span class='ocrx_word' id='word_1_153' title='bbox 680 1844 859 1916; x_wconf 80' lang='lat' dir='ltr'><strong>perceptione</strong></span> <span class='ocrx_word' id='word_1_154' title='bbox 868 1843 1099 1920; x_wconf 67' lang='lat' dir='ltr'><strong>apprehenditurq</strong></span> <span class='ocrx_word' id='word_1_155' title='bbox 1116 1854 1173 1915; x_wconf 86' lang='lat' dir='ltr'><strong>qua</strong></span> 
     </span>
     <span class='ocr_line' id='line_1_20' title="bbox 126 1927 1174 2002; baseline -0.001 -17"><span class='ocrx_word' id='word_1_156' title='bbox 126 1934 219 1988; x_wconf 74' lang='lat' dir='ltr'><strong>sonte</strong></span> <span class='ocrx_word' id='word_1_157' title='bbox 234 1927 479 2002; x_wconf 78' lang='lat' dir='ltr'><strong>apprehensione,</strong></span> <span class='ocrx_word' id='word_1_158' title='bbox 495 1929 630 2002; x_wconf 85' lang='lat' dir='ltr'><strong>appetitio</strong></span> <span class='ocrx_word' id='word_1_159' title='bbox 647 1927 676 1986; x_wconf 93' lang='lat' dir='ltr'><strong>in</strong></span> <span class='ocrx_word' id='word_1_160' title='bbox 692 1928 837 1986; x_wconf 88' lang='lat' dir='ltr'><strong>obiectum</strong></span> <span class='ocrx_word' id='word_1_161' title='bbox 851 1928 940 1986; x_wconf 86' lang='lat' dir='ltr'><strong>lertur</strong></span> <span class='ocrx_word' id='word_1_162' title='bbox 954 1941 1012 1984; x_wconf 90' lang='lat' dir='ltr'><strong>uon</strong></span> <span class='ocrx_word' id='word_1_163' title='bbox 1027 1927 1095 2000; x_wconf 92' lang='lat' dir='ltr'><strong>quia</strong></span> <span class='ocrx_word' id='word_1_164' title='bbox 1108 1941 1174 1984; x_wconf 90' lang='lat' dir='ltr'><strong>con·</strong></span> 
     </span>
     <span class='ocr_line' id='line_1_21' title="bbox 127 2010 1175 2086; baseline -0.001 -16"><span class='ocrx_word' id='word_1_165' title='bbox 127 2012 248 2071; x_wconf 85' lang='lat' dir='ltr'><strong>veniens</strong></span> <span class='ocrx_word' id='word_1_166' title='bbox 263 2027 325 2070; x_wconf 86' lang='lat' dir='ltr'><strong>esse</strong></span> <span class='ocrx_word' id='word_1_167' title='bbox 340 2011 501 2084; x_wconf 87' lang='lat' dir='ltr'><strong>iudicatur,</strong></span> <span class='ocrx_word' id='word_1_168' title='bbox 518 2012 568 2070; x_wconf 91' lang='lat' dir='ltr'><strong>sed</strong></span> <span class='ocrx_word' id='word_1_169' title='bbox 583 2012 650 2086; x_wconf 90' lang='lat' dir='ltr'><strong>quia</strong></span> <span class='ocrx_word' id='word_1_170' title='bbox 666 2017 784 2070; x_wconf 87' lang='lat' dir='ltr'><strong>naturae</strong></span> <span class='ocrx_word' id='word_1_171' title='bbox 803 2010 878 2080; x_wconf 67' lang='lat' dir='ltr'><strong>cogit</strong></span> <span class='ocrx_word' id='word_1_172' title='bbox 899 2011 1054 2068; x_wconf 87' lang='lat' dir='ltr'><strong>inclinatio.</strong></span> <span class='ocrx_word' id='word_1_173' title='bbox 1072 2010 1175 2069; x_wconf 79' lang='lat' dir='ltr'><strong>doure·</strong></span> 
     </span>
     <span class='ocr_line' id='line_1_22' title="bbox 127 2094 1175 2173; baseline -0.003 -18"><span class='ocrx_word' id='word_1_174' title='bbox 127 2097 265 2155; x_wconf 78' lang='lat' dir='ltr'><strong>pientiam</strong></span> <span class='ocrx_word' id='word_1_175' title='bbox 288 2101 383 2154; x_wconf 89' lang='lat' dir='ltr'><strong>aulem</strong></span> <span class='ocrx_word' id='word_1_176' title='bbox 404 2094 562 2173; x_wconf 85' lang='lat' dir='ltr'><strong>eiusmodi,</strong></span> <span class='ocrx_word' id='word_1_177' title='bbox 580 2111 666 2168; x_wconf 90' lang='lat' dir='ltr'><strong>quam</strong></span> <span class='ocrx_word' id='word_1_178' title='bbox 689 2095 773 2154; x_wconf 89' lang='lat' dir='ltr'><strong>bruta</strong></span> <span class='ocrx_word' id='word_1_179' title='bbox 792 2095 923 2167; x_wconf 79' lang='lat' dir='ltr'><strong>ignorat,</strong></span> <span class='ocrx_word' id='word_1_180' title='bbox 939 2099 1058 2152; x_wconf 88' lang='lat' dir='ltr'><strong>naturae</strong></span> <span class='ocrx_word' id='word_1_181' title='bbox 1071 2095 1175 2153; x_wconf 73' lang='lat' dir='ltr'><strong>artilex</strong></span> 
     </span>
     <span class='ocr_line' id='line_1_23' title="bbox 127 2177 1170 2254; baseline -0.001 -17"><span class='ocrx_word' id='word_1_182' title='bbox 127 2180 223 2250; x_wconf 83' lang='lat' dir='ltr'><strong>nour,</strong></span> <span class='ocrx_word' id='word_1_183' title='bbox 241 2178 288 2254; x_wconf 89' lang='lat' dir='ltr'><strong>qui</strong></span> <span class='ocrx_word' id='word_1_184' title='bbox 305 2177 345 2236; x_wconf 88' lang='lat' dir='ltr'><strong>sie</strong></span> <span class='ocrx_word' id='word_1_185' title='bbox 360 2177 416 2236; x_wconf 86' lang='lat' dir='ltr'><strong>iltis</strong></span> <span class='ocrx_word' id='word_1_186' title='bbox 434 2177 620 2238; x_wconf 76' lang='lat' dir='ltr'><strong>conformavit</strong></span> <span class='ocrx_word' id='word_1_187' title='bbox 639 2179 814 2249; x_wconf 84' lang='lat' dir='ltr'><strong>instinctum,</strong></span> <span class='ocrx_word' id='word_1_188' title='bbox 826 2183 858 2237; x_wconf 91' lang='lat' dir='ltr'><strong>ut</strong></span> <span class='ocrx_word' id='word_1_189' title='bbox 875 2178 911 2236; x_wconf 89' lang='lat' dir='ltr'><strong>ad</strong></span> <span class='ocrx_word' id='word_1_190' title='bbox 926 2177 1063 2237; x_wconf 87' lang='lat' dir='ltr'><strong>eiusmodi</strong></span> <span class='ocrx_word' id='word_1_191' title='bbox 1079 2178 1170 2236; x_wconf 84' lang='lat' dir='ltr'><strong>deter-</strong></span> 
     </span>
     <span class='ocr_line' id='line_1_24' title="bbox 127 2261 1174 2338; baseline 0 -16"><span class='ocrx_word' id='word_1_192' title='bbox 127 2264 268 2322; x_wconf 87' lang='lat' dir='ltr'><strong>minatum</strong></span> <span class='ocrx_word' id='word_1_193' title='bbox 280 2262 422 2321; x_wconf 88' lang='lat' dir='ltr'><strong>obiectum</strong></span> <span class='ocrx_word' id='word_1_194' title='bbox 433 2261 629 2322; x_wconf 88' lang='lat' dir='ltr'><strong>incitarentur.</strong></span> <span class='ocrx_word' id='word_1_195' title='bbox 648 2263 736 2321; x_wconf 90' lang='lat' dir='ltr'><strong>ilomo</strong></span> <span class='ocrx_word' id='word_1_196' title='bbox 747 2269 845 2321; x_wconf 90' lang='lat' dir='ltr'><strong>contra</strong></span> <span class='ocrx_word' id='word_1_197' title='bbox 855 2261 905 2338; x_wconf 91' lang='lat' dir='ltr'><strong>qui</strong></span> <span class='ocrx_word' id='word_1_198' title='bbox 920 2277 1014 2321; x_wconf 89' lang='lat' dir='ltr'><strong>rerum</strong></span> <span class='ocrx_word' id='word_1_199' title='bbox 1030 2269 1174 2338; x_wconf 82' lang='lat' dir='ltr'><strong>respectus</strong></span> 
     </span>
     <span class='ocr_line' id='line_1_25' title="bbox 127 2346 1174 2422; baseline 0.002 -17"><span class='ocrx_word' id='word_1_200' title='bbox 127 2355 156 2405; x_wconf 90' lang='lat' dir='ltr'><strong>et</strong></span> <span class='ocrx_word' id='word_1_201' title='bbox 174 2346 368 2421; x_wconf 81' lang='lat' dir='ltr'><strong>proportiones</strong></span> <span class='ocrx_word' id='word_1_202' title='bbox 384 2346 514 2421; x_wconf 80' lang='lat' dir='ltr'><strong>attingit,</strong></span> <span class='ocrx_word' id='word_1_203' title='bbox 530 2347 692 2420; x_wconf 86' lang='lat' dir='ltr'><strong>obiectum,</strong></span> <span class='ocrx_word' id='word_1_204' title='bbox 711 2352 793 2421; x_wconf 91' lang='lat' dir='ltr'><strong>prout</strong></span> <span class='ocrx_word' id='word_1_205' title='bbox 807 2347 873 2405; x_wconf 83' lang='lat' dir='ltr'><strong>diris</strong></span> <span class='ocrx_word' id='word_1_206' title='bbox 886 2353 931 2406; x_wconf 87' lang='lat' dir='ltr'><strong>eet</strong></span> <span class='ocrx_word' id='word_1_207' title='bbox 945 2362 1060 2406; x_wconf 85' lang='lat' dir='ltr'><strong>arrarum</strong></span> <span class='ocrx_word' id='word_1_208' title='bbox 1076 2363 1174 2422; x_wconf 88' lang='lat' dir='ltr'><strong>opera·</strong></span> 
     </span>
     <span class='ocr_line' id='line_1_26' title="bbox 129 2430 1118 2506; baseline 0.002 -20"><span class='ocrx_word' id='word_1_209' title='bbox 129 2430 250 2503; x_wconf 90' lang='lat' dir='ltr'><strong>tionnrn,</strong></span> <span class='ocrx_word' id='word_1_210' title='bbox 269 2431 428 2505; x_wconf 83' lang='lat' dir='ltr'><strong>perspicere</strong></span> <span class='ocrx_word' id='word_1_211' title='bbox 444 2432 531 2506; x_wconf 86' lang='lat' dir='ltr'><strong>valet,</strong></span> <span class='ocrx_word' id='word_1_212' title='bbox 549 2445 637 2506; x_wconf 86' lang='lat' dir='ltr'><strong>saque</strong></span> <span class='ocrx_word' id='word_1_213' title='bbox 652 2431 686 2489; x_wconf 89' lang='lat' dir='ltr'><strong>ad</strong></span> <span class='ocrx_word' id='word_1_214' title='bbox 707 2431 773 2489; x_wconf 89' lang='lat' dir='ltr'><strong>illud</strong></span> <span class='ocrx_word' id='word_1_215' title='bbox 791 2433 980 2504; x_wconf 75' lang='lat' dir='ltr'><strong>appetendum</strong></span> <span class='ocrx_word' id='word_1_216' title='bbox 996 2431 1118 2489; x_wconf 81' lang='lat' dir='ltr'><strong>flectere.</strong></span> 
     </span>
    </p>

    <p class='ocr_par' dir='ltr' id='par_1_4' title="bbox 92 2513 1206 3938">
     <span class='ocr_line' id='line_1_27' title="bbox 164 2513 1174 2592; baseline 0.001 -19"><span class='ocrx_word' id='word_1_217' title='bbox 164 2515 190 2573; x_wconf 84' lang='grc'><strong>3.</strong></span> <span class='ocrx_word' id='word_1_218' title='bbox 208 2513 310 2574; x_wconf 83' lang='lat' dir='ltr'><strong>Verum</strong></span> <span class='ocrx_word' id='word_1_219' title='bbox 327 2515 411 2573; x_wconf 83' lang='lat' dir='ltr'><strong>trumo</strong></span> <span class='ocrx_word' id='word_1_220' title='bbox 426 2529 482 2574; x_wconf 89' lang='lat' dir='ltr'><strong>nun</strong></span> <span class='ocrx_word' id='word_1_221' title='bbox 507 2515 628 2592; x_wconf 83' lang='lat' dir='ltr'><strong>simplex</strong></span> <span class='ocrx_word' id='word_1_222' title='bbox 648 2517 789 2590; x_wconf 88' lang='lat' dir='ltr'><strong>quaedam</strong></span> <span class='ocrx_word' id='word_1_223' title='bbox 808 2523 910 2573; x_wconf 86' lang='lat' dir='ltr'><strong>natrrra</strong></span> <span class='ocrx_word' id='word_1_224' title='bbox 924 2521 986 2583; x_wconf 87' lang='lat' dir='ltr'><strong>eet,</strong></span> <span class='ocrx_word' id='word_1_225' title='bbox 1003 2515 1051 2571; x_wconf 86' lang='lat' dir='ltr'><strong>sed</strong></span> <span class='ocrx_word' id='word_1_226' title='bbox 1067 2514 1174 2587; x_wconf 85' lang='lat' dir='ltr'><strong>duplici</strong></span> 
     </span>
     <span class='ocr_line' id='line_1_28' title="bbox 132 2595 1174 2673; baseline -0.002 -16"><span class='ocrx_word' id='word_1_227' title='bbox 132 2597 264 2657; x_wconf 80' lang='lat' dir='ltr'><strong>coalescit</strong></span> <span class='ocrx_word' id='word_1_228' title='bbox 280 2606 367 2672; x_wconf 87' lang='lat' dir='ltr'><strong>parte,</strong></span> <span class='ocrx_word' id='word_1_229' title='bbox 380 2609 496 2673; x_wconf 86' lang='lat' dir='ltr'><strong>corpore</strong></span> <span class='ocrx_word' id='word_1_230' title='bbox 509 2599 646 2659; x_wconf 90' lang='lat' dir='ltr'><strong>nimirum</strong></span> <span class='ocrx_word' id='word_1_231' title='bbox 661 2601 823 2673; x_wconf 87' lang='lat' dir='ltr'><strong>animoque.</strong></span> <span class='ocrx_word' id='word_1_232' title='bbox 841 2599 880 2656; x_wconf 76' lang='lat' dir='ltr'><strong>lla</strong></span> <span class='ocrx_word' id='word_1_233' title='bbox 894 2613 950 2672; x_wconf 92' lang='lat' dir='ltr'><strong>qno</strong></span> <span class='ocrx_word' id='word_1_234' title='bbox 965 2596 997 2656; x_wconf 82' lang='lat' dir='ltr'><strong>dr</strong></span> <span class='ocrx_word' id='word_1_235' title='bbox 1011 2603 1042 2655; x_wconf 91' lang='lat' dir='ltr'><strong>ut</strong></span> <span class='ocrx_word' id='word_1_236' title='bbox 1055 2595 1118 2655; x_wconf 87' lang='lat' dir='ltr'><strong>eiua</strong></span> <span class='ocrx_word' id='word_1_237' title='bbox 1132 2611 1174 2655; x_wconf 77' lang='lat' dir='ltr'><strong>re</strong></span> 
     </span>
     <span class='ocr_line' id='line_1_29' title="bbox 92 2681 1173 2758; baseline -0.004 -17"><span class='ocrx_word' id='word_1_238' title='bbox 92 2699 96 2708; x_wconf 95' lang='lat'>·</span> <span class='ocrx_word' id='word_1_239' title='bbox 130 2689 226 2758; x_wconf 86' lang='lat' dir='ltr'><strong>spectu</strong></span> <span class='ocrx_word' id='word_1_240' title='bbox 243 2683 363 2756; x_wconf 85' lang='lat' dir='ltr'><strong>duplicis</strong></span> <span class='ocrx_word' id='word_1_241' title='bbox 376 2683 484 2743; x_wconf 86' lang='lat' dir='ltr'><strong>ordinis</strong></span> <span class='ocrx_word' id='word_1_242' title='bbox 498 2689 612 2744; x_wconf 82' lang='lat' dir='ltr'><strong>exstent</strong></span> <span class='ocrx_word' id='word_1_243' title='bbox 628 2685 715 2755; x_wconf 86' lang='lat' dir='ltr'><strong>bona,</strong></span> <span class='ocrx_word' id='word_1_244' title='bbox 734 2685 800 2740; x_wconf 78' lang='lat' dir='ltr'><strong>orric</strong></span> <span class='ocrx_word' id='word_1_245' title='bbox 814 2683 920 2754; x_wconf 78' lang='lat' dir='ltr'><strong>‹luplroi</strong></span> <span class='ocrx_word' id='word_1_246' title='bbox 937 2681 1112 2739; x_wconf 70' lang='lat' dir='ltr'><strong>attestandae</strong></span> <span class='ocrx_word' id='word_1_247' title='bbox 1127 2695 1173 2738; x_wconf 82' lang='lat' dir='ltr'><strong>ac·</strong></span> 
     </span>
     <span class='ocr_line' id='line_1_30' title="bbox 130 2759 1206 2842; baseline -0.001 -18"><span class='ocrx_word' id='word_1_248' title='bbox 130 2769 318 2830; x_wconf 79' lang='lat' dir='ltr'><strong>corrrmodotar</strong></span> <span class='ocrx_word' id='word_1_249' title='bbox 335 2771 372 2839; x_wconf 90' lang='lat' dir='ltr'><strong>et,</strong></span> <span class='ocrx_word' id='word_1_250' title='bbox 384 2769 458 2840; x_wconf 92' lang='lat' dir='ltr'><strong>quod</strong></span> <span class='ocrx_word' id='word_1_251' title='bbox 473 2783 650 2842; x_wconf 86' lang='lat' dir='ltr'><strong>consequens</strong></span> <span class='ocrx_word' id='word_1_252' title='bbox 664 2775 722 2837; x_wconf 88' lang='lat' dir='ltr'><strong>est,</strong></span> <span class='ocrx_word' id='word_1_253' title='bbox 734 2759 839 2838; x_wconf 76' lang='lat' dir='ltr'><strong>draptiei</strong></span> <span class='ocrx_word' id='word_1_254' title='bbox 855 2766 939 2822; x_wconf 87' lang='lat' dir='ltr'><strong>etiem</strong></span> <span class='ocrx_word' id='word_1_255' title='bbox 956 2764 1079 2836; x_wconf 86' lang='lat' dir='ltr'><strong>appetitu</strong></span> <span class='ocrx_word' id='word_1_256' title='bbox 1095 2777 1175 2823; x_wconf 87' lang='lat' dir='ltr'><strong>orne·</strong></span> <span class='ocrx_word' id='word_1_257' title='bbox 1201 2827 1206 2838; x_wconf 62' lang='grc'>,</span> 
     </span>
     <span class='ocr_line' id='line_1_31' title="bbox 129 2847 1172 2923; baseline -0.001 -17"><span class='ocrx_word' id='word_1_258' title='bbox 129 2856 184 2921; x_wconf 87' lang='lat' dir='ltr'><strong>tur,</strong></span> <span class='ocrx_word' id='word_1_259' title='bbox 201 2851 297 2908; x_wconf 84' lang='lat' dir='ltr'><strong>sensili</strong></span> <span class='ocrx_word' id='word_1_260' title='bbox 313 2851 468 2908; x_wconf 87' lang='lat' dir='ltr'><strong>scilicetne</strong></span> <span class='ocrx_word' id='word_1_261' title='bbox 484 2850 631 2921; x_wconf 83' lang='lat' dir='ltr'><strong>rationali3</strong></span> <span class='ocrx_word' id='word_1_262' title='bbox 648 2865 769 2923; x_wconf 85' lang='lat' dir='ltr'><strong>quornm</strong></span> <span class='ocrx_word' id='word_1_263' title='bbox 785 2850 873 2905; x_wconf 89' lang='lat' dir='ltr'><strong>altero</strong></span> <span class='ocrx_word' id='word_1_264' title='bbox 888 2847 924 2905; x_wconf 90' lang='lat' dir='ltr'><strong>ad</strong></span> <span class='ocrx_word' id='word_1_265' title='bbox 939 2847 1013 2905; x_wconf 88' lang='lat' dir='ltr'><strong>bona</strong></span> <span class='ocrx_word' id='word_1_266' title='bbox 1027 2861 1172 2922; x_wconf 85' lang='lat' dir='ltr'><strong>corporea,</strong></span> 
     </span>
     <span class='ocr_line' id='line_1_32' title="bbox 127 2929 1174 2990; baseline -0.001 0"><span class='ocrx_word' id='word_1_267' title='bbox 127 2933 216 2990; x_wconf 83' lang='lat' dir='ltr'><strong>altem</strong></span> <span class='ocrx_word' id='word_1_268' title='bbox 232 2933 267 2990; x_wconf 91' lang='lat' dir='ltr'><strong>ad</strong></span> <span class='ocrx_word' id='word_1_269' title='bbox 284 2933 432 2989; x_wconf 86' lang='lat' dir='ltr'><strong>rationalia</strong></span> <span class='ocrx_word' id='word_1_270' title='bbox 453 2933 615 2990; x_wconf 78' lang='lat' dir='ltr'><strong>inclinetur.</strong></span> <span class='ocrx_word' id='word_1_271' title='bbox 642 2933 669 2990; x_wconf 93' lang='lat' dir='ltr'><strong>ld</strong></span> <span class='ocrx_word' id='word_1_272' title='bbox 686 2931 748 2989; x_wconf 73' lang='lat' dir='ltr'><strong>dus</strong></span> <span class='ocrx_word' id='word_1_273' title='bbox 767 2937 869 2987; x_wconf 86' lang='lat' dir='ltr'><strong>natrrra</strong></span> <span class='ocrx_word' id='word_1_274' title='bbox 889 2932 953 2989; x_wconf 86' lang='lat' dir='ltr'><strong>lert.</strong></span> <span class='ocrx_word' id='word_1_275' title='bbox 976 2932 1088 2989; x_wconf 78' lang='lat' dir='ltr'><strong>Aleum</strong></span> <span class='ocrx_word' id='word_1_276' title='bbox 1104 2929 1174 2989; x_wconf 84' lang='lat' dir='ltr'><strong>haee</strong></span> 
     </span>
     <span class='ocr_line' id='line_1_33' title="bbox 129 3011 1169 3089; baseline -0.002 -16"><span class='ocrx_word' id='word_1_277' title='bbox 129 3016 204 3073; x_wconf 84' lang='lat' dir='ltr'><strong>bona</strong></span> <span class='ocrx_word' id='word_1_278' title='bbox 219 3015 294 3073; x_wconf 90' lang='lat' dir='ltr'><strong>inter</strong></span> <span class='ocrx_word' id='word_1_279' title='bbox 308 3031 339 3072; x_wconf 88' lang='lat' dir='ltr'><strong>se</strong></span> <span class='ocrx_word' id='word_1_280' title='bbox 354 3011 439 3087; x_wconf 82' lang='lat' dir='ltr'><strong>saepe</strong></span> <span class='ocrx_word' id='word_1_281' title='bbox 454 3021 625 3088; x_wconf 78' lang='lat' dir='ltr'><strong>repugnent,</strong></span> <span class='ocrx_word' id='word_1_282' title='bbox 642 3029 798 3087; x_wconf 86' lang='lat' dir='ltr'><strong>eorumque</strong></span> <span class='ocrx_word' id='word_1_283' title='bbox 813 3029 903 3074; x_wconf 86' lang='lat' dir='ltr'><strong>orrum</strong></span> <span class='ocrx_word' id='word_1_284' title='bbox 917 3015 1037 3073; x_wconf 71' lang='lat' dir='ltr'><strong>dorsum</strong></span> <span class='ocrx_word' id='word_1_285' title='bbox 1055 3017 1169 3089; x_wconf 68' lang='lat' dir='ltr'><strong>demate</strong></span> 
     </span>
     <span class='ocr_line' id='line_1_34' title="bbox 128 3098 1173 3174; baseline 0 -16"><span class='ocrx_word' id='word_1_286' title='bbox 128 3103 226 3158; x_wconf 87' lang='lat' dir='ltr'><strong>corrtra</strong></span> <span class='ocrx_word' id='word_1_287' title='bbox 248 3100 332 3156; x_wconf 88' lang='lat' dir='ltr'><strong>homo</strong></span> <span class='ocrx_word' id='word_1_288' title='bbox 354 3099 390 3156; x_wconf 86' lang='lat' dir='ltr'><strong>ab</strong></span> <span class='ocrx_word' id='word_1_289' title='bbox 410 3098 511 3172; x_wconf 90' lang='lat' dir='ltr'><strong>opillce</strong></span> <span class='ocrx_word' id='word_1_290' title='bbox 532 3100 742 3172; x_wconf 84' lang='lat' dir='ltr'><strong>sapientissimo</strong></span> <span class='ocrx_word' id='word_1_291' title='bbox 765 3102 915 3174; x_wconf 76' lang='lat' dir='ltr'><strong>procellat,</strong></span> <span class='ocrx_word' id='word_1_292' title='bbox 932 3101 981 3172; x_wconf 85' lang='lat' dir='ltr'><strong>qul</strong></span> <span class='ocrx_word' id='word_1_293' title='bbox 1003 3099 1102 3174; x_wconf 89' lang='lat' dir='ltr'><strong>nequit</strong></span> <span class='ocrx_word' id='word_1_294' title='bbox 1116 3113 1173 3158; x_wconf 86' lang='lat' dir='ltr'><strong>uon</strong></span> 
     </span>
     <span class='ocr_line' id='line_1_35' title="bbox 128 3181 1170 3258; baseline 0.004 -20"><span class='ocrx_word' id='word_1_295' title='bbox 128 3184 200 3242; x_wconf 86' lang='lat' dir='ltr'><strong>velle</strong></span> <span class='ocrx_word' id='word_1_296' title='bbox 214 3184 343 3242; x_wconf 88' lang='lat' dir='ltr'><strong>ordinem</strong></span> <span class='ocrx_word' id='word_1_297' title='bbox 359 3183 387 3241; x_wconf 90' lang='lat' dir='ltr'><strong>in</strong></span> <span class='ocrx_word' id='word_1_298' title='bbox 405 3181 489 3241; x_wconf 85' lang='lat' dir='ltr'><strong>rebrm</strong></span> <span class='ocrx_word' id='word_1_299' title='bbox 504 3200 520 3241; x_wconf 90' lang='lat' dir='ltr'><strong>a</strong></span> <span class='ocrx_word' id='word_1_300' title='bbox 535 3199 565 3242; x_wconf 85' lang='lat' dir='ltr'><strong>ee</strong></span> <span class='ocrx_word' id='word_1_301' title='bbox 580 3184 712 3254; x_wconf 77' lang='lat' dir='ltr'><strong>crrrrditis3</strong></span> <span class='ocrx_word' id='word_1_302' title='bbox 730 3185 804 3241; x_wconf 85' lang='lat' dir='ltr'><strong>bona</strong></span> <span class='ocrx_word' id='word_1_303' title='bbox 821 3183 960 3243; x_wconf 89' lang='lat' dir='ltr'><strong>eiusmodi</strong></span> <span class='ocrx_word' id='word_1_304' title='bbox 976 3195 1062 3258; x_wconf 89' lang='lat' dir='ltr'><strong>atque</strong></span> <span class='ocrx_word' id='word_1_305' title='bbox 1076 3185 1111 3241; x_wconf 89' lang='lat' dir='ltr'><strong>ad</strong></span> <span class='ocrx_word' id='word_1_306' title='bbox 1127 3199 1170 3242; x_wconf 88' lang='lat' dir='ltr'><strong>ea·</strong></span> 
     </span>
     <span class='ocr_line' id='line_1_36' title="bbox 130 3265 1173 3342; baseline 0 -17"><span class='ocrx_word' id='word_1_307' title='bbox 130 3269 196 3326; x_wconf 89' lang='lat' dir='ltr'><strong>dem</strong></span> <span class='ocrx_word' id='word_1_308' title='bbox 210 3265 352 3342; x_wconf 86' lang='lat' dir='ltr'><strong>appetitos</strong></span> <span class='ocrx_word' id='word_1_309' title='bbox 369 3268 405 3326; x_wconf 90' lang='lat' dir='ltr'><strong>lta</strong></span> <span class='ocrx_word' id='word_1_310' title='bbox 424 3269 496 3326; x_wconf 90' lang='lat' dir='ltr'><strong>inter</strong></span> <span class='ocrx_word' id='word_1_311' title='bbox 511 3285 541 3326; x_wconf 90' lang='lat' dir='ltr'><strong>se</strong></span> <span class='ocrx_word' id='word_1_312' title='bbox 556 3266 682 3326; x_wconf 87' lang='lat' dir='ltr'><strong>ordinari</strong></span> <span class='ocrx_word' id='word_1_313' title='bbox 695 3267 869 3334; x_wconf 73' lang='lat' dir='ltr'><strong>«debuerunt,</strong></span> <span class='ocrx_word' id='word_1_314' title='bbox 886 3274 918 3327; x_wconf 91' lang='lat' dir='ltr'><strong>ut</strong></span> <span class='ocrx_word' id='word_1_315' title='bbox 932 3285 1065 3342; x_wconf 84' lang='lat' dir='ltr'><strong>corporea</strong></span> <span class='ocrx_word' id='word_1_316' title='bbox 1080 3283 1173 3326; x_wconf 75' lang='lat' dir='ltr'><strong>cesare</strong></span> 
     </span>
     <span class='ocr_line' id='line_1_37' title="bbox 128 3351 1173 3428; baseline 0.001 -18"><span class='ocrx_word' id='word_1_317' title='bbox 128 3367 160 3410; x_wconf 88' lang='lat' dir='ltr'><strong>ra</strong></span> <span class='ocrx_word' id='word_1_318' title='bbox 175 3361 270 3410; x_wconf 81' lang='lat' dir='ltr'><strong>essem</strong></span> <span class='ocrx_word' id='word_1_319' title='bbox 284 3351 478 3423; x_wconf 86' lang='lat' dir='ltr'><strong>rationalibus,</strong></span> <span class='ocrx_word' id='word_1_320' title='bbox 496 3359 580 3428; x_wconf 88' lang='lat' dir='ltr'><strong>etque</strong></span> <span class='ocrx_word' id='word_1_321' title='bbox 596 3351 730 3426; x_wconf 87' lang='lat' dir='ltr'><strong>appetitio</strong></span> <span class='ocrx_word' id='word_1_322' title='bbox 745 3351 858 3411; x_wconf 71' lang='lat' dir='ltr'><strong>seriniis</strong></span> <span class='ocrx_word' id='word_1_323' title='bbox 873 3353 1035 3412; x_wconf 83' lang='lat' dir='ltr'><strong>orationali</strong></span> <span class='ocrx_word' id='word_1_324' title='bbox 1050 3352 1173 3421; x_wconf 63' lang='lat' dir='ltr'><strong>‹liriaco-</strong></span> 
     </span>
     <span class='ocr_line' id='line_1_38' title="bbox 128 3436 1174 3510; baseline 0.002 -17"><span class='ocrx_word' id='word_1_325' title='bbox 128 3437 163 3493; x_wconf 90' lang='lat' dir='ltr'><strong>de</strong></span> <span class='ocrx_word' id='word_1_326' title='bbox 181 3438 260 3508; x_wconf 89' lang='lat' dir='ltr'><strong>ioret;</strong></span> <span class='ocrx_word' id='word_1_327' title='bbox 280 3451 331 3494; x_wconf 90' lang='lat' dir='ltr'><strong>nec</strong></span> <span class='ocrx_word' id='word_1_328' title='bbox 346 3437 419 3510; x_wconf 89' lang='lat' dir='ltr'><strong>quod</strong></span> <span class='ocrx_word' id='word_1_329' title='bbox 437 3437 556 3496; x_wconf 83' lang='lat' dir='ltr'><strong>interius</strong></span> <span class='ocrx_word' id='word_1_330' title='bbox 570 3446 614 3496; x_wconf 89' lang='lat' dir='ltr'><strong>eet</strong></span> <span class='ocrx_word' id='word_1_331' title='bbox 628 3437 786 3496; x_wconf 86' lang='lat' dir='ltr'><strong>dominium</strong></span> <span class='ocrx_word' id='word_1_332' title='bbox 803 3437 939 3505; x_wconf 75' lang='lat' dir='ltr'><strong>liaberet,</strong></span> <span class='ocrx_word' id='word_1_333' title='bbox 957 3445 1005 3495; x_wconf 86' lang='lat' dir='ltr'><strong>ant</strong></span> <span class='ocrx_word' id='word_1_334' title='bbox 1020 3436 1174 3508; x_wconf 81' lang='lat' dir='ltr'><strong>surperioris</strong></span> 
     </span>
     <span class='ocr_line' id='line_1_39' title="bbox 129 3519 1172 3596; baseline -0.003 -18"><span class='ocrx_word' id='word_1_335' title='bbox 129 3519 197 3578; x_wconf 87' lang='lat' dir='ltr'><strong>boni</strong></span> <span class='ocrx_word' id='word_1_336' title='bbox 214 3521 363 3596; x_wconf 83' lang='lat' dir='ltr'><strong>‹liapendio</strong></span> <span class='ocrx_word' id='word_1_337' title='bbox 378 3522 502 3580; x_wconf 86' lang='lat' dir='ltr'><strong>deterius</strong></span> <span class='ocrx_word' id='word_1_338' title='bbox 517 3528 705 3594; x_wconf 78' lang='lat' dir='ltr'><strong>aqqretereror.</strong></span> <span class='ocrx_word' id='word_1_339' title='bbox 730 3523 816 3595; x_wconf 82' lang='lat' dir='ltr'><strong>itque</strong></span> <span class='ocrx_word' id='word_1_340' title='bbox 836 3521 864 3579; x_wconf 89' lang='lat' dir='ltr'><strong>id</strong></span> <span class='ocrx_word' id='word_1_341' title='bbox 884 3537 920 3579; x_wconf 81' lang='lat' dir='ltr'><strong>ex</strong></span> <span class='ocrx_word' id='word_1_342' title='bbox 940 3537 974 3579; x_wconf 78' lang='lat' dir='ltr'><strong>err</strong></span> <span class='ocrx_word' id='word_1_343' title='bbox 988 3523 1073 3584; x_wconf 80' lang='lat' dir='ltr'><strong>etiam</strong></span> <span class='ocrx_word' id='word_1_344' title='bbox 1087 3536 1172 3593; x_wconf 88' lang='lat' dir='ltr'><strong>appa.-</strong></span> 
     </span>
     <span class='ocr_line' id='line_1_40' title="bbox 129 3605 1174 3682; baseline 0 -22"><span class='ocrx_word' id='word_1_345' title='bbox 129 3611 190 3676; x_wconf 87' lang='lat' dir='ltr'><strong>ret,</strong></span> <span class='ocrx_word' id='word_1_346' title='bbox 207 3609 280 3680; x_wconf 91' lang='lat' dir='ltr'><strong>qnod</strong></span> <span class='ocrx_word' id='word_1_347' title='bbox 300 3621 364 3682; x_wconf 66' lang='lat' dir='ltr'><strong>&#39;rurs</strong></span> <span class='ocrx_word' id='word_1_348' title='bbox 380 3608 414 3664; x_wconf 88' lang='lat' dir='ltr'><strong>ud</strong></span> <span class='ocrx_word' id='word_1_349' title='bbox 431 3609 584 3678; x_wconf 73' lang='lat' dir='ltr'><strong>rependam</strong></span> <span class='ocrx_word' id='word_1_350' title='bbox 600 3607 683 3664; x_wconf 88' lang='lat' dir='ltr'><strong>aliern</strong></span> <span class='ocrx_word' id='word_1_351' title='bbox 707 3609 847 3663; x_wconf 71' lang='lat' dir='ltr'><strong>desorata</strong></span> <span class='ocrx_word' id='word_1_352' title='bbox 869 3605 933 3663; x_wconf 85' lang='lat' dir='ltr'><strong>talis</strong></span> <span class='ocrx_word' id='word_1_353' title='bbox 948 3606 984 3664; x_wconf 90' lang='lat' dir='ltr'><strong>sit</strong></span> <span class='ocrx_word' id='word_1_354' title='bbox 999 3609 1125 3677; x_wconf 74' lang='lat' dir='ltr'><strong>opertet,</strong></span> <span class='ocrx_word' id='word_1_355' title='bbox 1143 3607 1174 3661; x_wconf 92' lang='lat' dir='ltr'><strong>ut</strong></span> 
     </span>
     <span class='ocr_line' id='line_1_41' title="bbox 131 3691 1173 3772; baseline 0.004 -26"><span class='ocrx_word' id='word_1_356' title='bbox 131 3693 295 3751; x_wconf 88' lang='lat' dir='ltr'><strong>relationem</strong></span> <span class='ocrx_word' id='word_1_357' title='bbox 312 3701 339 3752; x_wconf 91' lang='lat' dir='ltr'><strong>ct</strong></span> <span class='ocrx_word' id='word_1_358' title='bbox 354 3695 481 3753; x_wconf 88' lang='lat' dir='ltr'><strong>ordinem</strong></span> <span class='ocrx_word' id='word_1_359' title='bbox 500 3694 662 3768; x_wconf 80' lang='lat' dir='ltr'><strong>conspicere</strong></span> <span class='ocrx_word' id='word_1_360' title='bbox 680 3695 775 3772; x_wconf 73' lang='lat' dir='ltr'><strong>prrtssit.</strong></span> <span class='ocrx_word' id='word_1_361' title='bbox 792 3693 869 3761; x_wconf 79' lang='lat' dir='ltr'><strong>Orrod</strong></span> <span class='ocrx_word' id='word_1_362' title='bbox 884 3693 1025 3764; x_wconf 84' lang='lat' dir='ltr'><strong>sensibus,</strong></span> <span class='ocrx_word' id='word_1_363' title='bbox 1038 3691 1087 3766; x_wconf 91' lang='lat' dir='ltr'><strong>qui</strong></span> <span class='ocrx_word' id='word_1_364' title='bbox 1102 3691 1173 3750; x_wconf 83' lang='lat' dir='ltr'><strong>ideis</strong></span> 
     </span>
     <span class='ocr_line' id='line_1_42' title="bbox 130 3775 1172 3851; baseline 0.003 -21"><span class='ocrx_word' id='word_1_365' title='bbox 130 3775 340 3837; x_wconf 82' lang='lat' dir='ltr'><strong>uniuersalibus</strong></span> <span class='ocrx_word' id='word_1_366' title='bbox 354 3779 555 3851; x_wconf 83' lang='lat' dir='ltr'><strong>destituuntur,</strong></span> <span class='ocrx_word' id='word_1_367' title='bbox 573 3787 649 3836; x_wconf 83' lang='lat' dir='ltr'><strong>certe</strong></span> <span class='ocrx_word' id='word_1_368' title='bbox 666 3796 720 3836; x_wconf 57' lang='lat' dir='ltr'><strong>erran</strong></span> <span class='ocrx_word' id='word_1_369' title='bbox 736 3779 879 3850; x_wconf 72' lang='lat' dir='ltr'><strong>erumpe-tit,</strong></span> <span class='ocrx_word' id='word_1_370' title='bbox 897 3779 945 3836; x_wconf 83' lang='lat' dir='ltr'><strong>sed</strong></span> <span class='ocrx_word' id='word_1_371' title='bbox 962 3777 1078 3836; x_wconf 83' lang='lat' dir='ltr'><strong>rationis</strong></span> <span class='ocrx_word' id='word_1_372' title='bbox 1092 3777 1172 3834; x_wconf 90' lang='lat' dir='ltr'><strong>dum·</strong></span> 
     </span>
     <span class='ocr_line' id='line_1_43' title="bbox 134 3859 1172 3938; baseline 0.003 -22"><span class='ocrx_word' id='word_1_373' title='bbox 134 3865 212 3917; x_wconf 78' lang='lat' dir='ltr'><strong>maai</strong></span> <span class='ocrx_word' id='word_1_374' title='bbox 226 3869 268 3920; x_wconf 83' lang='lat' dir='ltr'><strong>eet</strong></span> <span class='ocrx_word' id='word_1_375' title='bbox 283 3863 437 3936; x_wconf 87' lang='lat' dir='ltr'><strong>propriora.</strong></span> <span class='ocrx_word' id='word_1_376' title='bbox 454 3865 524 3926; x_wconf 79' lang='lat' dir='ltr'><strong>Gom</strong></span> <span class='ocrx_word' id='word_1_377' title='bbox 544 3864 632 3938; x_wconf 78' lang='lat' dir='ltr'><strong>igitur</strong></span> <span class='ocrx_word' id='word_1_378' title='bbox 651 3863 763 3923; x_wconf 82' lang='lat' dir='ltr'><strong>culmus</strong></span> <span class='ocrx_word' id='word_1_379' title='bbox 785 3859 895 3935; x_wconf 81' lang='lat' dir='ltr'><strong>corpmi</strong></span> <span class='ocrx_word' id='word_1_380' title='bbox 909 3871 1033 3936; x_wconf 77' lang='lat' dir='ltr'><strong>praestet</strong></span> <span class='ocrx_word' id='word_1_381' title='bbox 1045 3869 1074 3920; x_wconf 83' lang='lat' dir='ltr'><strong>et</strong></span> <span class='ocrx_word' id='word_1_382' title='bbox 1088 3859 1172 3923; x_wconf 74' lang='lat' dir='ltr'><strong>rade</strong></span> 
     </span>
    </p>
   </div>
   <div class='ocr_carea' id='block_1_3' title="bbox 0 0 1388 4492">
    <p class='ocr_par' dir='ltr' id='par_1_5' title="bbox 0 0 1388 4492">
     <span class='ocr_line' id='line_1_44' title="bbox 0 0 1388 4492; baseline 0 0"><span class='ocrx_word' id='word_1_383' title='bbox 0 0 1388 4492; x_wconf 95' lang='lat' dir='ltr'><strong> </strong></span> 
     </span>
    </p>
   </div>
  </div>
 </body>
</html>
