2767 4492
527 350 606 399 runis
624 350 766 400 naculum
1115 335 1167 399 tot

116 446 178 503 test.
197 436 339 508 Tandem,
363 435 520 498 belluinam
534 439 613 497 illam
629 438 718 497 vitam
735 436 860 498 bominis
879 434 1005 497 maxime
1024 436 1168 513 propriam

115 542 176 588 esse
187 525 297 598 statuit3
314 529 342 583 et
356 531 451 583 tamen
465 525 632 583 universum
643 540 734 597 genus
746 524 833 582 huma
843 540 913 582 narn
930 524 965 582 ab
975 539 1009 582 ea
1018 522 1168 581 recessisse

116 614 229 670 latetur.
240 611 297 669 llae
312 610 476 683 similesque
487 609 677 668 absurditates
691 608 792 683 ipsam
808 608 986 682 hypothesim
997 608 1168 666 intrinsecus

115 696 255 767 alliciunt,
267 709 299 751 ac
315 695 370 752 sibi
385 710 442 752 non
454 700 583 752 constare
598 694 813 765 demonstrant3
832 698 864 751 ut
875 694 1001 750 omittam
1013 693 1169 751 carentiam

115 782 274 841 absolutam
291 780 418 839 cuiusvis
433 778 627 845 fundamenti.
652 795 709 853 que
729 779 834 837 saltem
850 778 1011 848 verisimilis
1026 778 1169 835 reddenda

118 877 187 924 erat.
203 865 348 925 Eiusmodi
366 864 454 937 igitur
467 864 580 923 reiectis
594 864 679 938 nugis
694 864 731 923 ad
753 862 901 924 veritatem
916 861 1168 921 constabiliendam

116 968 275 1013 veniamus.

545 1119 739 1185 Pnovosrrro.

403 1290 495 1353 Homo
509 1294 625 1354 socialis
641 1302 680 1354 eat
696 1303 812 1355 oraturo
826 1307 892 1353 auo.

155 1462 215 1522 tta.
230 1460 316 1522 Prob.
333 1462 357 1522 l.
375 1480 410 1523 ear
422 1465 500 1538 sacto
515 1464 587 1540 ipso.
604 1465 675 1525 llam
695 1464 805 1539 ubique
820 1470 960 1523 terrarum
974 1460 1059 1522 bomo
1074 1461 1169 1538 aliqua

118 1550 261 1620 societate,
274 1548 338 1622 plus
351 1550 483 1609 minusve
497 1552 632 1624 perlecta,
650 1550 694 1609 vel
711 1551 813 1622 etiam,
826 1549 850 1608 si
865 1550 951 1621 lubet,
967 1548 1089 1607 barbara
1104 1566 1169 1607 con-

117 1634 230 1692 tinetur.
242 1634 338 1708 Neque
353 1635 382 1692 id
398 1641 527 1694 recenter
542 1637 629 1693 babet
643 1636 805 1709 originem,
824 1636 872 1693 sed
887 1648 952 1693 cum
969 1634 1038 1707 ipsis
1050 1634 1168 1691 lrumaui

116 1720 229 1793 generis
240 1718 402 1791 primordiis
417 1721 500 1793 plane
516 1721 708 1779 contunditur.
727 1722 794 1779 llam
807 1720 899 1793 quoad
911 1719 1073 1792 longissime
1089 1735 1169 1799 prae-

117 1802 190 1861 teriti
209 1804 343 1876 temporis
357 1805 527 1862 memoriam
541 1818 708 1864 revocamus
724 1809 752 1862 et
767 1804 1024 1861 vetustissimarum
1040 1808 1167 1861 aetatum

116 1895 304 1945 monumenta
324 1884 517 1961 consulimus,
540 1889 687 1948 bominem
709 1887 792 1949 initio
812 1888 843 1946 iu
862 1888 1016 1947 domestica
1037 1887 1170 1946 societate

118 1977 255 2044 creatum,
273 1972 407 2045 deinceps
423 1974 668 2032 succrescentibus
684 1973 804 2032 familiis
820 1988 931 2046 semper
947 1972 1043 2031 sociali
1057 1971 1169 2031 vinculo

117 2056 283 2115 adstrictum
297 2059 497 2131 conspicimus.
518 2060 646 2117 iamvero
661 2060 775 2116 facturn
792 2059 965 2127 universale,
984 2062 1167 2135 perpetuam,

117 2146 267 2214 constans,
288 2156 345 2199 non
364 2142 478 2199 aliunde
498 2135 566 2201 oriri
586 2140 695 2215 potest,
722 2142 778 2200 nisi
803 2158 839 2200 ex
860 2142 1033 2201 ineluctabili
1054 2152 1209 2216 propen-'
1271 2154 1274 2161 ·
1366 2156 1369 2163 ’

117 2224 197 2281 sione
210 2231 339 2282 naturae.
356 2224 428 2297 Ergo
442 2226 530 2287 bomo,
543 2242 599 2283 uon
616 2242 728 2299 segrex
744 2233 771 2284 et
784 2228 935 2299 solitarius,
951 2228 998 2285 sed
1016 2227 1126 2286 socialis
1143 2234 1171 2287 et

118 2308 154 2364 ad
172 2308 333 2365 convictum
349 2324 415 2365 cnm
437 2310 532 2366 allisa
547 2316 651 2367 natura
672 2312 818 2368 ordinatus
832 2328 894 2369 esse
908 2312 1045 2370 dicendus
1061 2320 1112 2371 est.
1131 2314 1171 2372 ild

117 2406 179 2449 rem
190 2392 410 2451 VictorCousin:
428 2418 439 2443 ι
456 2394 572 2461 Quando
585 2394 680 2451 dicitis
699 2396 844 2452 borninem
857 2402 958 2452 natura
969 2412 1021 2453 sua
1037 2398 1169 2455 socialem

121 2500 132 2527 ι
150 2492 207 2534 non
222 2493 293 2551 esse,
310 2494 360 2536 vos
374 2478 555 2553 lappotbesim
570 2479 720 2537 inducitis.
732 2481 765 2536 rlt
780 2494 919 2551 quaenam
935 2481 1110 2551 experientia
1125 2484 1170 2541 ius

121 2585 133 2614 a
149 2563 230 2621 vobis
240 2564 377 2635 elargitur
389 2565 552 2622 allirmandi
569 2564 725 2622 bominem
736 2564 770 2621 ad
782 2564 944 2622 societatem
956 2564 1107 2623 ineundam
1120 2568 1171 2624 rui-

121 2670 132 2698 «
150 2648 228 2706 nime
242 2649 324 2723 rapi‘l
335 2650 409 2707 Addo
420 2651 520 2708 etiam:
537 2650 646 2723 ecquod
662 2650 769 2707 iactum
786 2650 821 2707 ad
836 2650 998 2707 societatem
1013 2650 1169 2708 luvmauam

121 2756 132 2783 «
150 2733 181 2790 iu
195 2732 315 2791 dubium
329 2736 518 2792 revocandam
532 2742 701 2806 argumenta
717 2734 900 2807 suppeditat?
911 2733 1018 2805 Cavete,
1035 2748 1070 2790 ne
1086 2734 1170 2793 bomo

120 2838 132 2867 ι
150 2817 213 2889 ille,
231 2833 316 2889 quem
335 2818 454 2876 laetatu
470 2820 592 2877 naturali
612 2818 785 2877 constituitis
804 2823 958 2890 antequam
978 2816 1090 2875 socialis
1106 2833 1169 2876 eva·

122 2922 132 2950 ι
150 2901 210 2973 dat,
231 2916 287 2958 non
303 2916 386 2959 verus
404 2903 491 2960 bomo
506 2904 555 2961 sed
574 2919 626 2961 ens
647 2903 790 2977 quoddam
807 2902 925 2960 rationis
943 2902 988 2961 sit.
1011 2902 1169 2975 lleprelven·

122 3006 132 3034 ι
151 2984 268 3042 distisoe
282 3002 408 3058 unquam
425 2992 558 3044 naturam
573 2988 737 3045 humanam
753 3002 784 3045 se
800 2986 868 3045 alibi
887 3003 972 3061 quam
992 2988 1021 3045 in
1037 2989 1170 3047 societate

122 3092 133 3119 ι
151 3069 345 3128 evolventem?
357 3070 519 3129 bilieventia
536 3080 709 3145 temporum,
723 3073 858 3143 lucorum,
870 3072 997 3146 stipitum
1008 3074 1170 3132 diversitate

122 3177 133 3205 ι
150 3154 266 3226 quidem
281 3155 376 3227 aliqua
394 3155 567 3228 principium
582 3156 750 3214 socialitatis
767 3156 877 3228 affecit,
901 3157 1049 3231 eidemque
1064 3159 1169 3217 lormas

122 3260 133 3288 ι
150 3237 224 3295 inter
238 3255 268 3296 se
284 3239 477 3313 discrepantes
489 3242 635 3315 impertiit.
649 3241 703 3299 Sed
725 3241 896 3315 principium
907 3242 1045 3301 eiusmodi
1060 3242 1112 3301 sub
1127 3243 1169 3301 bi-

123 3342 134 3373 «
155 3336 202 3381 sce
212 3323 398 3384 varietatibus
412 3332 531 3401 semper
545 3327 645 3399 viguit,
658 3342 814 3400 omnesque
829 3328 984 3386 contrarios
994 3334 1111 3387 conatus
1126 3346 1169 3387 su·

123 3410 277 3482 «paravit,
295 3415 323 3467 et
338 3410 500 3486 obstacula,
524 3417 663 3490 quotquot
677 3417 880 3483 necatrreruut,
900 3412 1035 3471 edomuit.
1057 3414 1084 3471 Si
1099 3414 1169 3472 lente

123 3518 133 3544 a
152 3494 310 3565 obscurari,
329 3497 440 3567 quoties
460 3498 646 3556 memoranda
663 3496 806 3570 quaedam
824 3496 969 3555 innovatio
986 3499 1117 3571 corrupit,
1136 3514 1169 3556 ac

124 3602 135 3628 α
153 3580 210 3636 lere
223 3579 351 3651 extingui
367 3580 395 3637 in
407 3580 591 3640 dissolutione
603 3582 699 3655 aliqua
715 3581 842 3653 generali
859 3582 950 3638 visuvn
963 3590 1018 3655 est3
1036 3598 1102 3639 mox
1119 3583 1168 3640 ite·

124 3688 135 3713 α
151 3678 217 3721 rum
232 3663 362 3736 apparuit
372 3680 445 3722 nova
456 3667 571 3739 quidem
586 3666 719 3724 indutum
739 3666 841 3733 torma,
854 3666 904 3723 sed
917 3664 998 3739 longe
1013 3668 1169 3740 potentiore

124 3770 135 3797 a
152 3762 186 3804 ac
200 3748 349 3821 sanctiore,
366 3764 454 3822 quarn
469 3758 544 3822 ante,
559 3751 587 3809 vi
602 3752 774 3824 praeditum.
789 3750 865 3817 Ovvod
882 3765 945 3809 cum
962 3752 1001 3810 ita
1016 3754 1061 3825 sit,
1079 3754 1169 3812 eritne

125 3854 135 3881 α
154 3833 202 3904 qui
217 3831 289 3891 mibi
303 3833 347 3891 ius
362 3834 468 3892 adimat
482 3835 623 3893 inferendi
639 3831 784 3893 bominem
797 3839 899 3893 natura
909 3852 961 3894 sua
976 3838 1108 3918 socialem
1126 3854 1168 3897 es·

125 3939 135 3967 a
154 3916 201 3975 se‘l
218 3917 350 3993 Factum,
371 3920 447 3994 quod
467 3936 579 3995 semper
597 3919 746 3993 elabique
765 3920 967 3993 reproducitur
984 3922 1012 3982 ia
1034 3924 1169 3984 omnibus
