2767 4492
228 271 280 335 l58
434 275 438 285 “
560 278 954 329 usrsrsrstcaesunnsnrs

227 372 300 431 lihet
313 368 581 446 apprehensionem,
598 367 734 440 mecedo;
745 365 839 440 quoad
851 379 915 423 rem
930 363 1023 438 ipsam
1033 367 1083 422 aut
1097 362 1213 438 plenam
1221 362 1285 424 eius

228 456 376 528 notitiam,
396 471 478 528 nepo.
503 449 760 522 Quemadmodum,
777 449 845 507 licet
862 465 900 508 ex
920 463 1019 508 rerum
1040 454 1202 508 creatarum
1221 449 1283 508 ssi·

229 540 335 600 stentia
349 540 456 597 inferre
464 537 660 598 ratiocinando
670 535 799 610 cogimur
814 532 998 594 existentiam
1007 535 1067 610 liei,
1079 534 1129 607 qui
1138 533 1232 607 prima
1244 533 1282 594 sit

227 623 396 685 earumdem
409 639 510 697 ceusa3
522 626 619 680 emen
633 619 811 694 apprehendi
825 619 954 678 absolute
968 627 1088 694 possunt
1097 633 1143 677 res
1153 623 1276 691 creatae,

229 709 300 784 quin
319 707 405 767 simul
426 705 655 782 apprehendatur
668 705 758 763 lleus:
781 705 824 763 sic
842 718 1017 778 quamquam
1035 719 1073 762 ex
1090 701 1282 777 possiolhtate

228 809 329 853 rerum
343 792 478 856 devenire
492 795 602 866 oportet
616 789 652 849 ad
664 789 793 848 divinam
807 793 940 848 naturam
951 793 979 847 et
992 787 1184 861 intellectum,
1201 785 1284 846 cuius

228 879 301 938 ideis
315 879 366 939 ille
380 878 555 949 continetur3
571 881 668 934 tamen
678 875 723 934 ias
737 879 780 934 est
793 874 869 934 hauc
883 874 1107 948 apprehendere,
1124 874 1194 948 quin
1204 872 1280 932 Deus

228 979 288 1023 una
302 964 380 1023 illico
398 961 638 1036 apprehendatur.
654 960 759 1018 Verum
779 959 833 1017 hoc
851 958 975 1018 ostendit
992 975 1051 1018 non
1071 974 1134 1017 essa
1154 959 1203 1016 hic
1219 973 1283 1015 mu-

231 1055 312 1107 tuam
327 1045 536 1106 connexionem
547 1045 640 1118 quoad
649 1057 766 1102 omnem
780 1043 960 1118 concipiendi
973 1043 1101 1116 modum,
1111 1055 1172 1100 nou
1186 1047 1283 1100 sutem

232 1132 326 1207 quoad
348 1137 481 1191 naturam
498 1130 592 1203 ipsam
611 1132 639 1187 et
657 1127 877 1202 dependentiam
895 1127 926 1185 in
945 1143 986 1186 re.
1003 1129 1102 1187 Utrum
1122 1141 1187 1186 vero
1208 1127 1281 1185 heeo

229 1218 317 1291 adsit,
334 1215 484 1276 ratiocinio
497 1213 696 1287 vestigandum
710 1218 766 1286 est,
784 1227 841 1271 non
855 1211 980 1286 simplici
994 1211 1220 1286 apprehensione
1233 1211 1276 1270 in·

233 1301 381 1361 tuendum.
798 1319 802 1326 ·

265 1386 354 1445 Ohiic.
370 1385 414 1444 lll.
431 1384 593 1446 Intellectus
608 1384 694 1442 etiem
710 1383 825 1442 divinus
840 1382 974 1457 supponit
991 1382 1221 1456 obiectumuon
1236 1382 1277 1440 la-

232 1470 280 1530 cit.
290 1470 362 1544 Ergo
376 1468 662 1544 possibillaallivino
676 1467 778 1526 saltem
792 1467 938 1526 intellectu
948 1467 1072 1540 pendere
1081 1481 1139 1524 non
1150 1471 1278 1540 possunt.

264 1555 349 1630 Resp.
367 1553 439 1613 llirt.
455 1554 524 1611 Ant.
544 1551 705 1610 lntellectus
722 1551 837 1610 divinus
857 1551 992 1625 supponit
1011 1549 1154 1609 obiectum
1175 1551 1281 1623 prima·
1379 1607 1380 1630 2

230 1638 317 1711 rium,
333 1638 411 1711 quod
425 1637 462 1696 sit
475 1636 696 1695 fundamentum
710 1639 869 1694 ceterarum
884 1636 1024 1709 idearum,
1037 1651 1115 1694 coco.
1124 1655 1134 1708 ,·
1143 1635 1282 1694 secunda·
1379 1643 1380 1648 ’

224 1723 318 1795 rium,
334 1722 459 1780 subdist.
475 1722 610 1796 supponit
623 1721 804 1794 virtualiter,
821 1726 853 1779 ut
867 1721 957 1794 aiunt,
974 1725 1115 1795 quatenus
1129 1719 1160 1778 in
1174 1720 1281 1794 prima·

233 1806 276 1864 rio
291 1805 389 1879 aliqua
401 1805 511 1864 ratione
526 1805 715 1876 contineatur,
732 1819 808 1864 coco.
816 1824 827 1879 ;
841 1805 980 1880 complete
994 1809 1023 1864 et
1033 1801 1096 1863 ism
1111 1804 1236 1879 perfecte
1250 1805 1281 1863 iu

233 1905 264 1948 se
279 1891 474 1964 constitutum,
489 1906 571 1966 nepo.
652 1940 659 1946 .

263 1974 303 2034 De
317 1979 412 2034 mente
427 1975 524 2034 dimne
543 1991 610 2033 cum
633 1976 793 2049 loquumur,
810 1976 917 2050 duplex
937 1975 1076 2049 distingui
1095 1975 1180 2034 debet
1203 1974 1280 2034 obie-

229 2066 324 2120 ctum:
339 2060 519 2134 primarium,
537 2061 612 2134 quod
627 2061 705 2120 aliud
719 2075 776 2120 non
791 2067 844 2134 est,
860 2061 917 2120 nisi
931 2062 1054 2136 ipsamet
1068 2061 1120 2120 liei
1138 2061 1277 2134 esseutis;

230 2151 259 2205 et
274 2146 485 2220 secundarium,
502 2147 618 2227 quodin
629 2147 717 2206 rebus
729 2148 830 2206 ceteris
841 2163 858 2205 o
868 2149 925 2207 lieo
935 2147 1077 2206 distinctis
1091 2147 1216 2220 positum
1226 2151 1278 2204 est

230 2231 315 2289 Porro
330 2230 473 2304 primum,
490 2247 557 2290 cum
567 2231 609 2288 ‘sit
620 2231 702 2290 uelut
715 2231 890 2305 principium
904 2237 932 2290 et
945 2232 1095 2291 exordium
1110 2230 1280 2304 cognitionis

229 2314 336 2388 omnis,
355 2315 546 2388 cognitionem
566 2315 696 2378 divinam
717 2315 817 2374 ordine
834 2316 981 2389 praecedit
996 2317 1127 2388 omniuo,
1148 2331 1201 2374 nec
1221 2313 1279 2375 ullo

227 2405 310 2474 pacto
325 2416 343 2458 a
356 2400 407 2458 Dei
420 2405 517 2458 mente
530 2400 655 2474 pendere
671 2400 732 2459 diei
746 2407 847 2474 potest.
863 2402 897 2459 ht
910 2401 1041 2474 alterum,
1054 2405 1150 2475 utpote
1164 2401 1240 2474 quod
1251 2401 1279 2460 vl

226 2484 357 2558 primarii
375 2484 564 2558 percipiatur,
581 2500 652 2557 opus
670 2499 729 2543 non
749 2489 840 2544 estut
858 2491 924 2544 ante
947 2486 1079 2544 divinum
1101 2485 1278 2544 intellectum

229 2569 341 2641 explete
351 2575 380 2626 et
388 2569 472 2642 plene
486 2568 647 2642 praecedat,
659 2569 709 2626 sed
720 2569 826 2628 sullicit
836 2576 867 2628 ut
876 2571 1026 2643 praecedat
1036 2569 1183 2644 implicite,
1196 2576 1280 2644 prout

229 2652 325 2726 aliquo
335 2651 419 2710 modo
429 2652 460 2709 in
469 2651 607 2725 primerio
621 2653 792 2726 continetur,
805 2669 842 2712 ex
852 2654 935 2712 cuius
949 2655 1187 2728 contemplatione
1196 2669 1279 2714 meus

228 2736 327 2794 divina
342 2735 561 2794 tundamentum
577 2737 708 2810 accipiet.
727 2737 805 2806 Quod
821 2753 878 2812 quo
892 2739 1002 2798 ratione
1013 2738 1215 2812 explicandum
1229 2738 1276 2812 sit,

227 2820 358 2894 superius
376 2820 598 2880 enucleavimus.
614 2821 700 2880 Cuius
715 2822 757 2881 rei
772 2823 937 2897 exemplum
953 2823 1040 2882 etiam
1055 2823 1086 2882 ln
1100 2829 1195 2883 cresto
1209 2824 1277 2882 arti-

227 2905 280 2964 llco
294 2905 439 2979 videmus3
457 2905 507 2980 qui
522 2907 697 2971 semideam
711 2907 818 2982 opificii
841 2908 962 2966 alicuius
978 2908 1124 2981 efformet,
1141 2925 1199 2967 non
1214 2913 1279 2982 eget

226 2995 258 3047 ut
273 2991 343 3049 illud
357 2991 452 3064 ipsum
468 3007 539 3065 opus
560 2998 787 3066 praesupponat,
805 3009 887 3052 secus
906 3009 965 3052 non
984 2998 1059 3052 esset
1080 2994 1212 3052 inuentor
1227 2993 1278 3051 sed

226 3089 323 3134 merus
337 3076 479 3149 imitator3
492 3077 542 3135 sed
556 3077 584 3135 ei
599 3078 705 3136 suflicit
715 3084 747 3137 ut
757 3078 814 3136 alie
828 3079 923 3137 adsint
933 3078 1054 3151 obiecta,
1067 3094 1083 3138 e
1098 3078 1203 3152 qtuhus
1213 3093 1278 3136 con-

227 3161 397 3234 templandis
411 3161 447 3219 ad
460 3177 566 3221 notam
580 3162 676 3221 ideam
689 3163 910 3236 excogitandam
925 3163 1069 3223 deveniet.
1082 3165 1166 3223 Porro
1180 3177 1277 3236 respo

226 3248 275 3300 ctu
290 3245 416 3318 supremi
433 3246 560 3319 artificis,
575 3263 680 3320 nempe
690 3248 750 3320 liei,
766 3249 986 3308 fundamentum
1000 3249 1130 3308 omnium
1144 3248 1276 3306 idearum

226 3327 324 3386 divina
337 3331 461 3390 essentia
475 3337 613 3404 ostenae
628 3331 812 3405 praecellenti
827 3334 951 3406 eusdem
965 3335 1077 3393 ratione
1092 3333 1188 3393 omnis
1198 3347 1277 3392 com-

226 3413 369 3487 plectitur,
380 3420 479 3489 estque
493 3421 661 3489 prototypon
676 3417 751 3489 quod
767 3423 870 3490 colera,
883 3425 1020 3493 quotquot
1034 3425 1129 3478 ereata
1144 3423 1210 3477 sunt
1224 3422 1274 3475 aut

228 3498 320 3557 creari
333 3504 464 3574 pssunt,
481 3515 533 3574 pro
548 3515 600 3559 suo
614 3500 729 3559 modulo
744 3502 902 3562 imitentur.
920 3505 1056 3572 Quocirca
1070 3520 1129 3562 nou
1145 3503 1274 3562 diximus

227 3594 324 3638 rerum
344 3583 562 3657 possibilitatem
577 3585 613 3643 ab
632 3584 777 3644 intellectu
798 3586 995 3650 divinolunice
1016 3590 1155 3666 pendero,
1172 3588 1222 3647 sed
1237 3588 1274 3646 ah

228 3663 373 3725 intellectu
387 3668 473 3726 simul
487 3674 515 3728 et
529 3669 662 3728 essentie.
1296 3711 1302 3720 ·

245 3834 247 3837 Ι
264 3748 353 3808 Obiic.
364 3751 407 3809 lv.
423 3753 528 3813 Funus
542 3753 736 3828 contingentis
746 3755 1028 3820 conditionataiuuta
1037 3760 1186 3820 meliorem
1198 3759 1275 3818 theo·

228 3833 356 3907 logorum
370 3839 540 3900 sontemiam
553 3855 607 3914 per
625 3841 744 3901 modum
763 3845 878 3908 termini
898 3847 930 3908 iu
951 3863 982 3908 se
1001 3846 1119 3909 omnino
1138 3859 1275 3920 praesup-
