2767 4492
534 305 742 356 mrncnucrro
1141 297 1163 362 ‘r

117 393 277 459 cessitatem
294 387 378 454 hrrius
392 389 583 453 dictinctionis
597 395 807 470 inculcandam,
822 409 880 457 non
890 410 942 474 pro
950 397 1084 462 methodo
1100 406 1160 462 tan·

118 489 178 542 tum
193 479 358 554 disciplinae
374 480 546 551 tractandae,
562 479 611 538 sed
628 495 677 551 pro
693 480 791 538 sociali
806 481 881 542 bono
898 485 952 544 rlto
972 487 1160 560 procurando,

115 567 266 627 ridiculum
284 565 366 640 plane
380 569 432 624 cst.
449 563 482 622 Et
495 579 526 623 re
535 563 652 638 quidem
667 577 735 622 vcra
745 564 851 624 utilitas
864 565 1018 642 illaquam
1030 571 1092 644 ipse
1102 577 1163 630 lau-

116 657 211 728 topere
226 649 343 723 extollit,
360 649 532 723 impediendi
547 663 583 706 ne
599 647 691 707 civille
707 653 839 723 potestas,
856 649 887 708 in
911 651 957 724 ils,
974 669 1048 730 quae
1067 656 1102 713 ad
1118 656 1163 714 in·

115 735 247 794 terionem
263 733 407 794 hominem
423 739 560 808 spectant,
577 747 607 791 se
623 732 797 807 immiscect3
809 733 852 794 sic
866 737 1024 808 generatim
1039 739 1161 812 adserta,

115 819 222 880 iniusta
237 819 360 892 proiecto
379 823 422 877 est
441 824 469 877 et
488 819 638 876 enaritate
652 819 798 878 recedens.
823 819 893 879 llam
908 819 961 877 elai
975 821 1069 878 lorum
1084 836 1164 882 merc

115 903 260 962 internum
274 903 385 963 civilem
399 907 565 976 potestatam
574 902 701 976 effugiat,
714 903 929 978 compluresque
939 903 1025 961 etiarn
1039 905 1165 964 actiones

117 994 253 1048 externae
267 987 446 1062 reperiantur
460 1001 533 1061 quae
548 986 678 1060 politicae
693 987 793 1046 ditioni
808 1002 866 1046 nnn
883 987 1053 1060 subduntur,
1069 993 1166 1062 utpote

116 1087 189 1146 quae
203 1072 239 1130 ad
257 1071 386 1131 ordinem
401 1071 564 1142 religiosum
582 1071 626 1129 rel
641 1071 830 1129 domesticum
845 1071 891 1129 nel
906 1087 983 1130 mara
1004 1071 1166 1130 individua-

116 1155 171 1214 lem
188 1161 328 1229 spectent;
345 1161 450 1226 mmen,
471 1161 604 1227 utsupra
628 1154 698 1227 dixi,
721 1156 855 1213 constitui
870 1170 1051 1230 nequaquam
1073 1162 1166 1230 potest

117 1240 317 1298 nihilomnino
332 1240 368 1297 ad
377 1238 456 1296 illam
470 1239 506 1295 de
516 1237 551 1297 ile
562 1253 635 1312 quae
645 1238 790 1296 internum
805 1239 953 1298 hominem
966 1239 1088 1298 attinent
1102 1255 1165 1314 per·

118 1323 217 1381 tinere.
236 1323 264 1380 Si
279 1323 356 1380 enim
368 1321 460 1379 civilis
475 1327 599 1394 potestas
619 1337 675 1381 non
695 1338 813 1396 corpora
823 1323 952 1381 inanima
970 1324 1019 1382 sed
1035 1323 1166 1382 nomines

116 1405 269 1478 gubernat,
292 1405 434 1462 inlluxum
453 1411 528 1462 certe
547 1405 672 1477 aliquem
687 1405 717 1463 in
732 1405 778 1476 iis,
795 1421 869 1480 quae
884 1420 978 1464 morea
998 1407 1119 1466 attinent
1134 1413 1163 1463 et

115 1503 183 1547 cum
197 1489 354 1547 intentione
369 1486 514 1560 egentium
526 1489 706 1561 colligantur,
713 1495 838 1548 exercet.
849 1489 930 1548 iliud
941 1491 1019 1548 enim
1030 1495 1074 1548 est
1087 1488 1163 1564 quod

114 1573 284 1631 moralitatis
294 1571 454 1631 constitutio
469 1579 497 1632 et
512 1573 651 1632 iudicium
666 1574 703 1630 ad
718 1574 833 1632 civilem
847 1579 1016 1647 potestatem
1030 1589 1088 1632 non
1098 1589 1164 1648 spe-

115 1662 184 1728 ctet;
203 1654 280 1714 allud
290 1661 333 1714 cst
347 1655 432 1729 quod,
449 1651 617 1729 moralitatis·
632 1657 833 1716 constitutione
851 1663 880 1715 et
893 1657 998 1716 iudicio
1013 1673 1065 1732 per
1090 1673 1166 1716 com·

116 1745 260 1813 petentem
283 1740 479 1798 auctoritatem
506 1739 686 1814 subauditio,
713 1745 838 1813 nequeat
861 1740 954 1799 civilis
976 1747 1099 1815 potestas
1126 1741 1163 1800 ad

74 1857 79 1864 ·
115 1824 302 1884 moralitatem
331 1825 555 1884 conservandam
575 1831 602 1883 el
626 1826 760 1884 urendam
780 1825 936 1899 quidquam
957 1827 1095 1885 conicrre.
1121 1827 1164 1886 Si·

120 1914 168 1967 cut
187 1909 264 1967 aliud
279 1915 323 1967 est
344 1909 419 1982 quod
444 1923 546 1982 corpus
560 1923 617 1968 nnn
637 1909 736 1982 gignat
757 1908 902 1981 animum,
931 1908 1008 1967 aliud
1029 1909 1165 1985 estquod

116 1991 210 2050 animo
233 1993 321 2050 semel
335 1993 521 2051 iulurmatum
535 1993 575 2051 nii
594 1999 715 2066 praestet
729 1993 843 2051 influxu
857 2009 908 2052 suo
928 1993 965 2052 cd
981 1999 1070 2054 totum
1085 2010 1161 2054 com-

116 2075 240 2148 positum
263 2075 422 2133 humanum
447 2076 477 2133 in
498 2076 557 2133 vita
579 2077 769 2135 retinendum.
793 2077 848 2135 Nec
870 2077 1034 2137 delinitione
1057 2079 1105 2137 illa
1126 2079 1168 2138 iu-

115 2159 166 2231 ris,
183 2173 269 2232 quam
285 2159 392 2216 dirrens
410 2159 545 2231 obtrudit,
562 2159 591 2217 ld
607 2161 682 2233 quod
698 2159 776 2234 cupit
786 2161 955 2235 assequitur.
971 2163 1040 2221 Nam
1051 2163 1165 2222 etiamsi

118 2243 164 2301 ius
180 2243 372 2306 collocaretur,
389 2247 419 2300 ul
434 2243 495 2318 ipse
511 2243 581 2311 vrrll,
601 2244 631 2302 in
646 2244 856 2304 conditionibus
872 2261 923 2306 seu
938 2247 1041 2306 mediis
1055 2247 1167 2308 homini
1185 2251 1191 2262 '

117 2326 151 2384 cd
167 2339 287 2400 scopum
296 2325 463 2385 rationalem
480 2327 677 2400 attingendum
692 2329 874 2403 necessariis3
892 2331 1087 2400 nihilominus,
1100 2345 1167 2390 cum
1269 2345 1274 2353 ·

116 2425 219 2486 scopus
234 2411 280 2468 iric
291 2411 322 2469 in
339 2425 449 2469 morum
464 2409 611 2470 honestate
627 2411 672 2471 vei
688 2412 764 2471 bono
781 2413 876 2488 aliquo
892 2414 1034 2473 consimili
1048 2431 1166 2488 repono·
1268 2478 1272 2490 ,

116 2499 171 2568 tur,
189 2495 280 2554 civilis
295 2501 426 2569 potestas,
444 2495 474 2554 in
485 2495 547 2558 iure
558 2498 736 2570 procurando
751 2501 779 2556 et
789 2499 990 2572 promovendo,
1003 2497 1166 2570 aliquomo-

116 2579 153 2638 do
168 2593 261 2639 mores
277 2581 353 2654 ipsos
367 2585 396 2638 et
410 2582 630 2640 conoscientiam
644 2581 770 2656 respicit.
787 2583 883 2656 Neque
897 2583 932 2639 od
947 2579 1165 2640 concitandum

119 2672 251 2737 reponat:
273 2679 391 2738 scopum
411 2665 579 2724 rationalem
602 2667 727 2726 hominis
741 2667 773 2724 in
785 2665 946 2724 evolutione
961 2663 1110 2722 indefinita
1123 2665 1164 2722 ln-

117 2747 263 2820 cuitntum,
280 2748 388 2807 acivili
408 2751 574 2809 auctoritate
592 2750 713 2808 minime
728 2739 915 2821 dependente,
933 2747 1164 2806 constituendum
1254 2747 1260 2756 “

118 2844 189 2888 esse.
202 2832 269 2888 llam
280 2832 410 2902 quamvis
420 2833 449 2889 id
460 2834 583 2904 daretur,
596 2847 653 2890 uun
665 2838 760 2890 tamen
774 2832 841 2890 inde
855 2831 956 2890 flueret
966 2831 1011 2889 ius
1021 2831 1057 2888 ab
1069 2831 1163 2890 ethica

116 2927 231 2985 prorsus
245 2913 402 2970 dissociari.
419 2913 564 2974 Eiusmodi
575 2915 653 2971 enim
668 2913 792 2971 evolutio
806 2927 873 2971 cum
887 2930 905 2972 c
918 2920 1021 2973 natura
1033 2915 1164 2974 ordinata

115 2994 161 3066 sit,
173 2995 209 3052 cd
224 2995 406 3053 inlronestum
421 2995 564 3052 obiectum
579 2993 665 3068 dirigi
679 2997 799 3054 minime
818 3003 923 3071 potest3
940 2999 1067 3057 maxime
1084 3014 1161 3072 cum,

115 3077 177 3152 ipso
197 3077 305 3136 ihrens
325 3077 440 3150 intente,
467 3079 615 3137 rationalis
640 3095 704 3138 esse
722 3080 833 3140 debeat
851 3083 967 3141 Publica
988 3083 1074 3158 igitur
1092 3084 1163 3144 iuris

115 3161 278 3220 constitutio
289 3161 438 3234 invigilare
455 3163 579 3237 prolecto
593 3162 729 3224 debetne
744 3165 870 3224 Societas
885 3167 921 3224 ad
935 3166 1027 3243 turpia
1040 3167 1164 3225 declinet

115 3244 238 3318 oblectem
257 3250 315 3304 tuin
330 3261 378 3304 eas
393 3247 569 3307 conditiones
579 3255 713 3322 procuret
727 3265 843 3308 necesse
858 3257 909 3323 est,
922 3266 995 3326 quae
1005 3249 1159 3309 evolutioui

115 3327 282 3388 facultatum
307 3329 497 3390 humanarum
511 3333 552 3390 ita
566 3333 765 3406 respondeant,
783 3340 814 3392 ut
826 3333 881 3392 hae
901 3333 949 3394 dui
965 3351 983 3394 ε
1002 3340 1105 3393 natura
1118 3335 1162 3393 in·

116 3417 192 3473 tento
202 3413 307 3488 optirne
323 3417 580 3476 accommodentur.
599 3418 690 3488 erarc
704 3418 848 3478 iniluxum
862 3411 978 3478 scrutare¹
1000 3419 1161 3478 considera-

116 3499 210 3574 tione,
234 3515 306 3573 quae
325 3501 362 3558 ad
371 3498 547 3562 honestatem
558 3503 702 3578 publicam
724 3505 879 3578 relocatur,
902 3503 1028 3576 separari
1041 3503 1161 3562 minime

118 3589 218 3655 pateat.

151 3667 273 3728 landem
288 3685 382 3730 assem
398 3670 540 3745 duplicem
556 3671 768 3734 distinctionem
782 3673 857 3733 inter
867 3673 913 3732 lus
926 3678 1045 3732 naturae
1059 3677 1088 3733 et
1101 3687 1160 3734 mc·

115 3750 203 3808 ralem
224 3754 373 3814 scientiam
393 3757 566 3829 probabilem
590 3759 687 3818 videri.
709 3761 802 3819 Prima
820 3759 851 3818 in
874 3776 907 3819 eo
921 3760 1068 3832 reponitur
1082 3758 1159 3833 quod

115 3835 236 3896 neuntio
254 3841 378 3900 moratis
396 3843 542 3904 homiuem
560 3845 720 3906 consideret
739 3851 823 3920 prout
845 3844 992 3906 individua
1017 3845 1159 3920 quaedam
