2767 4492
570 297 645 362 rans
664 295 757 345 rarus
1150 283 1181 344 31

129 388 308 468 quaeritur,
321 387 455 447 dilucido
465 385 626 462 capiunto.
639 384 751 460 liupiex
761 385 856 443 antem
865 398 883 442 a
892 381 1100 444 recentioribus
1110 395 1185 440 oom-

129 471 263 533 muniter
274 475 339 548 po‘st
352 470 524 532 Leibnitinm
541 471 660 552 proponi
671 471 757 529 solet:
774 486 833 529 nna
846 484 929 543 qnae,
945 469 986 528 rei
997 466 1112 527 natione
1125 472 1185 524 tan-
1244 465 1249 475 '

130 561 191 616 tum
203 549 361 631 illustrata,
384 557 448 616 ear'n
464 571 521 615 nnn
538 557 662 615 declaret
675 571 738 614 esse
753 555 927 630 possibilem,
948 559 1032 627 atque
1048 553 1122 610 hanc
1136 566 1185 609 nn

125 641 282 723 otiantem
297 643 458 719 appeliant3
482 641 579 723 altera,
597 657 669 718 quae
679 647 792 716 praeter
807 645 984 714 conceptum,
1004 637 1046 696 rei
1064 634 1184 712 possibi-

125 725 245 787 litatem
268 727 357 786 etiam
374 725 518 810 enhibeat
537 725 663 786 indicata
681 719 791 786 ratione
805 741 861 800 qna
871 724 950 802 gigni
965 721 1014 782 ilia
1028 721 1125 798 possit,
1144 724 1186 803 at7

125 809 187 887 'que
204 807 290 872 lianc
308 813 418 872 roniun
438 813 483 872 vei
502 813 589 871 etiam
608 809 770 886 portaticum
788 811 937 870 nominant
953 810 977 867 ⁴.
999 807 1060 881 Sic,
1086 819 1185 864 eornm

126 897 292 982 sententia,
314 899 363 974 qni
380 896 518 956 circulum
530 896 678 957 definiret:
696 897 831 972 fiprtrnm
844 890 1186 972 punmdnmpinnnmin

124 979 361 1056 occidentatem,
381 983 466 1042 cuius
484 982 586 1040 omnin
602 989 715 1060 puncto
734 997 825 1060 neque
843 981 954 1039 ducant
971 995 991 1038 n
1007 974 1115 1056 puncto
1133 974 1186 1033 nli

128 1067 194 1158 'quo
215 1062 384 1158 intercepto,
404 1053 833 1148 is'deiiniiione'm'nnminaiem
851 1067 1008 1141 praeberet.
1024 1063 1073 1122 Sin
1089 1054 1188 1120 nonna

126 1141 287 1224 circulum¹
300 1144 423 1212 diceret?
441 1148 575 1227 fipurom
593 1167 628 1210 es
644 1159 728 1210 motu
745 1150 963 1224 dioecesanae,
981 1164 1038 1208 sese
1055 1147 1138 1208 circo
1155 1145 1188 1219 d

125 1231 211 1326 curn
228 1233 378 1324 punctum
391 1237 539 1320 contentis,
556 1237 590 1296 in
602 1238 692 1317 pinon
710 1235 895 1312 descriptam,
913 1237 1108 1296 definitionem
1127 1247 1188 1292 rea-

126 1317 352 1400 iem'etiic'erpt.
419 1321 422 1329 '
519 1327 523 1334 '

169 1409 207 1467 tt
222 1409 299 1467 mihi
316 1421 491 1482 quamquam
511 1405 654 1466 distinctio
673 1405 769 1484 aliqua
789 1405 918 1465 iacienda
932 1406 1044 1466 ridetur
1058 1407 1132 1464 inter
1144 1403 1189 1463 de

129 1493 307 1573 finitionem
325 1506 398 1573 qnae
419 1496 585 1564 conceptum
602 1490 653 1566 rei,
676 1496 705 1550 et
719 1505 791 1562 eam,
807 1506 888 1565 ,qnae
904 1488 945 1550 rei
960 1490 1087 1565 genesim
1102 1489 1191 1563 expli·

130 1574 192 1651 cat,
213 1576 394 1652 superiorem
410 1575 693 1635 tamen'nnminalem
708 1574 851 1650 appellare
862 1591 919 1635 non
929 1577 1036 1652 piacet;
1054 1581 1112 1634 tum
1124 1573 1192 1648 qnia

128 1659 177 1728 'sic
198 1651 261 1724 va
281 1662 392 1722 deesset
407 1654 511 1720 idonea
527 1660 563 1718 ad
582 1659 778 1720 definitionem
795 1661 981 1734 innuendam,
998 1675 1070 1738 qnae
1085 1661 1126 1718 rei
1142 1653 1191 1718 noss

130 1731 205 1830 ineu
222 1738 361 1822 exponit}
382 1751 442 1805 tum
458 1746 545 1826 etiam
560 1745 627 1822 quia
642 1745 709 1805 hinc
726 1761 796 1806 ansa
806 1746 923 1806 daretur
936 1745 1130 1806 confundendi
1144 1744 1191 1804 de-

130 1835 297 1906 finitiones,
313 1829 386 1912 quae
402 1847 508 1891 nomen
518 1837 628 1890 tantum
646 1832 689 1892 rei
704 1831 876 1907 describunt,
899 1847 966 1891 cum
976 1833 1023 1906 iis,
1036 1848 1110 1906 qnae
1124 1846 1190 1889 con-

131 1924 258 1994 ceptum
277 1917 371 1994 ipsum
386 1916 586 1991 complicatum
597 1932 648 1991 per
658 1916 846 1991 simpliciores
857 1917 1098 1990 evolvuntideas3
1116 1915 1190 1995 qnod

129 2018 292 2082 perperam
311 2003 412 2061 iecisse
428 2001 540 2062 videtur
555 1999 684 2063 Lockins.
702 2001 839 2072 Quocirca
849 2001 1057 2078 aliquantutum
1067 2001 1134 2062 hinc
1150 2017 1191 2060 re·

133 2089 244 2150 cedere
258 2093 481 2148 consentaneum
495 2087 600 2161 indico,
618 2093 703 2162 atque
717 2088 813 2147 locum
827 2089 967 2149 eiusmodi
982 2087 1087 2148 clarius
1102 2102 1135 2146 ac
1149 2085 1191 2146 di·

134 2170 276 2234 stinctin's
297 2171 425 2254 deiinire.

165 2255 226 2318 tt.
239 2257 309 2315 Corn
323 2256 418 2330 itaque
427 2257 525 2331 quaeri
535 2257 624 2332 possit
634 2262 683 2316 ant
692 2257 761 2332 quid
770 2259 808 2318 sit
817 2274 920 2320 nomen
932 2274 994 2335 rem
1007 2258 1133 2334 aliquam
1143 2258 1191 2316 de

137 2343 274 2418 signans,
293 2347 341 2399 ant
354 2341 422 2415 quid
437 2343 473 2400 sit
486 2342 548 2416 ipsa
563 2359 609 2403 res
623 2343 668 2402 vei
682 2350 836 2418 conceptus
857 2345 973 2404 nomine
988 2351 1102 2418 patens3
1122 2343 1191 2402 defi-

140 2427 218 2514 nitio
237 2429 268 2491 in
283 2425 463 2486 nominatam
478 2429 646 2506 dispescitur
660 2435 688 2490 et
702 2429 820 2490 realem.
832 2431 950 2490 ilianim
966 2430 1104 2502 nominis,
1121 2429 1191 2488 haec

138 2512 185 2576 rei
202 2518 337 2572 naturam
347 2517 375 2572 et
388 2514 532 2574 notionem
547 2515 691 2575 describit.
704 2516 763 2574 lam
777 2532 844 2576 vero
858 2516 986 2576 definitio
1001 2514 1127 2573 nominis
1143 2512 1192 2572 tri-

138 2597 212 2678 plici
228 2599 336 2674 ratione
352 2599 449 2672 perfici
464 2606 564 2678 potest.
581 2601 723 2675 Primum,
740 2599 951 2677 interpretando
973 2617 1090 2662 sonsum
1111 2599 1189 2659 vocis

141 2699 181 2742 ex
196 2681 404 2744 consuetudine
418 2689 447 2744 et
461 2702 514 2746 usu
528 2685 692 2761 communi,
710 2692 741 2745 nt
759 2687 783 2746 si
798 2687 893 2748 dicas:
909 2687 952 2748 sol
965 2695 1006 2746 est
1020 2695 1138 2746 nstrum
1155 2683 1191 2745 tt-

141 2765 207 2839 oni,
231 2769 311 2844 qnod
331 2785 445 2828 accuso
465 2787 633 2846 rccnsuquc
652 2787 706 2830 sun
726 2771 804 2830 diem
823 2782 876 2832 not
892 2782 1005 2832 noctem
1025 2772 1122 2848 efficit.
1142 2771 1192 2830 De·

140 2853 212 2932 inde
227 2855 397 2930 explicando
412 2870 518 2915 nomen
527 2871 565 2914 ex
579 2854 748 2929 enmoiogia
758 2857 913 2929 aurigine,
924 2863 956 2914 nt
966 2857 991 2914 si
1007 2857 1102 2914 dieas:
1117 2855 1192 2912 tineo-

143 2937 228 3015 iopio
242 2947 282 2998 est
295 2953 390 2998 scruto
404 2941 438 2998 tio
450 2939 513 3012 Deo,
525 2945 553 2997 et
570 2937 713 3014 providus
728 2946 767 2994 cst
785 2940 875 3010 quasi
885 2939 990 3012 procul
1004 2939 1115 2996 videns.
1136 2937 1189 2996 De-

143 3024 237 3096 nique
252 3024 287 3094 si,
297 3021 344 3082 his
357 3024 479 3094 omissis,
496 3025 625 3080 sumatur
640 3033 744 3078 nomen
758 3020 840 3093 quasi
857 3035 943 3080 sonus
953 3020 1129 3094 indidemne,
1142 3021 1191 3082 de·

145 3105 329 3180 clareturqne
343 3104 411 3180 quid
427 3121 477 3181 per
496 3104 591 3178 ipsum
611 3099 765 3177 significari
780 3103 855 3177 velit,
873 3112 905 3162 nt
919 3105 944 3164 si
959 3105 1054 3165 dicas:
1070 3107 1191 3171 nominc

146 3189 430 3266 noturnc‘inteiiipo
448 3188 632 3266 principium
651 3185 827 3264 operationis
847 3189 1010 3249 internum.
1034 3191 1123 3269 itque
1147 3210 1194 3270 po

147 3283 257 3336 strema
272 3275 357 3349 haec,
374 3275 540 3349 praesertim
555 3289 620 3333 cum
635 3289 735 3334 nomen
752 3291 857 3350 vagum
872 3281 921 3334 ant
935 3276 1067 3352 ancipitis
1082 3277 1192 3353 signiti-

148 3367 231 3422 catus
245 3361 386 3434 inciderit,
398 3359 463 3420 usui
477 3375 540 3420 esse
551 3360 622 3420 solet
635 3376 722 3436 quam
735 3360 863 3420 maxime
874 3362 909 3421 ad
919 3377 1029 3437 pugnas
1039 3364 1192 3424 verbomm

151 3446 291 3506 vitandas.
308 3446 365 3508 Nisi
380 3447 458 3506 enim
468 3453 534 3506 anta
548 3447 705 3512 constiterit
715 3447 784 3522 quid
799 3447 915 3507 nomine
924 3448 966 3508 rei
976 3450 1193 3523 intettigendurn

151 3532 205 3607 sit,
225 3533 390 3608 disceptatio
412 3533 521 3593 incerta
543 3534 597 3595 erit
610 3541 639 3593 et
654 3532 726 3592 nihii
746 3534 906 3609 proficiens.
931 3536 1076 3596 cavendus
1097 3543 1192 3597 tamen

153 3623 196 3676 est
210 3617 316 3678 abusus
330 3631 396 3678 vere
410 3618 620 3694 intolerandus,
636 3634 693 3693 qno
706 3620 825 3678 nomina
841 3619 903 3678 ianr
915 3621 1102 3680 determinata
1116 3618 1193 3696 apud

157 3879 186 3930 dp
200 3805 211 3853 i
227 3807 283 3859 Vide
297 3806 431 3858 dannenstu
445 3809 539 3860 inArtc
552 3809 745 3870 innonatur»,
755 3810 772 3858 i.
785 3810 808 3858 ὅ.
825 3809 951 3872 spuere
964 3813 1056 3861 Wnttu
1071 3813 1099 3862 ric
1113 3811 1198 3860 mtto·

197 3886 366 3934 mathematico.
402 3885 404 3890 ’
938 3917 942 3923 -
