2767 4492
208 415 245 477 31
537 427 766 474 murmuramus
782 425 931 473 senonum

242 516 304 575 lam
317 529 387 575 uero
404 514 548 573 rnundum
566 529 624 574 non
638 529 701 572 esse
717 528 768 572 ens
782 510 977 572 necessarium
1000 511 1050 568 sed
1069 509 1255 585 contingens,

112 591 138 619 ’·
208 598 346 672 perfacile
367 597 507 657 iudicium
528 603 580 656 est.
597 597 708 655 Etenim
729 611 781 656 ens
799 596 1005 667 necessarium,
1025 597 1121 668 utpote
1137 596 1214 668 quod
1228 595 1258 654 ui

210 697 280 741 suae
297 688 417 741 naturae
432 687 548 756 exstat,
568 698 626 741 non
646 681 792 741 existendi
816 680 1001 755 capacitatem
1016 678 1133 737 omniuo
1147 685 1256 754 negat,

208 772 295 839 atque
309 766 392 824 aliter
410 780 441 824 se
455 765 562 824 babere
582 780 642 825 uon
655 771 757 840 potest.
774 763 921 838 Repugnat
934 763 1011 822 enirn
1030 767 1062 820 ul
1080 777 1137 821 non
1153 761 1192 821 sit
1207 770 1257 822 aut

207 864 240 908 se
255 849 337 908 aliter
349 849 463 909 babeat.
480 851 607 910 Esseulia
621 851 699 909 enim
718 851 780 908 aius
795 848 914 908 involuit
929 847 1129 915 existentiam,
1146 847 1256 906 omnia-

208 949 264 1006 que
282 933 313 993 in
331 933 394 1008 ipso
412 950 450 994 ex
467 936 570 995 intima
588 935 618 994 ui
635 941 755 994 naturae
779 933 957 1009 proveniunt.
984 932 1111 1005 Itemque
1130 932 1256 1006 simplex

150 1056 154 1069 .
208 1017 326 1078 omnino
336 1025 418 1078 astet
429 1020 554 1093 trudique
564 1019 731 1078 mutationis
746 1035 863 1093 exprers3
881 1023 941 1076 turn
951 1015 1064 1076 infinita
1078 1016 1182 1090 gaudet
1193 1033 1256 1090 per·

207 1103 343 1176 lectione,
366 1104 539 1163 cuinullum
559 1104 769 1164 incrementum
782 1103 827 1163 uel
841 1103 1055 1162 decrementum
1071 1100 1136 1159 lieri
1150 1107 1264 1175 potest:

206 1188 354 1246 1111111
367 1202 451 1247 nemo
470 1188 571 1263 estqui
584 1204 642 1248 uon
656 1189 766 1257 videat,
783 1187 926 1246 mundum
941 1201 999 1245 non
1014 1185 1099 1244 modo
1110 1185 1258 1258 perlectio-

205 1270 293 1330 nibus
310 1272 356 1330 bis
370 1271 502 1346 destitui,
523 1288 624 1332 vemm
638 1273 725 1332 etiam
743 1287 843 1332 earum
862 1271 981 1332 omniuo
1001 1271 1150 1331 contrariis
1166 1269 1256 1330 conti-

205 1357 280 1416 neri.
295 1357 368 1432 Ergo
381 1357 460 1417 hunc
469 1360 630 1418 necessario
640 1358 812 1418 existentem
821 1357 944 1432 opinari,
961 1357 1090 1432 desipere
1105 1361 1147 1415 est
1163 1355 1256 1414 omni-

205 1456 245 1500 no
258 1457 292 1500 ac
304 1443 404 1502 mutuo
418 1445 577 1519 pugnantia
591 1445 741 1518 complecti
756 1443 850 1502 simul.
867 1443 899 1500 lit
909 1457 978 1501 sane
994 1457 1067 1516 quae
1085 1455 1252 1517 repugnan-

205 1526 246 1586 tia
259 1527 291 1585 11
305 1529 407 1587 mundi
426 1543 484 1588 nou
498 1529 651 1588 existentia
665 1543 696 1587 se
705 1528 811 1602 prodit,
828 1543 894 1586 cum
909 1527 987 1586 nullo
1002 1527 1099 1601 modo,
1117 1532 1149 1586 ut
1167 1539 1258 1600 supra

200 1610 282 1684 dixi,
299 1611 331 1669 in
345 1612 447 1670 muudi
460 1612 526 1671 idea
540 1612 692 1670 existentia
706 1612 902 1684 contineatur,
914 1613 1064 1686 ipsumque
1078 1627 1136 1670 nou
1154 1617 1255 1671 extan-

203 1699 262 1753 tem
275 1696 373 1754 animo
388 1695 540 1770 concipere
554 1696 718 1754 valeamus?
735 1697 788 1754 lut
803 1711 876 1769 quae
892 1696 1060 1771 simplicitas
1068 1697 1101 1756 iu
1116 1701 1195 1756 tanta
1212 1711 1258 1755 re·

203 1793 271 1837 rum
284 1779 483 1853 distinctione,
500 1780 675 1852 diremitate,
692 1780 883 1854 oppositione,
900 1781 1167 1856 coagmentatione,
1189 1795 1256 1840 con-

206 1863 297 1936 gerie,
313 1865 439 1937 partium
460 1865 627 1938 quantitate,
644 1865 824 1924 successione
843 1859 963 1940 reperiri
978 1871 1027 1925 aut
1043 1866 1111 1940 lingi
1126 1877 1258 1939 unquam

207 1949 318 2020 potest?
337 1947 376 2007 Ile
391 1949 621 2008 immutabilitate
634 1965 702 2008 uero
721 1955 750 2008 et
767 1950 944 2009 infinitarum
958 1951 1164 2025 perfectionum
1182 1965 1258 2010 com·

205 2031 296 2104 plexu
317 2032 385 2106 quid
399 2034 513 2099 dicam?
531 2049 612 2107 cum,
628 2034 708 2092 omni
722 2034 939 2112 inuestigatione
956 2041 1113 2110 summota,
1135 2037 1197 2110 ipso
1211 2035 1259 2095 vel

209 2121 326 2188 aspectu
347 2117 507 2176 sentiantur
525 2132 667 2191 perennes
686 2117 778 2186 vices,
798 2133 869 2192 quas
888 2119 1011 2178 mrrudus
1034 2120 1065 2179 lu
1085 2120 1147 2179 dies
1162 2119 1255 2194 subit,

207 2201 271 2257 tum
283 2201 427 2260 nabuales
446 2201 574 2261 delectus
598 2217 631 2261 ac
646 2202 752 2262 limites
771 2203 876 2277 quibus
899 2204 1026 2278 singulae
1042 2205 1105 2264 aius
1119 2207 1214 2280 partes
1229 2207 1258 2264 at

210 2285 286 2341 totus
299 2285 421 2357 proinde
434 2286 512 2346 orbis
527 2287 793 2347 circumscribitur?
808 2287 897 2363 Atque
912 2289 1000 2358 haec,
1017 2301 1090 2363 quae
1104 2290 1139 2348 de
1149 2289 1258 2349 mundo

208 2367 349 2443 dicimus,
365 2369 457 2430 multo
473 2373 566 2445 magis
580 2387 631 2446 pro
649 2372 741 2446 ipsius
756 2374 888 2446 materia,
905 2389 977 2446 quae
992 2374 1055 2448 plus
1069 2373 1184 2448 quidem
1202 2375 1256 2433 irn·

205 2451 332 2525 perlecta
346 2453 500 2528 minusque
515 2455 645 2515 absoluta
658 2457 725 2516 duci
736 2458 829 2526 debet,
839 2463 906 2517 sunt
920 2457 1051 2516 valitura.
1069 2459 1160 2526 Quare
1171 2460 1196 2518 si
1207 2457 1257 2518 de·

202 2537 310 2595 mentis
326 2543 370 2596 est
383 2539 525 2599 mundum
539 2541 617 2600 hunc
628 2541 766 2602 iniectum
776 2543 902 2617 opinari,
918 2541 1009 2601 multo
1024 2543 1071 2602 ille
1085 2543 1254 2616 dementior,

204 2619 340 2693 quiquod
358 2623 465 2682 mundo
475 2630 589 2698 propter
598 2625 661 2684 eius
671 2626 899 2686 imbecillitatem
913 2626 999 2686 tribui
1008 2627 1116 2702 nequit,
1132 2627 1256 2686 idmun-

208 2702 238 2762 di
251 2706 388 2765 materiae
403 2707 587 2767 tribuendum
603 2709 799 2770 arbitraretur,

242 2787 351 2848 Deinde
366 2790 407 2850 sic
423 2791 527 2852 iterum
541 2799 743 2867 argumentor:
760 2795 917 2855 lluudanus
932 2797 1000 2856 ordo
1017 2812 1134 2856 cansam
1148 2796 1250 2870 habet3

206 2874 290 2946 ltqui
305 2876 405 2950 nequit
418 2877 487 2937 ordo
503 2878 604 2937 muudi
618 2893 737 2938 causam
750 2880 871 2956 habere,
888 2882 943 2940 nisi
958 2883 1019 2956 ipse
1033 2882 1172 2954 muudus,
1185 2897 1257 2956 quo·

204 2957 241 3016 ad
255 2959 404 3018 materiam
419 2963 494 3021 unde
508 2969 635 3037 constat,
646 2965 684 3023 sit
697 2980 748 3024 ens
757 2966 941 3041 productum3
959 2966 1030 3042 Ergo
1045 2968 1172 3026 mundus
1182 2982 1256 3040 qun-

207 3039 245 3100 ad
258 3043 409 3102 materiam
423 3045 499 3104 nude
514 3053 624 3106 constat
637 3049 796 3122 productus
814 3056 866 3112 est.

244 3125 278 3184 lit
291 3143 375 3201 sane,
392 3128 583 3203 pulcherrima
597 3131 676 3199 haec,
687 3149 786 3194 rernm
803 3135 968 3210 dispositio,
986 3141 1136 3212 tantusque
1151 3152 1253 3196 causa·

147 3287 150 3290 ,
206 3224 273 3268 rum
287 3211 412 3272 inuicem
428 3214 623 3288 oolligatarum
636 3233 744 3292 nexus,
762 3234 817 3293 qno
833 3221 865 3279 lit
879 3227 911 3280 11
924 3221 1036 3296 singula
1050 3238 1135 3282 suum
1154 3221 1252 3281 locum

208 3298 337 3368 teneant,
354 3297 497 3371 aequabili
505 3304 585 3358 motu
597 3301 753 3360 incitentur
763 3304 835 3363 etad
844 3321 929 3365 suum
938 3321 1068 3381 quaeque
1077 3312 1106 3366 11
1121 3321 1259 3373 commu·

208 3391 278 3462 uem
292 3380 421 3440 omnium
442 3383 529 3443 111111
550 3385 684 3444 sineulla
700 3387 913 3460 perturbatione
932 3391 1072 3464 ferantur,
1094 3389 1255 3450 indubium

210 3466 269 3556 est,
285 3465 355 3538 quin
369 3467 496 3540 aliquam
510 3484 626 3528 causam
640 3471 799 3544 etquidem
813 3473 1018 3548 intelligentem
1033 3475 1188 3550 postulent.
1208 3475 1257 3532 01-

210 3545 394 3610 11111111111
408 3555 437 3611 11
451 3554 609 3627 sapientem
625 3555 900 3616 administrationem
915 3559 1031 3618 nonnisi
1041 3576 1058 3618 a
1068 3561 1178 3619 ratione
1191 3574 1258 3633 pro-

210 3627 302 3690 ficisci
316 3634 379 3706 ipsa
392 3636 464 3696 duce
479 3643 508 3696 et
525 3639 661 3712 magistra
675 3645 778 3699 natura
792 3641 941 3718 docemur3
961 3659 1014 3704 nec
1035 3645 1188 3720 quisquam
1209 3649 1254 3704 cst

210 3717 271 3773 tam
291 3717 387 3793 rudis,
403 3721 453 3794 qui
467 3723 574 3783 nedum
597 3724 653 3784 sibi
670 3725 842 3798 persuadere
864 3728 914 3787 sed
929 3728 975 3788 vel
989 3729 1131 3804 suspicari
1146 3729 1255 3803 possit,

211 3813 284 3894 opus
297 3801 450 3865 artificiose
465 3806 606 3880 digestum
620 3815 649 3868 11
659 3808 766 3871 affabre
776 3811 951 3874 elaboratum
965 3830 1023 3874 non
1037 3812 1158 3874 consilio
1174 3819 1258 3872 etra-

211 3886 289 3978 trone
309 3885 444 3962 artificis,
460 3892 512 3949 sed
528 3894 684 3954 temeritate
706 3902 735 3955 et
750 3911 819 3956 casu
832 3899 920 3958 luisse
934 3899 1105 3960 conlectum.
1123 3899 1156 3956 nt
1170 3911 1255 3969 sana,

211 3982 238 4032 at
256 3967 375 4034 enectus
387 3972 482 4040 omma
494 3974 578 4043 debet
590 3992 661 4044 auae
677 3993 781 4043 causae
796 3997 967 4058 congruere,
983 3981 1209 4056 necquidquam
1224 3981 1257 4042 11
