2767 4492
614 295 744 350 srmone
1162 274 1202 350 '85

156 386 288 470 gitiorom
303 385 444 467 plectendi
460 391 536 448 sunt.
554 387 632 457 Oued
646 389 734 447 etiam
749 387 785 446 ’11
802 387 857 447 alio
872 385 992 463 emergit
1005 387 1112 465 eapite,
1130 405 1200 465 qoa-

157 487 239 539 tenus
253 478 349 554 pravis
360 475 494 552 operibus
508 490 567 534 non
582 475 667 534 mode
685 473 780 532 finem
795 476 1036 548 contempserant,
1053 473 1203 534 sedetiam

156 565 276 639 positive
291 563 422 626 ordinem
437 558 649 637 perturbarunt.

487 731 651 796 Solvuntur·
673 702 867 809 difficultates.

192 905 236 970 51.
253 905 344 970 Obiic.
362 901 561 969 lllxereitium
576 905 689 968 virtutis
707 906 800 966 multa
817 905 894 965 bena
911 899 1092 980 comitantur,
1116 900 1200 966 niml·

154 1007 218 1054 rum
233 995 366 1070 splendor
380 995 504 1052 etdeeus
515 1008 571 1066 quo
582 992 670 1052 virtus
687 991 849 1052 subiectum
860 995 997 1065 exornat;
1013 989 1195 1064 excellentia,

156 1095 243 1154 qoam
260 1078 407 1138 inducitin
422 1079 568 1151 animum3
585 1074 718 1136 valetudo
727 1081 755 1135 et
765 1082 842 1151 epea,
854 1091 925 1150 quas
934 1091 1019 1151 saepe
1029 1075 1127 1149 adert3
1138 1091 1198 1134 ma-

154 1165 302 1236 ximopere
322 1178 380 1238 pax
401 1167 429 1220 et
450 1161 657 1220 iucundissima
676 1161 867 1221 conscientiae
891 1160 1091 1235 tranquillitas,
1107 1175 1124 1217 a
1142 1175 1199 1233 qua

154 1261 304 1320 nunquam
316 1245 494 1306 dissociatur.
508 1247 582 1305 Haec
593 1246 680 1320 igitar
687 1245 787 1305 baberi
794 1251 926 1320 poterunt
934 1244 1047 1304 virtutis
1054 1243 1196 1318 praemia3

154 1333 224 1405 quin
240 1331 359 1404 sanctio,
381 1345 455 1404 quae
471 1330 589 1390 alteram
603 1331 692 1389 vitam
706 1329 853 1404 respiciat,
871 1329 1047 1389 obtrudatur.
1064 1329 1199 1388 Similiter
1219 1351 1227 1359 ·

155 1429 281 1488 congrua
295 1415 468 1489 flagitiorum
493 1431 585 1489 poena
609 1416 664 1474 erit
678 1430 768 1488 anger
786 1419 814 1472 et
836 1415 969 1473 stimulus
988 1413 1132 1486 internus,
1149 1414 1199 1487 qni

154 1499 267 1559 assidue
282 1499 454 1572 flagitiosum
470 1499 600 1558 animum
616 1506 743 1574 terquet3
765 1499 910 1573 torpitudo
924 1499 987 1572 ipsa
1001 1497 1077 1569 vitii3
1093 1498 1199 1572 passio-

154 1600 226 1643 num
241 1585 393 1658 tumuttns;
407 1584 482 1643 vitae
497 1583 638 1657 brevitas,·
653 1589 738 1658 atque
747 1583 804 1644 alia
818 1583 958 1643 eiusmodi
965 1583 1050 1656 mata,
1062 1598 1135 1656 quae
1145 1583 1199 1642 eri·

153 1669 266 1726 minum
281 1673 347 1726 eunt
360 1661 540 1742 pedissequa.

189 1753 270 1827 Ilesp.
287 1753 455 1812 Haeeetiam
466 1753 643 1813 sanctionem
658 1753 785 1829 aliquam
799 1753 989 1828 constituant,
1006 1753 1122 1814 sednon
1138 1771 1200 1830 per·

154 1837 257 1896 tectam
273 1842 301 1896 et
315 1837 439 1912 plenam,
457 1837 550 1913 quatis
565 1837 600 1896 ab
616 1839 827 1897 ordinaveram
843 1845 872 1897 et
890 1839 1032 1913 sapientia
1046 1838 1143 1897 divina
1158 1854 1201 1898 re-

153 1923 284 1996 quiritur.
301 1924 489 1996 Gonstituunt,
505 1923 633 1998 inquam,
651 1923 809 1982 sectionem
821 1924 963 1998 aliquam,
974 1924 1200 1998 quincumnen-

153 2009 233 2067 nulla
244 2024 282 2066 ex
296 2007 342 2066 his
357 2023 469 2082 semper
480 2013 508 2066 et
517 2013 620 2066 natura
634 2023 696 2082 sua,
714 2009 770 2067 alia
786 2023 872 2082 saepe
888 2023 939 2082 pro
953 2007 1090 2065 ordinatis
1103 2023 1201 2065 remm

154 2093 303 2151 eventibus
317 2091 453 2151 virtutem
468 2097 496 2149 et
509 2091 611 2150 vitium
627 2098 855 2166 consequentum
873 2092 1053 2150 divinaratie
1063 2097 1091 2150 et
1102 2091 1201 2150 volun·

156 2181 196 2235 tas
207 2192 241 2235 ea
251 2175 472 2235 etiamintendit
485 2176 677 2250 decrevitque.
689 2177 748 2237 Non
759 2176 934 2236 constituunt
947 2192 1015 2236 vere
1025 2175 1201 2235 sanctionem

153 2262 327 2335 pertertam3
345 2260 414 2334 quia
428 2259 459 2318 in
474 2261 575 2335 primis
594 2260 689 2336 aliqua
704 2277 742 2320 111
756 2261 835 2320 bisce
856 2260 948 2333 bonis,
966 2275 1039 2335 quae
1052 2261 1098 2320 vel
1111 2269 1200 2320 nete-

154 2343 235 2403 retio
259 2345 395 2403 dicuntur
411 2344 452 2418 (ut
467 2345 609 2418 valetudo,
627 2346 775 2420 ingenium
792 2351 820 2406 et
834 2344 890 2404 alia
904 2345 1064 2418 eiusmodi),
1083 2344 1128 2403 vel
1142 2347 1202 2418 ser·

155 2435 244 2488 turrae
257 2429 443 2490 nominantur
458 2429 500 2504 (nt
509 2444 585 2504 opes,
597 2431 688 2491 honor
703 2437 731 2489 et
744 2430 877 2504 similia),
894 2444 953 2487 non
971 2443 1085 2503 semper
1098 2428 1199 2487 virtuti

154 2515 312 2589 iunguntur
326 2529 380 2574 nec
393 2530 506 2590 semper
521 2531 538 2572 a
552 2515 621 2575 vitio
636 2522 820 2590 separantur;
839 2513 889 2572 sed
904 2511 1007 2571 saltem
1020 2511 1134 2584 utrique
1147 2527 1200 2584 pro

153 2601 433 2660 circumstantiarum
447 2600 584 2659 varietate
599 2607 666 2660 sunt
685 2599 863 2660 communia.
882 2597 1061 2669 Quamquam
1075 2593 1200 2655 dubitari

155 2685 309 2744 admodum
323 2693 420 2759 posset
435 2699 472 2743 an
487 2685 671 2758 inpraesenti
686 2690 762 2743 statu
776 2680 943 2754 temporatia
956 2679 1008 2750 illa¹
1019 2679 1095 2738 bona
1108 2680 1201 2753 magis

155 2769 264 2840 virtuti,
282 2785 369 2842 quam
380 2769 449 2827 vitio
465 2768 588 2826 faveant.

188 2850 295 2908 Deinde
308 2851 358 2908 itta
371 2851 458 2908 etiam
473 2850 557 2924 bena,
574 2867 647 2924 quae
661 2853 692 2910 tn
707 2852 760 2910 trac
774 2851 833 2910 vita
846 2848 985 2909 naturalis
1004 2849 1144 2926 quaedam
1158 2856 1188 2909 et

153 2935 315 2995 necessaria
328 2934 442 2993 virtutis
455 2937 616 2994 consecutio
630 2941 707 3009 sunt,
719 2942 805 3010 atque
819 2937 868 2995 illa
882 2935 969 3010 mala,
981 2951 1054 3010 quae
1064 2936 1198 2995 intrinse-

155 3035 205 3078 cus
220 3035 285 3078 cnm
299 3019 368 3078 vitio
384 3019 570 3094 copulantur,
588 3035 605 3078 a
619 3021 762 3094 perlectae
778 3021 933 3081 sanctionis
949 3027 1089 3095 conceptu
1102 3020 1197 3080 motti·

154 3104 222 3180 plici
236 3104 345 3163 ratione
360 3105 505 3164 deficiunt.
523 3106 594 3166 Nam
609 3105 721 3179 turpido
737 3105 827 3165 vitiis
842 3106 960 3181 perditis
975 3104 1149 3177 bominibus,
1162 3105 1199 3163 eb

155 3203 275 3263 pravum
289 3187 429 3260 habitum,
447 3204 532 3263 saepe
546 3205 604 3248 nen
621 3189 744 3264 amplius
758 3190 869 3250 horrori
879 3190 1013 3264 babetur3
1031 3195 1092 3248 tum
1112 3188 1199 3248 celari

155 3277 247 3349 potest
261 3289 294 3332 ae
308 3274 427 3332 mentita
439 3275 551 3334 virtutis
565 3281 642 3333 veste
657 3271 905 3350 obtegi'ttemqne
919 3275 1027 3334 stimuli
1048 3273 1196 3333 conscien-

156 3360 212 3419 tiae
226 3358 407 3418 assuetudine
423 3358 630 3432 ebtundnntur,
643 3375 676 3418 ac
692 3359 868 3433 voluptatum
883 3365 1043 3419 ceterarum
1058 3359 1140 3432 eopia
1150 3358 1200 3416 ob·

156 3451 288 3504 ruuntor.
305 3443 406 3502 Contra
421 3443 582 3504 iucunditas
596 3445 708 3504 virtutis
727 3458 932 3520 saepenumero
946 3449 1129 3519 superatura
1146 3447 1200 3501 tor·

157 3538 318 3590 mentorum
332 3529 460 3588 cruciatu
475 3536 503 3588 et
517 3529 692 3604 doloreque
707 3531 772 3605 quis
785 3531 918 3604 allicitur,
930 3545 996 3589 enm
1010 3545 1058 3588 ex.
1069 3545 1112 3602 gr.
1124 3543 1200 3587 ane·

158 3615 294 3675 lariorum
318 3613 469 3674 calumniis
486 3614 595 3672 lamam
611 3629 693 3674 suam
708 3615 856 3688 maculari,
873 3620 923 3674 aut
936 3631 954 3673 a
967 3614 1098 3674 violentis
1112 3618 1141 3672 et
1155 3629 1201 3671 ra·

158 3699 276 3771 pacibus
290 3713 352 3760 rem
361 3699 532 3759 familiarem
542 3699 707 3776 dilapidari,
719 3702 816 3762 necari
834 3707 925 3774 natos,
937 3693 1059 3758 uxorem
1069 3698 1142 3772 rapi,
1158 3713 1201 3757 se·

159 3797 214 3854 que
233 3783 262 3841 in
277 3799 421 3844 carcerem
443 3784 652 3846 tenebricosum
669 3786 753 3859 trudi,
770 3791 858 3861 atque
881 3785 970 3845 etiam
992 3782 1156 3864 truculenta
1171 3788 1201 3842 et

158 3865 307 3928 inhonesta
324 3875 415 3930 morte
430 3867 506 3930 attici
520 3867 637 3947 patitur.
