2767 4492
214 316 267 396 180
654 328 815 383 mensura
836 320 841 325 ’

208 422 331 495 demqtte
346 421 520 482 voluntatem
533 422 666 481 habeant.
684 422 761 480 ldem
774 419 861 494 igitur
875 418 1034 479 subiectum
1050 416 1155 479 inrium
1171 420 1259 495 alque

121 522 126 529 ·
210 506 389 580 oitlciomm,
414 508 452 567 ad
476 507 732 591 considerationem
754 505 893 565 moralem
918 505 993 581 quod
1018 506 1136 579 attinet,
1158 521 1261 566 revera

213 591 399 650 constituunt.

266 678 355 751 litque
367 676 435 737 binc
444 677 538 752 colligi
547 682 638 754 potest
647 677 719 737 iuris
733 675 846 736 socialis
857 676 946 736 ainre
959 674 1127 735 individuali
1141 674 1261 736 diversi-

213 768 267 823 tas.
289 761 348 822 Etsi
369 763 447 821 enim
469 763 547 822 idem
570 762 694 822 iustitiae
714 766 868 836 conceptus
888 762 1044 837 eademque
1068 762 1115 821 len
1139 768 1262 821 naturae

213 847 333 921 siugulis
356 847 519 915 bominibus
539 846 691 922 separatim
707 853 735 905 et
750 862 848 906 eorum
862 862 893 907 se
907 847 1077 906 sociantium
1101 847 1191 907 coetui
1211 862 1263 921 ap-

214 931 361 1007 plicetur,
388 931 575 991 nibilominus
596 931 756 1005 subiectum
779 930 923 989 diversum
947 937 1012 1003 est,
1043 936 1125 1005 pmut
1139 946 1263 1005 persona

212 1014 369 1091 pbpstcoa
387 1016 499 1075 umroli
512 1014 736 1100 discriminatur.
760 1015 854 1088 Unde,
871 1029 1045 1090 quamquam
1060 1030 1144 1089 saepe
1159 1014 1263 1074 eadem

214 1102 333 1161 omnino
357 1101 420 1161 iura
433 1108 462 1161 et
475 1100 571 1160 olltcid
585 1107 732 1175 emergant
746 1116 797 1175 pro
812 1101 945 1161 societate
960 1114 993 1159 ac
1008 1114 1059 1176 pro
1082 1098 1202 1173 siugulis
1220 1099 1264 1159 in·

214 1187 338 1247 dividuis
351 1188 471 1263 (quoties
480 1201 582 1261 nempe
591 1186 622 1245 in
632 1186 692 1245 sola
704 1185 835 1262 rationali
851 1192 953 1245 natura
966 1186 1148 1275 tundantur);
1166 1192 1263 1245 tamen

217 1288 285 1332 cum
300 1274 336 1331 ad
351 1280 483 1332 naturam
500 1272 673 1332 collectionis
697 1271 822 1346 plurium
837 1286 1022 1345 personarum
1046 1286 1097 1331 seu
1118 1271 1153 1329 ad
1167 1270 1265 1345 ipsam

217 1359 403 1430 societatem,
430 1358 557 1433 praeciae
582 1362 665 1431 prout
687 1356 807 1415 societas
829 1362 872 1415 est
894 1402 901 1424 ‚
926 1355 1082 1416 advertitur
1104 1355 1261 1429 cogitati03

217 1443 331 1502 diversa
352 1443 416 1502 iura
434 1447 463 1501 et
475 1442 571 1501 olllcia
593 1456 631 1499 ert
655 1441 704 1500 illa
727 1440 967 1515 prollciscuntnr,
999 1456 1073 1515 quae
1092 1440 1122 1500 in
1141 1457 1264 1515 persona
1374 1432 1375 1505 ἔ

217 1529 337 1604 pbgslca
360 1542 487 1586 seorsum
510 1526 638 1601 inspecta
660 1526 779 1585 minime
794 1526 968 1585 considerari
986 1532 1113 1600 possunt.
1138 1525 1204 1599 Sic,
1232 1532 1265 1584 ut

217 1613 383 1686 exemplum
398 1611 513 1686 aliquod
527 1612 654 1682 afferam,
671 1610 725 1669 boc
740 1609 801 1685 ipso
820 1611 895 1685 quod
911 1626 1031 1685 persona
1044 1610 1162 1686 pltysica
1177 1610 1265 1684 pluri·

216 1696 273 1757 bus
287 1712 344 1756 non
359 1698 517 1771 conflatur,
543 1697 672 1756 iuridicis
690 1696 875 1773 relationibus
889 1712 956 1756 cunt
980 1697 1100 1771 siugulis
1115 1696 1261 1771 partibus,
1373 1690 1375 1753 l

216 1782 323 1857 quibus
337 1787 455 1854 constat,
470 1797 528 1841 non
543 1782 686 1855 allicitur3
703 1782 782 1841 nulla
796 1782 874 1840 enim
888 1796 987 1840 earum
1006 1782 1169 1841 subiectum
1182 1782 1264 1841 iuris
1374 1778 1375 1857 j

216 1872 269 1925 est.
285 1868 318 1925 llt
331 1883 452 1941 persona
467 1866 591 1939 moralis,
609 1866 821 1941 cumpluribus
837 1866 963 1940 personis
977 1867 1130 1941 coalescat,
1147 1873 1264 1927 mutuas

215 1951 367 2011 relationes
383 1952 504 2009 morales
516 1952 592 2010 inter
606 1957 696 2010 totum
718 1958 746 2011 et
760 1960 854 2026 partes
867 1967 967 2011 revera
981 1952 1157 2026 suppeditat3
1178 1958 1264 2027 atque

216 2036 281 2095 ideo
294 2034 367 2094 iuro
384 2041 413 2094 et
425 2036 521 2110 officio
535 2036 652 2095 exhibet
666 2038 741 2097 inter
756 2052 823 2109 eos,
847 2037 897 2110 qul
912 2036 1075 2095 universam
1097 2037 1264 2097 societatem
1372 2036 1375 2055 ¹

216 2126 430 2194 repraesentant
452 2122 571 2196 eiusque
585 2120 822 2185 administrationi
847 2120 1019 2195 advigilent,
1043 2128 1128 2196 atque
1142 2136 1190 2182 eos
1212 2122 1264 2196 qui

216 2206 327 2282 privato
352 2206 510 2280 iunguntur
533 2222 651 2267 munere
674 2214 703 2266 et
727 2222 779 2269 ceu
801 2206 932 2266 membra
956 2206 1072 2267 socialia
1096 2206 1265 2283 simpliciter

217 2290 442 2350 considerantur.

273 2376 396 2436 Societas
420 2378 578 2450 generatim
602 2376 740 2437 dividitur
764 2378 794 2437 in
814 2377 977 2454 simplicem
1001 2384 1029 2438 et
1051 2380 1262 2455 compositum,

218 2469 303 2536 pmut
315 2462 402 2522 nullis
417 2470 467 2522 ant
481 2464 546 2523 allis
560 2464 720 2523 minoribus
742 2462 923 2523 societatibus
941 2464 1081 2524 coalescit.
1107 2466 1159 2525 Sed
1184 2482 1265 2539 prae·
1373 2472 1374 2475 ’

223 2546 307 2621 cipua
323 2549 434 2623 partitio
449 2548 571 2607 illaesae
585 2548 715 2623 videtur,
732 2564 789 2624 qua
803 2548 922 2609 societas
937 2550 966 2608 in
982 2550 1154 2626 completum
1172 2558 1201 2610 et
1220 2552 1266 2611 iu·

223 2632 395 2708 contpletcttt
417 2634 548 2693 distribui
566 2640 675 2709 potest,
701 2649 774 2707 quae
791 2640 846 2693 tota
862 2640 967 2709 quauta
981 2643 1054 2694 csta
1070 2637 1127 2695 line
1141 2637 1266 2695 desumi·

223 2726 277 2778 tnr.
294 2720 364 2778 llam
381 2720 507 2792 bonum,
533 2726 646 2793 propter
664 2719 740 2793 qnod
765 2725 862 2777 mutuo
877 2719 1021 2779 iuvamina
1048 2720 1265 2798 adipiscendum

221 2802 307 2862 bomo
321 2820 387 2863 cunt
402 2804 465 2863 aliis
480 2804 621 2877 sociatur,
647 2808 813 2877 potestesse
827 2802 872 2862 vol
886 2804 1107 2864 determinatum
1121 2807 1151 2864 in
1160 2806 1265 2881 aliquo

222 2890 359 2964 peculiari
373 2906 495 2961 genere,
526 2890 568 2949 vel
584 2890 728 2949 involvere
744 2895 833 2965 potest
846 2890 876 2948 ln
891 2904 942 2948 situ
957 2901 1095 2966 conceptu
1109 2894 1266 2966 quamdam

223 2976 484 3047 universalitatem,
500 2976 540 3035 itu
556 2983 586 3034 ut
603 2982 687 3035 tunm
703 2977 787 3036 veluti
802 2994 951 3053 personam
969 2980 1122 3038 humanam
1138 2992 1266 3039 omnem·

222 3074 278 3134 qne
293 3060 354 3119 eius
369 3061 541 3119 activitatem
556 3060 684 3131 attingat.
703 3062 731 3121 Si
749 3064 869 3136 primunt
886 3064 997 3137 accidit,
1015 3064 1135 3123 societas
1155 3064 1265 3123 incom-

221 3146 299 3220 pleta
314 3147 357 3205 vel
370 3146 498 3222 partialis
512 3146 640 3220 emergit,
658 3164 731 3222 nune
747 3164 802 3208 non
819 3149 955 3224 quidquid
971 3152 1004 3208 ad
1022 3150 1166 3209 bominem
1182 3147 1267 3223 perti-

224 3226 311 3299 tinet,
338 3230 387 3285 sed
402 3228 572 3301 peculiarem
599 3230 686 3286 linem
702 3228 756 3287 stbi
774 3230 918 3305 proponit3
940 3246 992 3289 nec
1012 3238 1097 3290 totam
1114 3232 1200 3289 vitam
1218 3232 1267 3291 bo·

223 3310 320 3383 minis,
337 3326 493 3385 omnesque
508 3312 571 3370 eius
590 3312 665 3371 vires
679 3314 713 3371 ad
734 3329 764 3371 se
778 3314 924 3387 convertit,
941 3316 989 3373 sed
1005 3316 1124 3389 gradum
1139 3314 1266 3390 aliquem
1370 3316 1371 3330 ¹

221 3396 371 3456 dumtaxat
386 3396 538 3456 activitatis
559 3398 816 3473 determinatamque
841 3401 966 3459 actiones
984 3402 1108 3475 respicit.
1120 3401 1266 3460 Eiusmodi

222 3488 289 3539 sunt
303 3497 349 3540 ex.
367 3498 409 3555 gr.
425 3482 545 3541 societas
559 3481 705 3555 litteraria,
722 3489 771 3542 aut
791 3482 963 3557 scientilloa,
981 3486 1080 3545 autad
1095 3484 1267 3545 industriam
1369 3524 1370 3547 t

223 3572 364 3641 spectans,
381 3566 509 3642 aliaeque
523 3566 694 3625 consimiles.
707 3566 756 3625 Sin
767 3575 860 3627 autem
871 3570 991 3629 alterum
1005 3571 1126 3643 eveniat,
1143 3571 1266 3630 societas

224 3650 364 3725 completa
378 3651 449 3725 erit,
466 3666 539 3728 quae
554 3667 610 3709 non
625 3652 661 3709 ad
677 3652 818 3727 peculiare
832 3653 938 3713 bonum
954 3655 1038 3714 sociis
1056 3657 1268 3729 procurandum
1368 3682 1369 3697 .

224 3735 412 3810 restringitur,
424 3737 474 3795 sed
484 3735 677 3810 autqttidquld
694 3738 770 3811 ipsos
785 3738 918 3811 perlicere
932 3740 1020 3812 possit
1033 3742 1135 3800 mediis
1148 3740 1270 3815 quibus·

223 3816 290 3875 dant
305 3819 360 3878 sibi
385 3820 506 3895 propriis
527 3821 646 3895 adipisci
669 3823 847 3899 connititur,
867 3830 916 3883 aut
937 3826 1038 3884 saltem
1052 3826 1083 3886 in
1099 3826 1270 3887 universam

224 3898 352 3980 ipsorum
366 3904 539 3969 activitatem
551 3904 695 3970 intusum
710 3906 833 3985 aliquem
847 3908 902 3973 sibi
916 3908 1050 3981 undat.
