2767 4492
94 393 192 468 brba,
207 409 280 470 unae
297 394 437 468 mutus,
453 308 598 454 wigii
610 305 789 452 ἨεΗίιιο
808 390 896 450 etiam
913 389 1025 464 elueret,
1040 295 1133 453 tribio}

94 483 199 538 onum
214 485 346 540 constare
358 479 506 552 terminis3
525 483 565 538 tot
578 477 656 536 enim
670 475 707 534 ad
721 479 780 534 tres
793 475 957 535 conflandae
965 477 1134 550 propositio·

93 578 142 622 nes
154 565 354 638 exquiruntur.
366 565 425 624 lam
436 563 539 622 horum
549 562 591 621 illi
601 562 671 632 duo,
684 560 735 634 qui
743 559 955 620 oonolosionem
965 560 1132 636 efformem,

92 649 230 720 assoon
248 648 357 721 maius,
368 649 486 722 quium
499 661 565 706 oum
580 645 651 720 ipsis
666 643 1007 719 consutuitpraemissas‚
1017 644 1134 705 matius

92 733 234 791 orminos
248 732 415 808 appellatur.
433 733 538 792 lterum
553 745 591 789 ex
605 730 719 788 duobos
728 728 859 788 terminis
869 729 1060 788 oonolusionis
1073 730 1132 804 ille,

90 816 136 888 qui
149 817 347 890 praedicatum
361 817 437 892 ogit,
452 815 552 875 moior
568 822 735 885 satiemus,
751 828 786 872 eo
799 813 876 887 quod
890 817 994 872 natura
1007 828 1060 872 sna
1072 829 1135 872 ma-

87 899 129 972 gis
147 900 205 960 late
220 906 315 976 pateat
332 917 420 976 quam
437 901 598 960 subiectum
617 899 738 972 eiusque
755 897 902 956 notionem
919 897 1068 971 perficiat3
1084 897 1133 956 ille

88 999 165 1056 uero,
178 986 230 1058 qui
244 991 285 1045 est
299 987 469 1058 subiectum,
483 986 585 1044 missor
599 991 749 1044 ostroinos
761 981 818 1039 diei
828 981 909 1040 solet.
919 983 1010 1054 toque
1022 981 1086 1041 ideo
1100 997 1135 1041 ea

86 1069 325 1144 praemissarum,
342 1071 374 1130 in
392 1086 449 1146 que
466 1071 563 1128 minor
581 1075 729 1128 extremus
742 1081 810 1124 eum
823 1065 918 1124 medio
931 1071 1132 1140 eomparatur,

85 1151 188 1210 aanor
198 1155 361 1229 propositio
373 1173 382 1226 ,·
397 1154 456 1226 illa,
468 1155 500 1212 ln
512 1167 571 1226 qna
580 1153 671 1211 maior
686 1157 833 1208 extremus
847 1164 913 1208 oum
926 1150 1026 1208 eodem
1040 1151 1135 1210 medio

86 1237 210 1296 termino
224 1239 382 1309 confertur,
399 1238 500 1295 motor
513 1235 672 1309 propositio
686 1234 861 1291 nominatur.
878 1233 969 1300 Quare
985 1247 1051 1292 cum
1065 1233 1136 1292 bueo

85 1320 175 1380 soleat
189 1321 285 1394 primo
299 1322 362 1379 loco
380 1321 467 1392 pooi3
485 1321 593 1376 laetum
609 1324 670 1389 est,
686 1323 720 1374 nt
737 1318 894 1388 generatim
912 1318 1066 1389 propositio
1081 1317 1138 1391 pri·

84 1418 171 1462 mnrn
185 1405 300 1476 prolata
308 1404 409 1461 maior
419 1401 618 1475 appellaretur.
631 1399 761 1472 benique
771 1400 987 1472 propositiones,
999 1401 1074 1458 unde
1084 1403 1140 1474 syl·

82 1486 232 1560 logismus
254 1491 384 1557 constat,
400 1487 528 1543 motoria
544 1485 706 1559 proximo,¹
721 1483 857 1555 termini,
873 1498 911 1540 ex
935 1482 1040 1556 quibua
1058 1483 1138 1556 ipsae

83 1569 299 1643 propositiones
313 1573 478 1642 exsurgunt,
491 1568 619 1626 matario
631 1575 769 1639 rsosoto;
784 1566 938 1626 artilioiosa
947 1566 1138 1646 dispositioni

86 1652 275 1712 inferendum
289 1652 427 1726 requisita
443 1652 597 1726 syllogismi
607 1654 710 1724 formo
723 1651 812 1710 audit.
825 1651 929 1710 Verum
943 1650 979 1710 de
993 1650 1038 1710 bis
1051 1651 1136 1718 saties

85 1737 122 1796 ad
135 1737 215 1812 leges
224 1736 375 1798 veniamus
388 1737 493 1811 quibus
507 1736 609 1796 idonea
623 1736 781 1810 syllogismi
792 1740 936 1798 structura
950 1741 1132 1810 temperatur.

501 1909 669 1968 lnrrounus
687 1905 720 1968 ll.

431 2075 470 2136 lio
484 2077 593 2152 lapibus
602 2075 776 2152 spttopismi.

120 2246 166 2306 il.
189 2245 376 2322 syllogismus
390 2248 511 2322 duplicis
531 2250 643 2321 generis
661 2252 713 2306 est:
729 2247 852 2321 simplex
870 2252 900 2306 et
919 2248 1135 2323 compositust.

86 2329 132 2389 llle
146 2337 190 2390 est
203 2331 255 2406 qui
268 2332 508 2406 propositionibus
521 2331 709 2406 simplicibus,
726 2332 773 2391 bio
794 2333 843 2406 qui
869 2332 914 2390 val
939 2333 1073 2391 alterutra
1091 2333 1138 2390 vel

86 2419 206 2490 utraque
220 2415 378 2488 composita
398 2417 555 2489 praemisso
570 2415 718 2475 conflatur.
735 2415 904 2490 Exemplum
922 2415 1138 2489 primigenam

128 2643 140 2689 l
158 2641 219 2690 Haeo
236 2643 325 2704 partitio
344 2643 435 2704 emergit
448 2657 474 2690 aa
487 2641 661 2694 consideratione
679 2643 782 2690 molosso
796 2657 836 2690 son
852 2643 1043 2705 propositionum,
1060 2642 1140 2704 quibus

84 2717 225 2780 syllogismus
245 2717 354 2764 ooaleseit.
371 2721 399 2764 st
414 2723 497 2780 praeter
514 2719 585 2782 hane,
603 2719 668 2765 aliem
686 2719 854 2764 oonslderabaut
875 2723 957 2764 veteres
979 2732 1035 2780 quae
1050 2722 1139 2780 exapta

84 2791 238 2856 dispositione,
254 2809 293 2840 seu
308 2793 385 2856 iorms,
402 2793 521 2856 syllogismi
536 2795 620 2840 desumi
635 2797 719 2856 potest,
736 2807 834 2853 quaeque
848 2807 925 2837 omnes
939 2792 1014 2838 modos
1029 2797 1143 2837 enumerat

84 2868 162 2928 quibus
178 2869 307 2916 rsiioelnari
321 2885 383 2916 mens
398 2870 474 2930 possit.
492 2869 523 2915 Ne
538 2869 604 2930 ipitur
618 2868 730 2929 peregrini
745 2867 769 2910 in
784 2867 824 2911 liae
839 2867 929 2910 nsateria
944 2881 991 2911 esse
1004 2865 1140 2926 videamini,
1246 2891 1252 2908 ι

84 2941 136 2989 haee
151 2943 281 2990 amnmatim
297 2943 397 3004 aecipite.

128 3021 185 3065 'lbos
199 3018 299 3078 tormini,
315 3017 394 3078 quibus
409 3019 577 3078 propositiones,
593 3016 654 3060 unde
668 3017 754 3058 constat
768 3012 918 3075 syllopismns,
935 3013 1067 3075 condantur,
1083 3019 1140 3060 serto

82 3091 231 3140 muliiissians
246 3091 303 3135 intor
314 3105 337 3136 sa
347 3091 435 3151 disponi
450 3097 541 3150 possunt
556 3094 655 3152 respectu
670 3088 775 3134 illationis
790 3087 937 3134 deducendae.
950 3086 1078 3134 Huiusmodi
1092 3092 1142 3151 apia

83 3169 232 3215 terminorum
247 3163 319 3226 quoad
334 3163 473 3210 inferendum
488 3165 610 3228 dispositio,
622 3166 754 3225 apllopisssss'
766 3169 845 3226 fipssm
858 3165 970 3210 nominata
981 3169 1022 3210 est.
1034 3163 1091 3218 Quot
1100 3164 1140 3225 ipi-

84 3231 206 3290 tss’motis
218 3241 307 3287 termini
320 3241 343 3286 in
354 3240 479 3303 syllopismo
497 3241 583 3304 disponi
598 3246 699 3304 possunt,
713 3246 744 3286 tot
755 3242 851 3288 diversae
860 3235 987 3304 'syllogismi
998 3243 1089 3300 liparae
1098 3241 1141 3288 ba-

85 3316 177 3364 beantur
193 3331 283 3363 nossem
292 3321 333 3363 ssi.
346 3317 374 3363 At
385 3331 435 3364 roro
446 3317 498 3364 base
510 3315 593 3366 diuersa
608 3319 664 3365 ratio
680 3317 811 3380 disponendi
826 3318 931 3365 termium
946 3315 1023 3379 triplos
1032 3323 1071 3362 eat.
1084 3319 1139 3364 liam
1245 3329 1252 3339 '

86 3393 118 3438 sal
132 3394 155 3438 lsi
170 3395 202 3439 ita
217 3392 368 3456 oollooaulur,
386 3397 410 3439 nt
424 3393 509 3440 medius
525 3395 630 3440 terminus
649 3395 671 3440 in
687 3395 813 3457 praemissis
829 3397 863 3443 dis
874 3394 1053 3455 praedicatum,
1064 3393 1100 3439 sol
1114 3399 1140 3438 ut

88 3468 120 3514 lis
133 3471 271 3523 subiectum,
287 3469 320 3516 vol
336 3473 360 3515 ut
374 3471 443 3516 semel
455 3471 627 3530 praedicatum,
643 3472 713 3517 semel
727 3473 854 3517 usbieotssos
868 3475 924 3530 apat.
941 3470 964 3514 Si
980 3469 1021 3514 boo
1036 3467 1139 3515 ultimum

87 3539 131 3604 iat,
146 3542 197 3589 talis
214 3543 327 3605 dispositio
342 3547 422 3604 primu
437 3549 515 3604 flpuro
528 3551 631 3608 voratur3
648 3546 666 3592 si
681 3547 786 3607 primum,
804 3545 917 3598 seeasodo,·
932 3545 967 3589 siu
982 3542 1070 3588 demum
1085 3542 1137 3589 alte·

88 3631 143 3680 rum,
160 3621 231 3666 tertio
245 3622 347 3681 oasnrpit.
365 3621 491 3683 Exemplum
507 3623 589 3684 primus
604 3621 686 3682 lipurea
702 3623 742 3666 sit:
761 3623 833 3666 omos
850 3621 967 3666 rationale
977 3623 1010 3664 est
1020 3619 1140 3674 liberum,-

88 3693 132 3738 Ssd
145 3697 221 3741 omnis
235 3697 300 3741 bomo
316 3701 348 3742 est
364 3699 503 3752 rotimus,-
521 3701 583 3756 lirpo
600 3699 675 3744 omnis
692 3699 758 3742 domo
775 3701 807 3742 est
825 3696 891 3740 liber.
909 3693 1036 3754 Exemplum
1056 3707 1138 3738 seeun-

90 3765 128 3813 ‹las
142 3770 184 3815 sit:
202 3773 303 3818 Nullum
317 3785 401 3831 eorpss
417 3785 514 3832 oppam
531 3775 670 3820 transmittis
686 3773 774 3826 lucem
791 3771 837 3817 Sed
853 3771 980 3828 uystotlss
998 3769 1139 3814 transmittit

91 3843 179 3902 torem
196 3849 259 3907 Erpo
275 3849 401 3908 matellas
414 3861 461 3896 ooo
475 3853 508 3900 est
521 3862 605 3909 eorpus
621 3861 727 3910 oposusa
743 3846 872 3910 Exemplum
885 3846 978 3894 tutiae:
996 3845 1078 3894 osso
1089 3841 1138 3902 spi·
