2767 4492
540 367 771 416 animosiores
1158 349 1180 417 3

134 471 213 530 mus,
236 455 400 516 videbimus
422 455 549 530 prolecto
567 455 604 513 ad
623 453 833 530 philosophiam
848 452 1007 528 generatim
1021 452 1182 528 inspectam

74 539 84 558 ⁸
135 541 334 616 pertinerent
353 555 450 601 rernm
470 555 572 600 causas
587 540 740 614 investiget
758 545 787 600 et
801 539 935 614 explicet.

168 627 312 701 lamvero,
330 643 397 686 cum
411 643 457 687 res
472 641 572 686 omnes
595 625 672 686 aliud
688 641 746 685 non
761 626 818 684 sint
831 625 889 684 nisi
910 625 1011 699 immo,
1027 625 1179 700 mundus,

134 711 224 785 licum
237 711 418 788 plulosophia
429 711 474 772 sic
487 712 519 772 in
535 712 580 771 his
600 711 762 772 scrutandis
775 717 921 784 versatur,
941 715 1045 771 utnon
1065 727 1182 786 quomo·

134 797 294 872 uocumque
310 813 358 856 eas
373 797 553 873 speculetur,
569 797 618 856 aad
635 796 775 856 altissima
792 797 917 871 quadam
936 797 1178 870 consideratione3
1216 865 1220 874 ¹

134 887 218 958 prout
231 882 369 941 nimirum
384 881 514 942 notiones
529 882 668 958 quasdam
683 895 832 956 supremas
847 883 1045 957 suppeditant,
1062 897 1136 956 quae
1151 883 1183 940 in

135 966 256 1040 mapilla
269 967 454 1027 interioribus
474 968 602 1026 scientiis
623 967 745 1026 latitent.
760 967 879 1026 Nomine
893 967 971 1026 enim
985 966 1183 1041 philosophiae

136 1065 250 1126 semper
262 1051 404 1110 intellecta
421 1056 464 1111 est
478 1052 598 1112 scientia
612 1053 753 1127 quaedam
768 1052 919 1128 generalis,
931 1053 1013 1111 cuius
1027 1051 1184 1111 memmiae

134 1137 167 1195 in
181 1135 304 1211 reliquas
319 1151 419 1196 omnes
433 1137 657 1211 dominarentur,
674 1138 773 1212 eisque
787 1137 847 1197 vim
857 1137 1026 1210 tribuerent,
1042 1137 1120 1212 leges
1130 1137 1184 1195 im-

134 1227 283 1296 ponerent,
299 1237 332 1281 ao
348 1223 437 1282 linem
451 1223 621 1282 indicarent.
637 1221 680 1282 lix
696 1239 753 1298 quo
765 1223 874 1282 iactum
888 1227 932 1282 est
944 1227 978 1282 ut
990 1221 1128 1281 scientiae
1142 1221 1185 1280 di·

84 1369 88 1377 ,
136 1307 274 1381 gnitatem
288 1309 417 1367 maxime
432 1309 600 1381 attingeret,
616 1313 645 1366 et
662 1307 693 1366 in
712 1313 822 1368 ceteras
841 1309 987 1367 naturales
1000 1307 1183 1382 disciplinas,

136 1391 220 1465 quasi
234 1391 355 1452 scientia
369 1391 565 1463 scientiarum,
578 1391 772 1466 principatum
785 1392 910 1464 aliquem
923 1393 987 1450 iure
1000 1391 1115 1464 proprio
1128 1391 1187 1450 sihi

133 1475 319 1534 adscisceret.
335 1475 401 1560 lpse
416 1475 493 1535 enim
510 1475 615 1535 virtute
631 1491 684 1534 sua
702 1481 834 1550 penetrat
854 1475 1064 1549 quodammodo
1078 1479 1107 1534 et
1122 1490 1187 1549 pcr-

125 1559 217 1619 vadit
231 1561 360 1621 notiones
375 1575 474 1621 omnes
486 1565 515 1620 et
528 1561 716 1621 fundamenta
730 1566 891 1621 ceterarum
904 1559 1100 1633 scientiarum,
1111 1574 1187 1634 quae

137 1647 287 1721 angustius
305 1647 491 1707 obiectumst
512 1647 659 1708 humiliori
680 1647 791 1707 ratione
812 1647 994 1707 considerant
1014 1651 1100 1719 atque
1121 1645 1187 1704 ideo

63 1772 67 1782 .
138 1732 175 1790 ad
186 1731 411 1807 philosophiam,
428 1733 454 1792 si
469 1748 528 1792 non
543 1737 577 1791 ut
590 1737 686 1807 partes
702 1731 797 1808 ipsam
817 1731 1038 1805 constituentes,
1056 1733 1133 1790 oerte
1152 1733 1187 1788 ut

137 1815 326 1876 derivationes
341 1817 600 1892 applicationesque
614 1823 795 1878 revocantur.
880 1868 884 1874 .

174 1901 250 1968 Quae
264 1916 330 1960 cum
344 1901 385 1980 ita
398 1901 464 1976 sint,
485 1902 833 1978 philosophiageneratim
846 1901 961 1962 deliniri
974 1903 1085 1977 posset:
1096 1900 1185 1960 scica-

140 1985 182 2045 tio
194 2001 408 2060 supremorum
429 1988 592 2046 usitatum
613 1987 752 2047 colorati
769 1987 882 2047 lumino
905 1995 1088 2064 conparato.
1107 1985 1188 2068 Quod

137 2071 270 2131 ultimum
284 2071 390 2130 idcirco
404 2071 547 2146 ponimus,
565 2079 595 2132 ut
608 2072 792 2146 atheologia,
812 2088 885 2147 quae
898 2087 956 2131 non
977 2087 994 2131 a
1009 2071 1119 2131 lumine
1133 2085 1185 2130 na·

139 2163 219 2216 turae
235 2155 284 2216 sed
299 2171 316 2214 a
331 2155 398 2216 lide
411 2157 553 2232 principia
568 2156 680 2232 accipit,
699 2162 872 2216 secernatur.

177 2241 202 2299 3.
218 2243 306 2314 hique
320 2239 350 2299 id
368 2241 481 2300 nonita
495 2239 616 2316 intelligi
637 2241 721 2301 dehet
742 2243 824 2317 quasi
837 2257 920 2302 mens
932 2241 1058 2303 hominis
1077 2241 1114 2301 ad
1128 2241 1187 2317 ple·

139 2339 208 2384 nam
223 2325 363 2384 eiusmodi
374 2325 522 2384 seientiam
533 2341 633 2400 reapse
645 2327 817 2402 pervenerit,
829 2327 874 2386 vel
884 2328 1059 2402 situnquam
1069 2342 1187 2401 perven-

139 2415 214 2469 lura.
230 2409 373 2468 Perfectus
387 2409 464 2469 enim
485 2411 599 2486 sapiens
620 2411 694 2470 alius
716 2427 816 2471 revera
830 2427 888 2470 non
903 2417 947 2471 est
959 2411 1018 2472 nisi
1032 2411 1116 2485 Deus,
1134 2411 1185 2486 qui

139 2493 238 2555 omnia
258 2495 418 2568 cognitione
438 2511 490 2555 sua
507 2495 621 2555 infinita
636 2497 865 2571 comprehendit,
882 2497 1006 2572 cognitio
1021 2501 1118 2555 antem
1136 2495 1188 2555 hu-

139 2595 226 2639 mana
240 2579 314 2640 inter
328 2580 488 2640 ahsolutum
503 2581 653 2640 scientiam
668 2585 697 2640 et
710 2580 905 2641 omnimodam
919 2581 1111 2656 ignorantiam
1125 2595 1188 2641 mc-

140 2665 220 2724 diurn
237 2665 379 2739 quoddam
396 2669 474 2725 tenet
490 2666 553 2725 iter.
571 2667 631 2734 Qua
645 2665 676 2725 in
698 2682 730 2726 re
744 2667 890 2741 praeclare
906 2667 1085 2728 Lactantius:
1110 2666 1188 2727 «llil

144 2771 154 2800 α
171 2753 342 2823 putaverunt
356 2750 423 2809 sciri
436 2765 520 2825 posse
538 2751 649 2824 omniu,
667 2749 699 2810 hi
709 2753 853 2825 sapientes
869 2753 970 2828 utique
982 2768 1042 2811 non
1052 2753 1186 2812 luerunt:

143 2858 155 2885 a
173 2834 220 2894 alii
234 2835 322 2910 nihil;
339 2851 375 2894 na
389 2835 420 2893 hi
435 2835 551 2909 quidem
566 2836 710 2908 sapientes
725 2835 851 2895 inerunt.
867 2837 911 2895 llll
926 2838 994 2910 qula
1018 2837 1082 2910 plus
1097 2835 1189 2894 homi-

142 2942 154 2970 «
171 2918 202 2977 ni
211 2919 359 2992 dederunt,
375 2919 406 2976 hi
418 2918 486 2992 quia
499 2917 606 2978 minus.
620 2917 751 2987 Utrisque
760 2918 792 2974 in
802 2923 1077 2992 utramquepartem
1087 2917 1191 2975 modus

145 3025 155 3054 ι
173 3001 273 3060 doluit.
289 3001 342 3061 ilbi
356 3017 424 3074 ergo
438 3001 597 3075 sapientiai
611 3001 646 3058 Ut
659 3012 755 3071 neque
771 3003 798 3056 te
808 3000 904 3058 omnia
918 3001 992 3060 scire
1010 3005 1102 3074 putes,
1115 3001 1191 3074 quod

145 3109 156 3137 a
174 3085 226 3144 liei
239 3089 295 3158 esl3
311 3084 513 3156 noqueomnia
527 3083 648 3156 nescire,
665 3081 741 3157 quod
754 3082 873 3158 pecudis
889 3086 913 3142 t.
929 3083 1191 3158 »idcircophiloso

140 3168 225 3244 phia,
242 3177 274 3227 ut
287 3181 374 3242 supra
387 3165 569 3235 monuimus,
585 3181 643 3226 non
658 3181 675 3226 a
690 3167 832 3240 sapientia
846 3168 897 3228 sed
910 3167 947 3228 ab
966 3183 1064 3229 amore
1078 3168 1190 3244 sapien-

142 3253 199 3313 tiae
217 3252 274 3312 sihi
287 3266 394 3312 nomen
414 3251 546 3312 adscivit.
661 3273 664 3280 ’

179 3336 218 3395 hd
232 3338 319 3398 linem
336 3353 404 3398 vero
422 3335 619 3413 philosophiae
633 3339 710 3414 quod
724 3344 842 3414 spectat,
858 3339 906 3399 hic
925 3340 956 3401 in
969 3341 1099 3402 veritatis
1116 3343 1190 3402 noti·

142 3421 184 3480 tia
196 3437 366 3498 morumque
375 3423 523 3484 honestate
535 3425 692 3500 reponitur,
706 3431 743 3499 ct,
756 3425 832 3500 quod
846 3441 1022 3502 consequens
1036 3431 1088 3500 est,
1101 3427 1130 3485 in
1142 3426 1190 3486 ho·

142 3506 230 3564 minis
243 3505 387 3582 beatitate,
404 3523 478 3583 quae
491 3509 607 3570 nonnisi
621 3510 652 3569 in
663 3510 725 3570 veri
739 3516 768 3570 et
781 3511 851 3570 honi
860 3513 1038 3586 possessione
1048 3510 1187 3570 consistit.

142 3591 221 3650 Unde
235 3591 378 3666 sapienter
392 3593 468 3652 Plato
483 3593 520 3653 in
527 3595 629 3669 Gorgia
644 3595 767 3654 asseruit
780 3595 890 3655 nullom
900 3597 988 3658 allam
1003 3595 1113 3698 hospitii
1124 3609 1189 3658 csse

145 3689 262 3736 causam
279 3675 507 3754 philosophandi,
524 3679 582 3742 nisi
595 3683 627 3742 ut
640 3679 741 3743 beatus
755 3695 790 3743 ac
803 3679 874 3744 felix
889 3683 1000 3746 evadat.

192 3853 202 3902 l
220 3856 302 3908 mola.
319 3857 378 3909 last.
394 3857 411 3908 l.
425 3857 449 3925 l,
461 3873 481 3908 e.
494 3859 518 3908 d.
