2767 4492
547 366 626 425 mars
643 366 787 425 romnis
1029 384 1032 391 .
1134 354 1191 429 tta

183 454 244 526 tos.
262 460 340 534 oood
354 452 440 522 homo
454 460 614 522 dominium
629 462 735 522 hahere
750 462 854 537 possit,
870 466 902 523 nt
916 454 1067 533 itadieom,
1079 463 1189 524 tronti·

146 551 259 611 lorium
274 566 325 623 pro
339 548 461 608 utilitate
472 548 611 623 capienda
625 562 663 606 ex
677 547 774 623 rebus,
786 562 908 622 quarum
921 566 992 610 usus
1002 557 1190 611 autconsum·

145 634 206 711 ptio
221 634 383 695 necessaria
392 640 437 693 est
450 632 485 691 ad
496 648 528 692 se
537 633 673 692 alendum
682 634 984 709 consemandumque3
996 636 1103 695 nuttam
1115 634 1190 695 dilli-

145 720 280 780 cuttatem
295 720 460 795 praesefert.
471 718 633 778 Sotisenim
645 734 695 793 per
709 734 740 777 se
751 724 827 793 patet
842 718 986 779 ttominem
1001 729 1129 799 respectu
1140 736 1189 780 ex·
1206 774 1210 781 .

149 806 261 865 terioris
276 811 395 865 naturae
405 806 591 863 constitutum
602 820 664 862 esse
674 820 690 861 a
702 803 760 864 Deo
776 808 921 879 tamquam
934 804 1031 881 tinem,
1049 813 1079 864 ol
1093 804 1188 880 rebus,

145 906 219 967 quas
228 890 279 950 tlta
288 889 424 963 continet,
434 889 591 949 iteratorad
604 904 635 949 se
645 890 870 951 conservandum
881 898 965 966 atque
976 890 1190 969 perficiendum.

147 972 167 1035 tt
181 975 289 1051 quitos
302 974 469 1049 pleraeque,
486 988 550 1033 cum
562 974 620 1033 siut
629 974 769 1033 eiusmodi
785 982 816 1033 nt
830 991 880 1051 pro
895 976 1016 1035 utilitate
1029 976 1115 1035 uirtus
1125 992 1190 1035 con*

148 1069 279 1136 sumptae
294 1060 338 1117 vet
354 1060 440 1117 etiam
456 1056 600 1117 adhibitae
616 1058 680 1117 aliis
698 1059 843 1119 deservire
856 1075 911 1119 non
930 1061 1049 1135 possint3
1068 1062 1191 1136 protecto

147 1152 265 1219 apparet
279 1144 325 1204 ius
345 1143 452 1203 heimini
469 1156 531 1202 esse
550 1150 690 1203 uteorum
707 1150 816 1216 partem
830 1146 957 1219 aliquam
974 1152 1190 1220 congruentem,

146 1230 216 1288 durn
232 1244 304 1304 opus
323 1228 423 1301 habet,
439 1226 494 1287 sibi
510 1228 703 1301 assumatsalr
714 1244 803 1305 eaque
819 1236 927 1290 ceteros
940 1230 1086 1303 excludat,
1102 1230 1191 1305 quiin

146 1330 212 1373 eam
224 1314 335 1374 nullom
348 1314 394 1374 tus
408 1323 474 1374 ante
483 1315 697 1389 acquisiverint.
711 1316 739 1376 td
750 1316 866 1391 quidem
880 1316 963 1377 facilc
973 1324 1051 1392 potet
1060 1316 1088 1376 in
1098 1332 1191 1393 prom·

149 1404 266 1473 tumque
281 1406 324 1457 est
338 1400 481 1459 omnibus.

183 1484 216 1541 ttt
228 1485 373 1557 operosior
386 1485 516 1559 quaestio
530 1488 573 1544 est
583 1484 617 1544 de
633 1482 748 1545 domino
758 1498 816 1545 non
835 1482 1018 1556 transitorio,
1031 1484 1060 1545 tn
1076 1501 1136 1547 rem
1153 1488 1192 1547 ri·

147 1566 250 1627 detinet
264 1585 337 1642 quae
357 1584 410 1629 usu
430 1571 622 1643 coosomitor,
638 1578 688 1630 aot
705 1578 765 1643 post
785 1586 867 1630 usum
888 1568 1070 1647 tulliiqrrilor3
1087 1572 1134 1631 ted
1158 1572 1193 1631 de

148 1647 274 1713 duminio
283 1652 392 1724 stabili,
405 1656 449 1714 ciri
468 1653 592 1731 pressius
603 1656 783 1731 proprietatis
794 1672 897 1715 nomen
910 1656 1053 1715 tribuitur.
1065 1654 1103 1715 Eo
1113 1658 1193 1715 enim

146 1750 214 1795 cum
230 1754 275 1797 res
291 1740 460 1813 frugiferae,
477 1745 526 1797 orit
540 1756 720 1814 quocumque
736 1738 789 1798 atio
806 1743 915 1799 ratione
934 1742 1017 1798 utiles
1032 1746 1193 1799 constanter

105 1858 109 1866 -
148 1822 341 1893 retineantur,
358 1825 482 1882 exclusis
497 1824 560 1883 aliis
575 1840 612 1884 ne
626 1840 726 1883 eornm
744 1825 892 1884 utilitatem
909 1830 936 1883 et
953 1826 1060 1883 tructos
1081 1824 1194 1899 pertici·

147 1914 229 1982 peot3
247 1909 371 1967 eflicitur
385 1924 454 1967 sane
466 1916 496 1967 nl
512 1924 557 1968 res
572 1909 712 1968 stabiliter
722 1915 750 1968 et
765 1910 873 1981 integre
889 1908 1015 1968 sritriccto
1030 1908 1192 1991 alluderent,

149 2008 183 2051 ae
200 1991 317 2066 proinde
332 1994 424 2066 ipsius
441 1994 551 2069 propria
571 1994 708 2054 veredici
725 1997 821 2077 possit.
838 1994 896 2053 tam
912 2012 963 2068 ogo
978 1994 1118 2053 eiusmodi
1134 2007 1196 2069 pru·

150 2078 253 2149 prietes
268 2077 332 2135 licet
347 2078 453 2135 iactum
468 2079 600 2145 generate
615 2079 652 2136 sit
667 2080 740 2151 aptot
757 2094 856 2137 omnrs
872 2080 961 2137 ciritae
981 2078 1124 2151 nationes,
1143 2092 1196 2137 nce

148 2162 304 2235 quidquam
317 2161 410 2235 magis
425 2162 533 2234 tritum,
547 2162 679 2220 advitam
696 2163 768 2237 qood
781 2169 898 2238 spectat,
910 2162 1086 2237 inveniatur3
1100 2168 1197 2220 tarmen

148 2247 287 2317 troianum,
304 2246 339 2305 ad
355 2262 400 2304 res
414 2247 522 2304 alienus
535 2248 588 2304 sub
605 2248 675 2306 irrrr's
690 2248 784 2320 specie
795 2248 979 2323 diripiendas,
993 2264 1130 2317 ultionum
1144 2246 1198 2307 titia

153 2330 228 2386 ritae
242 2330 384 2387 turmaque
394 2332 612 2389 tundamentum
623 2332 736 2388 diruere
751 2333 844 2391 corculi
859 2338 934 2391 stinl.
951 2330 1022 2391 Hrrrc
1034 2330 1199 2391 Soetattsmt

149 2418 178 2471 ot
194 2412 409 2472 cornillonensi
423 2420 577 2489 systemata
592 2419 799 2489 excogitarunt,
813 2418 920 2474 aientes
934 2420 1134 2491 proprietatem
1153 2432 1197 2475 re·

150 2515 213 2559 torn
229 2516 291 2559 esse
308 2501 503 2568 latrocinium,
521 2520 577 2577 quo
592 2504 677 2577 artqot
700 2520 763 2561 com
788 2504 892 2561 daruuo
907 2510 934 2559 el
954 2503 1059 2560 iriltrria
1078 2501 1199 2575 reliquu-

150 2600 215 2645 rom
231 2602 277 2643 res
290 2588 451 2645 mundanas
469 2587 523 2645 sibi
548 2586 711 2645 artarier-unt
725 2593 753 2645 et
774 2588 838 2645 lltiis
861 2586 1033 2643 harerettiloto
1055 2587 1197 2644 transmit-

152 2678 226 2728 tunt.
243 2668 342 2729 Contra
360 2672 498 2731 eiusmodi
515 2674 656 2730 accretalis
671 2688 825 2743 eversores,
839 2672 882 2729 lus
897 2670 1006 2727 stabilis
1022 2668 1200 2743 proprietatis

150 2761 284 2813 amatura
304 2757 444 2830 prottoisei
465 2756 737 2829 demortstrubrrnris3
756 2758 803 2813 sert
824 2766 889 2812 urite
910 2754 1109 2811 nonnullorum
1131 2768 1194 2811 sen·

151 2840 271 2913 tentiae,
288 2841 337 2913 qoi
352 2842 552 2915 proprietatem
572 2843 650 2901 loisis
667 2840 826 2899 rationibus
847 2838 1049 2911 detonderuol,
1066 2836 1196 2896 relotten·

150 2922 204 2981 dae
218 2928 294 2981 suot.

562 3089 742 3153 tnorosrrio
764 3092 785 3153 t.

308 3261 359 3325 lus
372 3260 487 3325 stabilis
499 3262 688 3343 proprietatis
704 3281 764 3325 uon
783 3264 883 3325 oritur
896 3278 931 3325 ea
946 3269 1042 3343 poeto.

191 3431 249 3495 tot.
265 3435 443 3510 lleineooius,
461 3438 586 3498 Grotiom
602 3444 631 3496 et
646 3434 865 3496 Potioodorttom
882 3446 1034 3509 septimus,
1052 3433 1196 3495 existima·

152 3521 244 3580 vitex
258 3521 414 3581 intentione
433 3522 590 3583 conditoris
613 3523 711 3582 omnia
729 3522 759 3580 io
776 3522 913 3597 crepatioo
927 3522 1051 3595 quaram
1069 3534 1198 3579 commo·

151 3607 237 3664 otone
253 3607 377 3680 primum
388 3610 478 3681 posita
490 3624 562 3679 esse,
574 3608 615 3667 lta
626 3616 657 3667 ot
671 3608 807 3665 onroitros
822 3622 872 3679 pro
888 3606 1097 3681 opportunitate
1106 3605 1198 3663 desec-

148 3691 250 3762 virent,
262 3691 331 3765 quin
348 3693 422 3750 ottus
436 3694 473 3751 ab
487 3693 543 3752 atio
558 3693 767 3752 excluderetur.
781 3691 835 3750 Sed
850 3702 916 3749 eom
931 3692 1008 3763 tepea
1024 3690 1139 3747 dirinee
1155 3689 1196 3748 nt·

149 3774 307 3833 tirmotivae
330 3777 527 3849 exceptionem
541 3778 578 3835 ob
597 3778 793 3836 necessitatem
818 3778 988 3844 admittant,
1007 3774 1073 3831 trine
1089 3774 1195 3833 tactum

149 3872 212 3915 esse
228 3866 257 3916 ot
271 3860 409 3920 eiusmodi
425 3861 581 3921 Corrititoris
594 3860 756 3919 constitutio
772 3860 808 3916 atr
828 3856 992 3916 homiuibus
1008 3868 1195 3917 commotore-

149 3946 204 4021 toc,
219 3942 371 4019 ingruente
385 3947 563 4025 necessitate,
579 3962 638 4025 qua
651 3955 769 4011 anetum
787 3945 947 4007 tranianum
961 3958 1052 4021 genoe
1066 3950 1094 4007 el
1107 3943 1139 4008 iu
1153 3943 1194 4015 dt·
