2767 4492
502 272 746 320 sruonrouoon
1097 259 1149 320 ‘209

97 356 235 429 graditur.
249 357 387 425 Quoniam
396 357 483 431 igitur
492 359 653 417 necessaria
667 357 795 417 exclusio
805 357 897 416 albiti
911 357 947 414 ab
957 365 1019 416 eote
1028 358 1148 418 conluu-

96 441 180 498 datur
194 456 264 501 cum
277 441 505 516 ipsaquidditate
516 443 604 515 entis,
621 443 760 501 iudicium
773 442 893 514 modale,
911 442 986 516 quod
1005 443 1035 500 id
1052 444 1147 518 expri-

95 523 162 596 mit,
181 540 242 584 nou
261 526 381 600 requirit
400 527 477 586 atiud
496 527 635 586 iudicium
653 527 802 602 praevium
821 527 897 601 quod
922 531 1051 586 versetur
1069 528 1146 588 cirea

33 667 37 670 .
94 623 157 666 rem
171 609 345 683 simpliciter
358 611 533 685 inspectam3
549 611 790 684 quemadmodum
805 611 953 684 iudicium,
969 627 1026 685 quo
1041 612 1146 672 dicitur

91 692 267 753 substantio
280 711 338 754 esso
352 711 402 754 ern
415 711 469 771 per
484 711 514 754 se
531 703 624 768 stores,
640 685 700 753 uon
714 695 834 768 requirit
848 695 927 754 aliud
942 695 1079 754 iudicium
1090 697 1144 755 cir-

92 791 125 834 ea
138 777 256 852 ipsam3
273 796 341 838 cum
355 781 458 840 modus
468 797 523 854 per
537 797 567 839 oe
582 781 689 839 stootts
706 780 742 837 ad
764 779 867 838 obiecti
883 780 1069 853 quidditatem
1083 795 1146 855 per-

93 863 195 924 tineat.
215 866 344 925 Ceterum
358 868 531 941 principium
546 866 778 926 contradictionis
793 865 907 939 spoliari
923 872 1016 939 posset
1031 873 1149 926 externa

90 947 189 1008 torma
205 951 311 1011 modali
325 958 353 1010 et
367 953 487 1026 proponi
508 953 562 1010 sub
582 953 674 1010 torma
689 949 828 1024 simplici,
845 956 955 1008 retenta
969 952 1068 1010 eadem
1084 967 1145 1009 sen-

32 1101 36 1106 ,
89 1033 196 1092 tentia.
213 1037 323 1111 Expoui
343 1038 421 1096 enim
441 1044 535 1111 posset
554 1038 608 1095 boc
629 1036 730 1094 modo:
748 1035 807 1092 Eoo
825 1043 971 1110 repupnol
990 1051 1051 1094 non
1067 1035 1145 1106 criti;

87 1119 169 1190 quod
187 1119 264 1177 idern
275 1126 358 1178 sonat
372 1136 406 1180 ac
419 1121 582 1196 oeqotdid,
598 1120 678 1192 qood
693 1126 743 1185 ert,
759 1133 819 1176 oon
829 1133 895 1190 esse,
912 1118 986 1176 dom
1002 1127 1051 1178 est.
1069 1118 1148 1186 Quod

87 1208 194 1261 autem
209 1204 349 1264 eiusmodi
363 1206 513 1276 iudicium,
526 1217 707 1277 quacumque
717 1204 809 1260 lomna
818 1203 964 1273 vestiatur,
976 1203 1013 1261 sit
1022 1203 1147 1276 primum

86 1299 103 1340 a
118 1292 226 1345 mente
240 1288 399 1360 prolatum,
416 1288 458 1346 sic
473 1286 642 1344 brevissime
656 1285 770 1342 suaderi
784 1289 890 1358 potest:
907 1285 1046 1342 iudicium
1060 1283 1147 1342 resul-

86 1373 127 1427 tat
143 1387 190 1428 ex
205 1372 417 1442 comparatione
431 1371 555 1428 duarum
564 1370 703 1428 ideamm.
716 1369 798 1442 Atqui
808 1369 899 1441 ideae,
912 1385 984 1442 quae
996 1370 1088 1442 primo
1098 1385 1148 1426 ex·

82 1454 249 1526 plicantur,
261 1459 329 1511 suut
343 1455 408 1512 idea
421 1455 496 1513 eutis
505 1459 533 1512 et
547 1455 611 1512 idea
620 1469 677 1512 uon
692 1454 777 1513 entis.
789 1453 860 1527 Ergo
871 1453 942 1511 illud
951 1452 1090 1510 iudicium
1105 1457 1148 1512 est

82 1539 223 1610 primum
236 1538 379 1611 omnium,
396 1540 471 1613 quod
485 1539 603 1598 resultat
618 1546 657 1597 ex'
669 1538 879 1612 comparatione
894 1537 975 1596 ideae
991 1536 1064 1594 eutis
1079 1551 1146 1595 cum

84 1621 155 1680 idea
170 1637 231 1680 nou
245 1622 329 1680 eutis
340 1623 423 1696 loqui
437 1639 475 1682 ex
489 1624 544 1682 bac
559 1623 768 1697 comparatione
789 1638 847 1682 nou
863 1621 939 1681 aliud
955 1621 1073 1679 resultat
1088 1621 1145 1680 uisi

86 1707 286 1780 repugnantia
299 1706 386 1766 unius
396 1723 463 1765 eum
477 1708 575 1766 altem.
586 1708 658 1780 Ergo
668 1707 851 1782 principium,
863 1707 939 1781 quod
949 1706 979 1766 id
988 1705 1141 1779 exprimat,

88 1796 134 1847 est
151 1791 280 1864 primum
295 1791 434 1852 iudicium
449 1792 524 1866 quod
539 1800 633 1851 mente
648 1794 800 1867 proiertm.
1152 1843 1158 1850 .

124 1874 219 1934 Obiic.
237 1876 270 1935 ll.
291 1877 466 1951 Principium
485 1878 716 1938 contradictionis
736 1879 908 1938 evidentiam
927 1877 1075 1946 subaudit,
1092 1893 1144 1936 seu

85 1957 144 2016 boe
160 1959 313 2020 iudicium:
330 1962 482 2037 quidquid
498 1963 664 2022 continetur
681 1964 716 2020 to
731 1963 798 2022 ideo
817 1963 901 2022 clera
913 1971 938 2022 et
948 1963 1142 2022 distincione·

87 2058 166 2101 rum
175 2052 225 2103 est.
241 2045 313 2119 Ergo
326 2061 384 2104 nou
399 2055 442 2105 est
455 2048 585 2106 omnium
599 2047 734 2121 primum.

125 2129 216 2203 Resp.
233 2129 304 2189 Dirt.
323 2131 390 2190 Ant.
406 2131 545 2190 subaudit
562 2131 735 2190 evidentiam
751 2137 896 2206 tamquam
910 2133 1104 2193 characterem
1115 2141 1144 2194 et

85 2212 294 2286 proprietatem
303 2215 449 2289 quodlibet
458 2215 597 2274 indicium
606 2230 707 2274 vemm
718 2217 964 2290 concomitantem,
973 2233 1063 2290 conc.;
1074 2223 1144 2278 tam-

87 2311 182 2370 quam
195 2298 377 2372 priucipium,
394 2315 432 2358 ex
446 2315 502 2374 quo
516 2301 710 2360 ratiocinando
725 2301 863 2360 indirecte
878 2302 978 2360 saltem
992 2301 1142 2376 inferatur,

87 2397 177 2456 cepo.

126 2468 188 2527 Etsi
202 2469 375 2545 principium
390 2470 621 2529 contradictionis
634 2471 688 2530 boc
703 2472 775 2546 ipso,
792 2472 867 2545 quod
882 2485 982 2530 venun
992 2475 1036 2528 est
1049 2475 1077 2528 et
1091 2485 1140 2528 no-

89 2556 153 2610 tum
168 2559 268 2626 sponte
282 2569 344 2627 sua,
361 2554 542 2628 euidentiam,
559 2561 588 2613 et
602 2556 718 2629 quidem
732 2571 806 2630 quae
820 2556 950 2614 maxima
965 2555 1014 2627 sit,
1031 2569 1143 2628 praese·

92 2636 181 2710 lerat3
198 2645 293 2697 tamen
308 2655 345 2696 ue
359 2638 497 2698 indirecte
511 2639 627 2713 quidem
641 2641 763 2699 infertur
773 2655 810 2698 ex
821 2655 854 2698 ea
863 2639 1074 2714 perspicuitate,
1087 2655 1143 2712 qua

89 2722 190 2796 fulget.
208 2723 263 2782 Sed
278 2739 428 2783 assensum
437 2725 512 2798 rapit
525 2724 688 2782 immediate
702 2729 818 2798 propter
827 2739 936 2781 nexum
946 2724 1141 2796 praedicatum

89 2808 166 2868 iuter
180 2810 398 2884 subiectumque
413 2810 647 2868 intercedentem.
664 2809 697 2865 ut
711 2823 780 2867 sane
797 2807 936 2881 quomodo
952 2822 989 2864 ex
1000 2806 1142 2865 evidentia

89 2891 191 2952 iulerri
204 2900 313 2969 posset,
329 2894 364 2964 si,
376 2893 518 2966 principio
528 2892 759 2949 contradictionis
772 2905 831 2948 non
845 2890 1067 2963 praesupposito,
1080 2889 1142 2962 ipsa

89 2979 235 3038 euidentia
251 2978 413 3034 corrueret?
427 2976 502 3033 Haec
525 2975 603 3032 enim
617 2979 693 3031 certe
713 2973 798 3031 simul
812 2988 874 3031 esse
889 2978 983 3046 posset
998 2973 1141 3032 evidentia

88 3069 115 3120 et
124 3076 187 3120 nou
203 3059 355 3131 evidentia,
367 3058 424 3117 uisi
439 3056 577 3130 implicite
592 3056 691 3115 saltem
711 3071 794 3115 meus
808 3057 1039 3117 contradictionis
1054 3057 1137 3116 elicto

91 3146 215 3206 tirmiter
229 3144 405 3203 adhaereret.

125 3230 217 3291 Obiic.
238 3229 283 3288 llt.
300 3228 359 3288 Nisi
373 3242 476 3286 rerum
490 3232 565 3286 esset
578 3227 610 3286 iu
623 3227 764 3302 principio
779 3227 1008 3288 contradictionis
1030 3229 1141 3302 praedio

90 3321 188 3376 catum
202 3329 294 3373 unum
304 3313 437 3388 idemque
452 3328 513 3372 esse
529 3327 595 3371 cum
605 3313 742 3386 subiecto,
759 3329 841 3373 meus
855 3313 911 3388 ipsi
921 3313 1087 3386 neutiquam
1098 3329 1140 3372 as·

89 3400 252 3458 sentiretur.
269 3398 340 3472 Ergo
353 3398 528 3473 principium
546 3398 786 3458 contradictionis
800 3399 949 3474 praevium
964 3396 1051 3456 babet
1065 3398 1140 3471 prin·
1178 3402 1184 3412 '
1201 3474 1205 3480 Ι

91 3482 200 3556 cipium
214 3481 403 3554 meditatim
418 3482 563 3542 uidelicet:
580 3483 659 3557 quod
675 3491 728 3556 est,
746 3491 800 3556 ort·
817 3498 881 3542 seu:
898 3483 920 3540 A
934 3487 1042 3556 aequat
1053 3483 1085 3539 A.

126 3567 209 3641 Resp.
233 3566 305 3626 Dior.
322 3567 389 3626 Ant.
407 3568 440 3627 Et
458 3567 531 3627 baec
550 3568 685 3628 identitas
700 3573 742 3628 est
761 3568 884 3628 conditio
903 3565 1048 3641 quodlibet
1067 3567 1140 3628 iudi·
1186 3549 1189 3556 ¹

92 3651 168 3710 cium
183 3652 378 3711 necessarium
393 3653 532 3726 atficiem,
549 3670 639 3726 cone.‚·
655 3658 699 3713 est
712 3651 861 3727 iudicium,
878 3668 916 3712 es
930 3667 986 3726 quo
998 3651 1053 3712 alia
1066 3651 1138 3714 iudi·

93 3734 139 3794 cia
152 3735 329 3810 damnantur,
346 3751 428 3811 nepo.

886 3903 926 3965 to
