2767 4492
1014 418 1124 467 sau
1151 417 1496 467 on'roLon
2195 396 2297 463 151

1040 590 1398 651 Pnoposrrro
1429 590 1471 650 1.

299 755 661 818 Possibilitas
688 760 927 819 interna
954 775 1162 820 rerum
1186 777 1307 820 non
1327 759 1538 836 pendet
1566 761 1639 821 ab
1667 760 1959 822 intellectu
1983 768 2181 821 nostro
2198 804 2213 834 ,
2248 801 2262 817 .

641 861 828 920 ⁴neqve
855 863 894 906 a
927 846 1099 905 ‘rebus
1125 847 1194 907 in
1220 845 1447 907 mimda
1477 847 1868 909 existentibus.

284 1012 583 1075 Probatur
606 1016 814 1091 prima
833 1032 1001 1093 pars.
1034 1017 1175 1077 Nam
1202 1016 1523 1075 intellectus
1550 1023 1740 1077 noster
1766 1018 1989 1093 passive
2017 1015 2205 1092 potius
2236 1030 2297 1074 se

207 1099 387 1158 habet
414 1115 587 1175 quam
616 1101 797 1160 active
823 1107 1083 1176 respectu
1102 1101 1464 1174 possibilium
1490 1116 1634 1174 quae
1663 1103 2092 1176 contemplatur.
2120 1099 2296 1160 Sentit

207 1185 373 1243 enim
400 1186 664 1244 veritates
693 1185 838 1258 illas,
872 1201 1017 1259 quae
1046 1198 1240 1243 rerum
1270 1185 1545 1242 essentias
1575 1191 1845 1260 spectant,
1870 1187 1977 1245 sibi
2008 1186 2222 1261 imponi
2243 1190 2299 1244 et

204 1268 629 1341 quodammodo
654 1268 927 1344 praecipi,
960 1269 1101 1342 quin
1128 1269 1192 1326 in
1220 1272 1493 1341 potestate
1523 1284 1626 1327 sua
1662 1270 1735 1328 sit
1762 1286 1858 1328 eas
1888 1270 2167 1329 invertere
2207 1269 2299 1330 vel

201 1353 417 1412 saltem
443 1353 757 1409 debilitare.
792 1351 882 1408 Sic
911 1352 1048 1408 dum
1078 1351 1324 1423 concipit
1352 1351 1631 1409 circulum
1665 1353 1756 1410 vel
1777 1358 1975 1426 totum,
2006 1354 2159 1411 videt
2185 1353 2298 1425 pri-

201 1450 379 1494 mum
397 1435 626 1493 differre
658 1450 693 1492 a
712 1433 1011 1507 triangu10,
1045 1434 1286 1494 alterum
1305 1449 1440 1493 vero
1461 1450 1729 1509 superare
1756 1439 1996 1510 partem,
2018 1436 2159 1508 quin
2176 1450 2299 1508 pos-

201 1519 290 1579 sit
320 1519 518 1578 talium
546 1534 739 1578 rerum
766 1524 1031 1577 naturam
1058 1518 1121 1577 in
1153 1520 1499 1579 contrarium
1535 1520 1790 1594 flectere,
1828 1524 1927 1579 aut
1955 1518 2167 1594 aliquid
2209 1533 2302 1576 ea-

199 1604 475 1663 rumdem
497 1603 713 1662 notioni
735 1603 1049 1663 detrahere.
1077 1604 1255 1662 Sentit
1274 1604 1506 1679 insuper
1525 1609 1830 1680 conceptus
1848 1604 1976 1664 illos
1995 1619 2096 1678 pro
2116 1602 2296 1662 omni-

198 1690 317 1748 bus
336 1734 350 1762 ,
385 1689 485 1762 qui
512 1688 888 1762 intelligentia
918 1689 1182 1748 fruantur
1201 1735 1215 1762 ,
1250 1690 1481 1750 eosdem
1520 1705 1648 1749 esse
1677 1695 1934 1764 oportere
1965 1705 2030 1748 ac
2049 1704 2150 1764 pro
2185 1688 2299 1747 sin-

203 1773 355 1848 gulis
384 1773 628 1847 casibuS,
660 1774 761 1847 qui
782 1773 1109 1847 contingere
1137 1774 1393 1848 possint,
1426 1775 1547 1835 sore
1576 1774 1864 1834 valituros.
1896 1774 2148 1848 Denique
2179 1773 2299 1832 ani-
2397 1780 2406 1788 '

206 1858 515 1918 madvertit
542 1859 809 1918 veritates
840 1859 967 1918 illas
995 1875 1111 1918 non
1140 1864 1261 1918 tum
1293 1860 1576 1935 exordiri,
1608 1875 1739 1920 cum
1768 1861 1878 1935 ipsi
1907 1859 2291 1933 contemplan-

202 1944 313 2003 dae
340 1943 714 2018 objiciuntur3
749 1945 847 2004 sed
877 1949 1044 2004 antea
1069 1945 1221 2004 idem
1261 1945 1438 2006 fuisse
1470 1946 1621 2021 quod
1662 1951 1796 2006 sunt
1822 1947 1884 2005 in
1911 1961 2180 2019 praesens
2209 1950 2292 2004 at·

204 2038 316 2103 que
344 2028 405 2093 in
431 2034 723 2104 posterum
750 2030 961 2104 pariter
988 2030 1140 2089 idem
1170 2045 1295 2091 esse
1323 2032 1563 2090 futuras.
1605 2032 1783 2090 Immo
1821 2031 2116 2105 perspicit,
2148 2031 2295 2088 veri-

201 2119 342 2173 tates
369 2114 496 2174 illas
524 2114 800 2174 obiective
829 2115 1167 2189 subsistere,
1202 2115 1425 2175 etiamsi
1455 2116 1578 2190 ipse
1607 2115 1910 2174 existentia
1937 2115 2283 2189 privaretur3

203 2204 297 2271 et,
328 2200 476 2274 quod
504 2201 691 2260 maius
719 2206 835 2273 est,
858 2200 1081 2259 etiamsi
1125 2201 1311 2259 omnis
1348 2200 1668 2259 intellectus
1705 2205 1925 2259 creatus
1953 2200 2014 2258 in
2049 2199 2295 2258 nihilum

204 2283 409 2343 abiret.
439 2285 502 2342 ln
531 2299 757 2344 summa
786 2284 1052 2344 veritates
1080 2284 1210 2343 illae
1227 2330 1241 2356 ‚
1276 2300 1422 2359 quae
1450 2285 1743 2359 possibilia
1773 2285 1998 2344 interna
2026 2281 2295 2342 constitu-

201 2375 341 2442 unt,
373 2369 538 2428 nobis
582 2370 927 2437 objiciuntur
968 2369 1429 2429 immutabilitate
1474 2376 1532 2429 et
1573 2370 1996 2429 universalitate
2038 2368 2284 2441 quadam

200 2454 519 2529 praeditae3
553 2470 685 2514 cum
713 2460 907 2514 contra
934 2455 1251 2514 intellectus
1280 2460 1474 2515 noster
1494 2456 1665 2529 (Idem
1687 2456 1906 2514 dicatur
1926 2453 1996 2510 de
2026 2465 2295 2525 quocum-

199 2555 315 2613 que
345 2538 634 2598 intellectu
662 2539 870 2619 creato)
902 2540 974 2598 sit
1004 2544 1239 2598 naturae
1266 2540 1644 2613 contingentis
1670 2549 1726 2598 et
1741 2537 2086 2598 individuae.
2120 2535 2290 2611 Ergo,

198 2623 316 2682 nisi
345 2623 609 2682 effectum
640 2640 813 2683 causa
846 2625 1315 2698 praestantiorem
1345 2625 1604 2698 effingas,
1636 2624 1955 2683 intellectus
1983 2626 2174 2682 noster
2202 2637 2291 2681 ea-

198 2723 331 2766 rum
362 2708 663 2767 veritatum
694 2709 1043 2783 principium
1072 2715 1127 2767 et
1155 2710 1282 2768 fons
1310 2726 1435 2768 esse
1464 2709 1679 2783 nequit.

272 2791 574 2851 Probatur
600 2793 855 2852 secunda
879 2810 1043 2867 pars.
1079 2794 1220 2852 Huic
1247 2795 1401 2852 idem
1431 2799 1828 2865 argumentum
1857 2792 2039 2866 aptari
2078 2796 2289 2865 posset.-

197 2878 341 2940 Nam
371 2879 525 2937 entia
555 2883 827 2951 quotquot
855 2879 1134 2936 mundum
1163 2884 1480 2947 exornant,
1514 2875 2288 2947 individualitati,.mutabili-

197 2963 323 3036 tati,
360 2962 631 3035 temporis
657 2976 961 3020 mensurae
994 2961 1393 3018 subiiciuntur.
1426 2960 1567 3030 Ergo
1593 3003 1606 3029 ,
1638 2975 1740 3032 per
1770 2975 1829 3018 se
1859 2963 2076 3016 tantum
2102 2958 2290 3031 inspe-

195 3055 313 3121 cta,
347 3046 625 3117 originem
661 3043 949 3116 explicare
978 3045 1266 3113 nequeunt
1295 3041 1666 3114 necessitatis,
1708 3042 2163 3115 universalitatis,
2198 3057 2292 3100 ae-

195 3131 503 3202 ternitat1S,
537 3144 708 3203 quam
738 3141 936 3186 eorum
966 3125 1261 3199 essentiae,
1291 3130 1355 3183 ut
1374 3125 1672 3200 possibiles
1701 3129 2103 3201 consideratae,
2129 3142 2290 3201 prae·

197 3218 476 3279 scierunt.
508 3213 618 3273 Nec
647 3227 748 3287 pro
775 3208 1201 3269 universalitate
1231 3209 1432 3270 saltem
1461 3210 1567 3268 hac
1610 3212 1948 3286 explicanda
1976 3211 2042 3270 ad
2087 3226 2288 3286 conge-

197 3303 347 3362 riem
378 3314 638 3358 recurras
660 3295 1102 3370 individuorum,
1137 3311 1281 3370 quae
1302 3295 1359 3355 vi
1390 3295 1732 3357 inductionis
1762 3298 2121 3371 adduntur,et
2139 3313 2290 3356 sum-

199 3402 359 3447 mam
390 3384 655 3443 conflant.
689 3383 830 3442 Nam
858 3380 1281 3455 universalitas,
1316 3397 1462 3456 quae
1490 3382 1780 3456 possibilia
1819 3382 2023 3457 afficit,
2058 3396 2288 3440 omnem

202 3469 589 3531 collectionem
616 3466 1040 3527 individuorum
1071 3467 1438 3526 existentium
1466 3469 1969 3543 praetergreditur,
2003 3484 2135 3528 cnm
2173 3482 2289 3527 non

200 3557 368 3616 modo
398 3571 460 3615 se
488 3555 757 3614 extendat
784 3554 857 3612 ad
886 3569 953 3613 ea
981 3568 1127 3627 quae
1156 3553 1452 3615 observata
1470 3569 1588 3613 non
1615 3559 1765 3627 sunt,
1790 3569 1990 3613 verum
2010 3553 2183 3612 etiam
2212 3552 2287 3613 ad

203 3657 269 3700 ea
298 3656 445 3715 quae
479 3640 735 3698 nondum
773 3644 1018 3697 exstant.
1049 3640 1299 3713 Itemque
1328 3640 1590 3713 quamvis
1630 3645 1745 3699 tota
1787 3655 1979 3699 rerum
2019 3638 2288 3699 machina

202 3740 517 3800 numquam
545 3724 798 3783 extitisse
819 3769 835 3798 ,
871 3724 959 3783 vel
986 3724 1047 3783 in
1074 3724 1318 3783 nihilum
1343 3724 1543 3788 redire
1582 3723 1855 3800 fingatur3
1889 3729 2080 3786 tamen
2108 3723 2289 3799 possi-

200 3811 336 3870 bilia
363 3825 656 3885 superesse
685 3808 1097 3887 concipiuntur.
1119 3809 1250 3868 Erit
1278 3810 1514 3879 veritam,
1555 3808 1787 3868 etiamsi
1814 3810 2078 3868 mundus
2106 3809 2289 3868 inter-

202 3905 294 3957 eat
324 3899 374 3955 ⁴.
406 3897 583 3959 lmmo
612 3896 673 3955 in
714 3895 855 3972 ipsis
900 3893 1104 3969 rebus,
1136 3910 1283 3969 quae
1322 3899 1455 3956 actu
1488 3900 1657 3971 sunt,
1688 3895 2034 3972 possibilitas
2070 3900 2281 3957 natura

294 4078 314 4127 4
353 4078 399 4125 S.
425 4077 710 4126 Ancus-rmus
736 4075 938 4134 saeuoq.
971 4075 1050 4138 Η,
1084 4074 1129 4123 2.
