2767 4492
196 319 249 389 lut
601 320 605 329 '
633 334 796 385 ιιιιιιπιι

230 419 319 481 tllriio.
332 420 365 481 ll.
381 434 419 479 ex
430 418 561 480 dobere:
578 418 610 478 lli
630 430 748 479 naturae
762 432 862 477 omnen
880 413 926 488 ine
941 418 1100 479 trahent-ed
1125 421 1233 483 omnia.

194 508 281 570 deno
295 508 382 578 igilur
396 505 484 563 aliurn
497 505 650 564 excludere
667 512 757 578 poten
772 520 789 565 n
804 520 834 562 re
846 504 912 577 ιιΙΙιι,
927 521 1011 581 urrant
1029 506 1081 565 eilti
1093 506 1165 565 lortc
1175 508 1229 565 tin-

193 591 340 651 dicaverit.
362 591 416 649 scal
439 590 501 649 eitra
520 590 654 649 facultate
678 589 848 651 excludendi
868 590 974 649 alluta
994 606 1025 649 re
1050 593 1234 665 potamonis·

192 693 249 751 nne
263 676 423 751 possideat,
438 676 597 749 propiciatas
612 674 723 749 concipi
741 675 848 747 nequit.
871 675 942 747 lingo
958 675 988 744 in
1002 680 1077 735 elatu
1094 686 1232 749 naturae,

193 768 259 822 ente
272 761 365 820 cicilie
378 762 520 819 mulctatis
535 760 751 829 iustitutionem,
763 761 920 835 proprietas
931 759 1011 819 rtnlla
1025 768 1077 819 eat.
1097 761 1170 819 llaec
1180 761 1234 835 igi·

193 851 240 908 tur
254 848 366 905 nurtniei
382 862 399 905 ιι
413 847 547 905 societate
563 845 591 903 ni
605 846 702 917 legunt
717 843 845 903 cirillum
863 846 1004 916 ortanam
1020 846 1111 905 eluxit

228 934 310 1006 tteop.
321 932 394 991 illel.
407 932 501 990 dulce.
519 929 551 990 ti
566 928 686 989 naturae
700 944 802 989 onrnee
817 929 985 989 incitabant
995 931 1140 995 adurnuia
1151 930 1231 991 inde·

193 1020 342 1078 terminate
356 1026 385 1075 et
399 1016 548 1087 nepetino,
565 1031 657 1087 conc.;
671 1014 859 1073 determinate
872 1019 901 1073 et
916 1015 1043 1088 positive,
1059 1030 1141 1089 nepo.

228 1103 275 1162 lus
289 1101 468 1176 proprietatis
482 1100 588 1175 duplici
606 1101 689 1159 nando
705 1100 827 1173 praeclari
845 1108 953 1173 puteal:
970 1100 1113 1158 abstracte
1127 1105 1156 1159 el
1167 1116 1232 1158 con·

192 1196 274 1259 crate,
291 1187 333 1242 rel
349 1186 372 1244 si
388 1186 480 1258 magle
495 1186 581 1256 iuuet,
598 1184 732 1259 nepetino
746 1188 774 1241 et
786 1184 916 1259 punition
935 1182 1026 1242 Primo
1042 1184 1125 1243 ruodo
1140 1183 1230 1256 signi·

193 1270 260 1331 licat
274 1272 436 1329 laenitatem
451 1269 618 1343 acquirendi
633 1270 790 1342 generatim
806 1277 962 1343 acceptam,
978 1269 1047 1343 quin
1065 1268 1151 1327 nllanr
1173 1286 1235 1327 ura·

192 1356 293 1417 tetiam
307 1356 524 1418 determinatam
539 1355 640 1415 innuat
670 1355 700 1413 ln
715 1354 769 1411 hoc
784 1368 869 1413 aenon
884 1368 984 1413 otnrtee
1001 1354 1026 1412 vi
1045 1359 1164 1413 naturae
1184 1353 1232 1411 irre

191 1438 299 1506 habent
312 1441 346 1501 erl
362 1439 469 1499 omnia.
487 1440 590 1500 datura
604 1438 682 1497 enirn
701 1454 791 1511 poree
803 1437 910 1497 ntrllatn
921 1453 981 1501 ιιιιιι
999 1438 1170 1513 peculiarem
1186 1439 1235 1511 de·

192 1524 355 1588 terminant
370 1532 515 1598 uniquam
530 1523 673 1597 propriam
690 1523 775 1582 lartius
791 1522 834 1581 vet
850 1520 966 1582 altarino
981 1522 1131 1583 individui.
1155 1522 1232 1581 ilaec
1301 1526 1304 1531 '

190 1611 269 1669 enirn
284 1610 482 1669 determinatio
498 1609 623 1683 procedit
632 1608 768 1683 deinceps
778 1608 814 1666 alr
827 1608 963 1665 exercitio
976 1606 1128 1665 aclirintlic
1138 1608 1231 1679 ipsine

99 1748 103 1753 ,
191 1694 347 1766 individui,
364 1694 414 1769 nul
429 1694 473 1753 rel
487 1708 548 1753 rem
563 1692 600 1752 ab
616 1691 682 1753 aliis
696 1692 823 1767 nrrrtdntp
839 1700 1004 1765 occupatan
1022 1691 1076 1753 eibi
1092 1692 1235 1751 adcriscat

191 1786 220 1837 cl
234 1779 368 1843 elaboret,
385 1779 428 1835 rel
445 1778 553 1851 aliquid
568 1784 715 1835 contractu
736 1778 812 1835 licito
828 1778 864 1834 ait
879 1776 943 1835 aliis
959 1776 1085 1847 recipiat.
1102 1777 1234 1835 Secundo

191 1864 275 1923 tundo
289 1862 334 1921 ins
348 1862 384 1923 ad
397 1863 495 1922 omnia
508 1861 628 1934 intelligi
646 1868 740 1934 posset
754 1870 881 1923 concreto
895 1867 923 1920 el
937 1861 1073 1937 position,
1090 1871 1233 1937 qnatenus

192 1946 333 2017 slanilloot
348 1946 513 2007 laenitatem
534 1946 692 2019 usurpanti
712 1961 773 2012 rent
791 1946 966 2023 quemlihet,
983 1945 1095 2005 etiarnsi
1110 1946 1184 2006 alins
1198 1946 1234 2004 il·

190 2032 249 2093 lant
263 2033 337 2091 lueto
352 2032 433 2093 titulo
448 2032 506 2093 iarn
519 2045 603 2091 enam
616 2030 744 2093 effecerit
771 2032 801 2091 tn
818 2034 872 2091 lico
887 2047 973 2093 sensu
989 2032 1059 2093 talea
1074 2038 1118 2091 eet
1135 2048 1235 2107 propo·

188 2116 256 2179 sitio
269 2116 434 2176 adversarii.
452 2115 509 2174 lluc
522 2131 602 2175 cutm
617 2116 662 2176 ine
677 2118 785 2175 nemini
801 2134 818 2174 a
835 2127 941 2177 natura
956 2118 1058 2190 datnr;
1080 2119 1168 2177 irnrnn
1185 2132 1234 2189 po-

189 2203 246 2263 tine
261 2202 396 2261 omninno
409 2202 567 2275 imponitur
580 2202 724 2262 contrario
739 2201 876 2273 obligatio
894 2218 949 2259 non
970 2202 1102 2275 tangendi
1117 2216 1178 2261 rent
1193 2200 1233 2259 ab

192 2287 257 2359 aliip
276 2288 349 2347 iuete
370 2302 548 2361 poeseeeam3
569 2301 636 2345 cum
655 2286 703 2346 lex
724 2293 842 2347 naturae
860 2288 1015 2363 praecipiat
1035 2294 1065 2345 ut
1085 2288 1232 2347 neminem

189 2370 295 2433 iniuria
318 2372 488 2435 alticiamne.
517 2372 609 2440 Quare
632 2372 719 2431 etiam
744 2388 799 2431 nott
828 2372 972 2446 errpposita
1001 2373 1134 2429 societate
1162 2372 1232 2430 civi·

191 2456 230 2529 li,
246 2457 293 2517 ine
307 2456 478 2519 excludendi
493 2456 565 2517 aiios
579 2472 598 2515 a
614 2473 666 2523 re,
683 2470 770 2531 quarn
787 2458 861 2517 iuste
876 2456 931 2515 eibi
946 2456 1068 2531 quinne
1082 2457 1229 2531 aalscruit,

188 2558 288 2603 terena
303 2543 388 2614 riget.
703 2590 708 2599 .
752 2556 756 2561 ·
1258 2550 1260 2553 ·

223 2626 313 2688 cutio.
330 2628 374 2687 lll.
395 2627 436 2686 Ex
454 2626 601 2687 Bentltant.
620 2625 707 2685 Extra
727 2630 830 2685 aarum
853 2623 965 2684 civilem
988 2626 1144 2702 proprietas
1163 2641 1229 2685 ean-

189 2713 282 2773 clicne
297 2714 376 2771 nulla
393 2713 519 2771 fulcitur.
536 2712 685 2771 individua
708 2710 784 2769 enirn
801 2713 828 2769 in
850 2727 884 2769 eo
902 2716 978 2769 scitu
992 2712 1186 2770 dcelltunntur
1202 2714 1229 2770 ri

187 2796 323 2870 coactiva,
335 2814 393 2872 nna
406 2799 478 2856 alios
492 2797 527 2855 ad
544 2797 691 2871 proprium
708 2797 754 2853 ine
769 2797 956 2854 reverendum
973 2795 1097 2867 adigant.
1114 2798 1147 2855 dt
1162 2812 1230 2855 veru

188 2882 250 2941 sine
269 2883 415 2941 coerctione
435 2880 482 2941 iias
504 2882 615 2940 nullum
638 2882 751 2955 concipi
774 2891 872 2957 poten.
895 2880 966 2954 Ergo
984 2882 1030 2939 lus
1049 2881 1230 2955 proprietatis

187 2966 300 3029 nonnisi
315 2983 332 3025 ιι
346 2967 421 3025 cirili
437 2966 617 3025 institutione
631 2967 769 3025 dimanat.

219 3052 301 3127 lleep.
317 3052 408 3111 lluiue
422 3052 547 3110 aucurie
562 3051 692 3125 deceptio
711 3052 776 3109 iude
794 3051 886 3111 oritur
904 3051 979 3125 ntrod
998 3050 1137 3110 actualem
1162 3064 1229 3109 coa·

186 3138 308 3198 ctionem
323 3144 351 3195 et
367 3136 424 3197 ritu
440 3137 586 3211 plrpaicant
601 3137 639 3195 ad
653 3138 744 3210 irruant
759 3138 914 3195 resentirent
926 3136 996 3195 iurie
1012 3136 1152 3211 pertinere
1166 3136 1230 3194 exi-

185 3222 291 3282 stirnat.
308 3222 384 3291 Quod
401 3221 480 3281 alita
494 3227 585 3294 aeecl3
605 3221 656 3295 oui
675 3220 786 3280 viribus
812 3228 907 3293 caret,
925 3220 949 3279 is
966 3222 1044 3279 omni
1062 3220 1125 3279 iure
1141 3220 1229 3281 deoti-

186 3312 332 3380 meretur,
349 3314 379 3365 et
392 3307 451 3366 eole
467 3306 660 3381 praepotentia
674 3307 721 3364 ine
736 3306 884 3380 gigneret3
902 3320 968 3363 curn
982 3311 1080 3364 contra
1095 3320 1153 3379 nuo
1166 3320 1228 3365 ura·

184 3392 229 3465 gis
241 3392 306 3468 quis
320 3390 444 3450 imbellis
456 3401 500 3450 eet
514 3398 542 3450 et
556 3392 619 3449 eirre
634 3391 763 3463 cirione,
779 3404 813 3448 eo
828 3390 970 3449 sanctiora
993 3390 1086 3463 putari
1100 3388 1225 3448 debeant

183 3476 247 3535 iura
260 3492 335 3551 qnae
350 3477 474 3551 possidet
486 3491 520 3534 uc
534 3476 636 3534 maiori
652 3475 833 3534 verteratione
848 3474 976 3533 colenda.
992 3476 1059 3533 Tota
1073 3474 1161 3549 igitur
1182 3477 1227 3535 vis

185 3567 214 3621 at
227 3562 337 3621 eanelin
351 3562 464 3621 litterae
478 3562 550 3619 iuris
564 3562 680 3619 moralia
696 3570 757 3631 cet,
776 3577 812 3619 en
829 3562 889 3632 lege
907 3567 969 3619 orta
986 3568 1177 3634 qliaecctntos
1189 3560 1228 3619 ad

183 3648 395 3710 uenerationem
417 3655 446 3705 et
466 3647 678 3705 observantiam
698 3645 858 3715 adstringit.
880 3645 956 3713 Ouod
978 3654 1074 3705 autem
1096 3644 1141 3703 ius
1162 3660 1227 3703 con-

183 3731 306 3789 ctionem
321 3734 571 3794 etiam-externam
586 3738 615 3789 et
629 3732 777 3806 pltpelcam
794 3730 847 3789 sibi
864 3730 1005 3804 adsciscit3
1022 3732 1051 3791 ld
1063 3746 1118 3788 non
1131 3730 1225 3805 pretin-

183 3812 219 3868 de
234 3814 450 3883 intelligendum
463 3829 515 3889 est,
526 3817 607 3890 orroei
627 3818 652 3874 vi
664 3816 786 3874 uclrralie
801 3818 834 3873 ad
852 3817 914 3874 eius
928 3816 1111 3874 exislcnllnnn
1128 3816 1225 3889 requi·

181 3903 271 3969 ratur,
287 3902 336 3957 eetl
352 3899 470 3973 intelligi
485 3900 721 3979 debetquatenue
731 3906 881 3979 poteslaea
896 3908 999 3960 nutura
1009 3900 1060 3964 liat
1070 3901 1128 3961 vitu
1142 3899 1223 3963 adhi-
