2767 4492
570 351 702 398 enniana
1119 342 1160 402 al

114 446 196 494 mens
210 429 323 494 assidue
337 434 373 494 ab
388 448 445 494 uno
459 433 565 494 iudicio
579 436 616 495 ad
636 436 715 496 aliud
729 438 885 514 gradiatur,
900 454 952 514 pro
965 455 1071 514 rerum,
1088 455 1162 516 puae

114 519 287 579 obiiciuntur
301 525 351 578 aut
365 525 634 596 commemorantur,
653 521 801 582 uarietate.
813 525 846 582 llt
856 540 924 583 vero
934 541 1047 601 semper
1060 526 1161 584 eadem

114 605 299 666 conformatio
314 605 518 680 intelligentiae
529 612 636 680 manet,
653 622 728 682 quae
743 623 809 666 cum
819 610 972 668 existentia
984 611 1047 685 ipsa
1060 612 1161 685 recipl-

114 695 174 765 tur,
202 697 230 750 et
251 707 308 766 qua
331 691 416 750 bomo
440 690 646 750 determinatur
669 691 706 750 ad
728 693 913 752 iudicandum
928 693 976 767 id,
1003 696 1078 768 quod
1091 697 1160 755 ordo

113 777 225 852 exigit,
252 784 315 837 esse
329 777 512 851 iaciendum,
533 776 609 850 quod
627 781 725 838 autem
746 777 841 837 ordini
854 783 1013 852 repugnat„
1037 781 1160 839 esseda

113 861 288 922 elinandum.
418 863 427 872 ”

166 947 254 1008 Obiic.
271 948 314 1007 lll.
331 949 394 1008 ldeo
405 948 453 1008 len
463 947 601 1008 naturalis
616 948 781 1023 adstruitur,
798 955 831 1009 ut
845 949 883 1009 sit
896 963 999 1009 norma
1013 949 1159 1008 actionum

112 1034 141 1092 in
156 1033 280 1094 homine.
297 1035 380 1108 Atqui
394 1035 430 1093 ad
447 1034 477 1093 id
491 1034 622 1094 sulficere
637 1042 731 1109 polest
740 1035 871 1109 uoluptas
885 1041 935 1094 aut
949 1034 1037 1107 dolor,
1055 1035 1105 1107 qui
1120 1052 1158 1094 ox

111 1119 228 1179 obiectis
243 1119 370 1194 prolluit;
386 1118 438 1190 uel,
448 1119 548 1178 saltem
558 1119 620 1194 ipsa
634 1125 756 1180 naturae
773 1119 936 1194 propensio,
957 1135 1014 1193 qua
1028 1119 1065 1178 ad
1079 1119 1155 1180 oble·

110 1211 156 1264 cta
171 1205 254 1265 nobis
268 1203 465 1263 conuenientia
477 1203 659 1263 inclinamur.

145 1291 227 1363 llesp.
244 1289 326 1348 Dolor
340 1295 369 1348 et
382 1288 510 1364 uoluptas
521 1295 667 1364 nequeunt
678 1307 742 1350 esse
751 1304 854 1350 norma
862 1291 1007 1350 actionum
1017 1291 1157 1350 humana·

108 1390 174 1434 rum
188 1373 338 1447 multiplici
352 1375 470 1434 ratione.
488 1373 624 1448 Primum,
644 1375 713 1448 qula
724 1375 906 1449 suntaliquid
913 1390 1018 1448 vagum
1028 1381 1057 1433 et
1066 1375 1158 1433 incer·

109 1464 170 1518 tum
184 1462 213 1517 et
226 1457 363 1517 mutabile
379 1464 407 1516 et
422 1457 550 1531 pendens
565 1473 602 1516 ex
617 1459 842 1518 circumstantiis
855 1464 884 1517 et
899 1458 1097 1518 allectionibus
1110 1474 1156 1517 ac-

1 1543 3 1626 J
108 1543 295 1603 eidentalibus
310 1542 440 1602 subiecti.
452 1543 557 1612 Deinde
572 1543 640 1616 quia
655 1544 699 1602 sic
712 1544 781 1602 ordo
792 1543 912 1602 rationis
923 1544 1035 1617 penitus
1045 1559 1156 1618 perrer—

108 1634 222 1688 teretnr.
238 1629 327 1701 Saepe
341 1627 419 1686 enirn
433 1626 542 1688 obiecta
557 1627 709 1703 interiora,
731 1645 806 1702 quae
821 1643 954 1702 supremo
971 1628 1046 1688 bono
1064 1628 1155 1687 animi

106 1721 303 1788 opponuntur,
330 1713 467 1774 maiorem
489 1713 706 1772 delectationem
728 1714 852 1772 afferunt
873 1721 987 1788 propter
1010 1714 1152 1772 sensibili-

106 1807 208 1871 tatem,
222 1815 294 1872 qnae
309 1798 428 1856 viridior
442 1804 502 1866 est,
515 1803 543 1856 et
554 1801 668 1871 propter
677 1797 843 1872 passionum
852 1799 1064 1858 vehementiam
1079 1813 1153 1873 quae

105 1885 210 1944 mentis
223 1883 361 1942 iudicium
381 1883 503 1942 turbant.
524 1882 647 1940 landem
663 1884 731 1957 qula
752 1899 810 1942 non
824 1891 892 1942 sunt
910 1883 1057 1958 proprium
1073 1882 1151 1942 obie-

106 1976 183 2029 ctum
197 1969 324 2041 rationis,
341 1983 414 2042 quae
428 1969 558 2026 ordinem
572 1974 700 2040 spectare
714 1968 799 2026 debet
814 1974 842 2026 et
865 1968 896 2027 id
910 1970 986 2042 quod
1002 1967 1038 2025 ab
1053 1967 1152 2027 ordine

105 2055 285 2130 praecipitur.
304 2053 380 2112 Unde
394 2053 487 2128 primp
501 2068 567 2126 pars
582 2052 758 2110 dillicnltatis
772 2051 860 2110 nimis
878 2058 974 2126 aperte
989 2052 1061 2129 laisa
1088 2057 1151 2124 est;

105 2154 159 2198 nec
174 2140 279 2198 mirum
292 2137 379 2195 videri
393 2136 486 2208 debet,
498 2136 522 2194 si
533 2151 595 2194 eam
612 2135 742 2209 probavit
755 2135 898 2194 Helvetios
914 2140 924 2184 t
944 2139 1003 2212 qui,
1015 2142 1047 2196 ut
1060 2137 1153 2195 bonus

106 2224 239 2284 sensismi
250 2229 448 2295 propugnator,
462 2217 532 2278 nillil
543 2220 574 2277 in
586 2220 711 2292 bomine,
723 2227 835 2294 praeter
845 2236 962 2280 sensum
971 2221 1095 2296 agnovit.

141 2307 226 2365 Alteri
240 2321 307 2364 uero
322 2304 481 2362 difficultati
496 2305 661 2378 reponimus
675 2304 895 2378 propensionem
910 2322 961 2365 seu
983 2306 1151 2366 instinctum

105 2399 224 2454 naturae
246 2389 378 2466 opitulari
403 2389 519 2463 quidem
540 2391 575 2448 ad
596 2390 737 2449 actionem
753 2392 945 2464 exerendam,
966 2397 995 2450 et
1009 2393 1150 2451 indicium
1253 2417 1258 2426 ·

106 2477 248 2552 quoddam
263 2475 413 2547 exhibere,
434 2490 490 2548 quo
508 2474 639 2533 ordinem
664 2491 681 2532 a
703 2474 759 2535 lleo
778 2475 809 2534 in
828 2473 914 2534 rebus
938 2476 1149 2534 constabilitum

106 2563 293 2624 coniiciamus
305 2581 312 2636 ;
326 2568 355 2620 at
369 2575 466 2618 veram
481 2575 613 2619 normam
629 2561 766 2634 operandi
789 2577 841 2635 pro
855 2565 919 2619 ente
933 2559 1066 2618 rationali
1085 2575 1151 2617 con-

107 2649 223 2708 stituere
239 2662 419 2722 nequaquam
430 2661 521 2719 posse.
539 2647 595 2704 Hoc
611 2647 688 2704 enim
704 2662 762 2704 non
777 2661 862 2704 caece
872 2644 1056 2703 inoblectum
1069 2643 1147 2714 lerri,

106 2735 157 2792 sed
171 2734 207 2793 ab
222 2733 331 2804 ordine,
348 2747 434 2805 quem
448 2731 476 2789 ui
492 2731 696 2802 intelligentiae
719 2730 838 2802 detegit,
862 2729 927 2786 duci
947 2727 1049 2797 debet,
1071 2742 1150 2784 eum-

106 2819 228 2890 demque
243 2817 325 2890 sequi
338 2816 532 2887 adstringitur,
550 2816 662 2872 etiamsi
684 2813 765 2870 nulla
786 2811 969 2870 inclinatione
984 2810 1150 2869 instinctiua

106 2901 143 2960 ad
157 2900 239 2958 illum
258 2900 434 2957 incitaretur.
453 2899 485 2956 lit
500 2898 628 2956 omittam
645 2901 753 2953 ceteras
767 2895 901 2967 rationes,
917 2911 988 2967 quas
1008 2910 1095 2967 supra
1112 2895 1148 2952 ad

105 2983 288 3045 existentiam
297 2982 369 3056 legis
384 2981 523 3042 naturalis
538 2979 742 3039 adstruendam
757 2979 938 3054 adduximus,
948 2995 1020 3054 quas
1034 2979 1082 3039 lrle
1096 2978 1148 3038 ite-

105 3084 171 3129 rum
189 3081 413 3128 commemorare
428 3081 485 3126 non
501 3071 593 3124 vacat.

515 3225 684 3286 lnrrcunus
701 3225 733 3286 ll.

390 3349 429 3413 lle
447 3353 595 3413 coactione
609 3353 678 3429 lepis
693 3348 854 3414 obturatis.

138 3478 182 3544 bi.
204 3481 316 3543 Sanctio
329 3481 514 3540 nominantur
527 3481 687 3556 praemium
706 3485 755 3540 aut
769 3495 861 3554 poena
880 3495 897 3538 a
912 3480 1072 3553 legislatore
1091 3493 1143 3556 pro

101 3569 280 3629 servantibus
295 3572 345 3625 aut
361 3566 631 3640 transgredientibus
645 3565 738 3639 legem
753 3565 915 3626 constituta.
928 3564 1013 3624 Porro
1027 3565 1097 3639 qnid
1107 3567 1143 3623 de

101 3669 137 3712 ea
150 3659 280 3728 respectu
295 3651 365 3726 legis
385 3651 522 3710 naturalis
536 3649 644 3710 lumine
659 3650 778 3710 rationis
788 3649 950 3724 doceamur,
967 3649 1058 3711 tribus
1079 3664 1144 3725 pro-

98 3737 289 3814 positionibus
302 3735 458 3814 explicabo.

145 3917 156 3964 l
175 3919 209 3967 Da
225 3919 324 3984 l'esprr'l.
341 3911 394 3970 disc.
412 3921 435 3988 ὕ,
452 3919 486 3971 elr.
505 3919 529 3974 4.
