2767 4492
225 362 294 444 ,aad
684 371 848 418 mauman

274 462 334 531 Qua
351 460 383 520 in
397 474 428 520 re
442 455 550 535 duplex
564 454 677 518 insania
692 456 776 517 vitari
791 454 887 514 debet.
906 451 970 512 tina
983 456 1028 513 est
1041 461 1141 512 comm
1157 446 1212 528 qui
1228 467 1300 529 pue·

238 547 285 606 rili
300 546 383 606 modo
403 546 621 605 buncemorem
636 544 857 617 interpretantes
871 553 906 599 eo
920 538 1122 613 abducuntur,
1137 545 1171 598 ut
1187 545 1298 600 terram

238 626 1298 707 natalemquaquaversusexaggeratislaudibnsextollant,eiqneomnem

238 717 463 792 praerogativam
474 715 580 776 iniuria
590 713 764 774 adiudicent.
776 711 854 772 Unde
866 711 937 770 litut
947 712 1094 770 saniorum
1104 727 1297 786 saepenume

237 819 269 862 ro
283 803 374 862 risum
392 803 531 876 exciteut3
544 815 620 874 cum,
632 799 745 876 superis
763 798 871 871 invitis,
887 797 1011 872 patriam
1024 813 1109 872 saepe
1123 796 1223 858 civilis
1237 799 1297 858 carl·

238 894 318 948 turae
332 903 486 964 rerumque
500 893 660 946 ceterarum
673 885 757 945 ualde
771 885 888 958 inopem
901 898 969 958 pree
979 883 1081 942 ceteris
1095 891 1189 942 terrae
1205 886 1296 957 parti·

236 970 292 1033 bus
309 973 393 1032 bonis
408 973 542 1033 omnibus
557 971 715 1041 abundare,
731 974 760 1028 et
775 968 851 1028 iuter
861 967 1015 1054 'scochies
1029 983 1130 1026 omnes
1145 976 1295 1042 praestan

237 1059 378 1118 tissimam
391 1074 453 1118 csse
469 1057 671 1117 vociferantur.
689 1054 769 1123 Quod
785 1053 855 1112 dum
870 1052 998 1124 iaciunt,
1018 1052 1054 1112 iis
1069 1052 1240 1113 assimiliari
1254 1056 1295 1116 ui·

237 1142 350 1217 dentur,
368 1143 480 1218 quietsi
495 1157 600 1216 egenos
610 1147 742 1216 parentes
756 1138 885 1197 habeant
895 1153 930 1196 ac
943 1138 1040 1211 rudes,
1056 1153 1105 1196 cos
1120 1143 1293 1199 tamenesse

236 1227 467 1304 opulentissimos
477 1226 592 1287 etomni
607 1225 728 1285 scientia
746 1224 1050 1296 refertosasseuerent
1067 1223 1153 1297 idque
1164 1225 1293 1285 adame

237 1329 299 1373 rem
311 1313 379 1388 ipsis
391 1313 520 1372 debitum
534 1312 678 1386 pertinere
693 1309 879 1369 arbitrantur.
891 1309 932 1381 ut,
944 1307 1134 1384 quodfalsum
1143 1316 1199 1384 est,
1215 1327 1236 1370 a
1248 1329 1292 1372 ra·

238 1399 314 1458 done
324 1397 509 1472 proculdubio
518 1396 666 1472 abhorret3
680 1394 757 1470 quod
766 1400 864 1453 autem
874 1409 891 1452 a
901 1395 1010 1452 ratione
1019 1393 1165 1464 abhorret,
1178 1397 1292 1456 homiui

237 1487 698 1556 consentaneumessononpotest.
707 1479 801 1538 Altera
811 1479 926 1539 insania
935 1479 1049 1538 iliorum
1058 1485 1112 1548 est,
1121 1480 1172 1554 qui
1182 1484 1292 1555 patriae

237 1567 417 1627 ditectionem
428 1582 483 1626 uon
492 1566 594 1642 puerili
603 1565 653 1624 sed
665 1564 758 1640 potius
769 1565 948 1623 ethnicorum
958 1558 1016 1623 ritu
1023 1563 1198 1638 observant;
1215 1582 1290 1640 qua·

239 1657 322 1710 tenus
336 1650 412 1710 illius
427 1650 608 1726 splendorem
618 1653 646 1708 et
654 1649 775 1722 gloriam
789 1649 871 1707 nulla
882 1648 1038 1707 honestatis
1051 1647 1152 1721 regula
1166 1651 1292 1709 metiun-

239 1742 293 1810 tur,
311 1738 360 1796 sed
374 1735 514 1811 quidquid
529 1735 565 1794 nd
579 1750 644 1793 eam
659 1735 794 1792 luendam
808 1741 837 1791 et
850 1731 1081 1806 amplificandam
1095 1733 1217 1808 confert,
1227 1735 1292 1794 sive

237 1817 1294 1893 bouumetsivemalurn,continnoamplectendumetinculcandumcxi·
1356 1846 1357 1871 i

238 1903 1292 1978 stimant.dtquantoperealluciuentur,nemoostnonvideat.0rdoenim

238 1990 363 2049 iustitiae
372 1989 565 2048 ethonestatis
575 1988 711 2047 omnibus
725 1989 859 2049 humanis
873 1987 1176 2062 allectibusimperare
1185 1991 1292 2066 debet3
1356 2018 1357 2021 ¹

239 2076 304 2150 qui,
325 2075 348 2134 si
364 2073 400 2133 ab
415 2073 463 2132 illo
478 2072 643 2146 discedunt,
661 2089 718 2133 nou
739 2076 829 2132 deciis
848 2072 971 2132 afferunt
988 2073 1039 2131 sed
1063 2073 1292 2150 turpitudinem,

239 2175 297 2218 nou
313 2160 448 2218 virtutem
463 2157 638 2218 constituunt
652 2158 703 2218 sed
714 2159 826 2218 vitium.

273 2243 365 2302 Patria
382 2243 469 2317 igitur
489 2244 612 2303 charitas
637 2259 693 2304 non
717 2245 833 2319 quidem
855 2243 885 2304 in
902 2243 981 2304 bisce
995 2242 1122 2304 stultitiis
1137 2245 1292 2323 cernitur3
1355 2270 1356 2327 q

238 2328 288 2387 sod
303 2329 332 2386 in
348 2328 401 2387 hoc
416 2345 515 2388 revera
529 2330 662 2404 ponitur,
679 2335 711 2387 ut
726 2329 756 2388 in
772 2329 873 2404 primis
887 2330 1008 2404 patriam
1024 2329 1222 2403 praeferamus
1232 2349 1294 2392 non

238 2413 366 2473 absolute
381 2414 431 2473 sed
445 2413 583 2488 rotatim,-
598 2415 672 2474 idest
686 2421 718 2474 ut
729 2430 809 2486 eam,
826 2429 884 2474 uon
896 2415 932 2473 ab
942 2413 1091 2487 omnihus,
1108 2415 1158 2474 sed
1175 2418 1296 2477 euobis

238 2499 386 2557 dumtaxat
402 2515 469 2572 pree
483 2500 585 2559 ceteris
601 2499 788 2559 societatibus
803 2497 936 2557 civilibus
950 2514 1013 2558 esse
1027 2498 1207 2571 diligendam
1217 2501 1296 2562 iudi·

239 2596 355 2642 ceruus:
373 2599 429 2642 uon
446 2583 581 2658 puluillis
596 2583 757 2657 antecellit,
775 2584 824 2642 sed
839 2583 906 2657 quia
921 2583 1004 2656 plura
1017 2583 1043 2642 ei
1058 2590 1177 2657 accepta
1192 2587 1298 2646 referi·

236 2683 317 2742 mus,
338 2685 411 2744 quae
426 2669 463 2726 ab
486 2668 550 2726 aliis
565 2669 689 2726 mutuati
713 2683 771 2726 uon
788 2683 903 2742 sumus,
920 2684 954 2727 ac
972 2667 1091 2742 proinde
1107 2685 1178 2742 erga
1196 2671 1298 2745 ipsam

235 2753 374 2827 peculiari
389 2754 512 2828 quodam
522 2752 595 2827 grati
614 2753 705 2813 animi
720 2769 807 2812 sensu
821 2753 991 2828 obligamur.
1009 2751 1124 2826 Deinde,
1137 2759 1170 2812 ul
1180 2771 1223 2815 ex
1238 2758 1298 2818 hae
1354 2764 1355 2773 ’

236 2837 386 2897 dilectione
406 2839 440 2896 ad
459 2837 567 2912 patriae
581 2837 668 2898 decus
682 2843 768 2912 atquo
784 2839 986 2911 praestantiam
997 2838 1136 2897 nonialso
1148 2842 1298 2902 extollen-

237 2919 304 2980 dum
319 2923 369 2982 scd
385 2923 488 2981 uostris
504 2921 650 2984 laboribus
668 2924 879 2998 procurandam
893 2929 922 2982 et
936 2924 1096 2997 aagendam
1109 2925 1297 3002 excitemur;

238 3142 247 3166 r
264 3122 402 3186 prdeddenis,
419 3129 441 3170 ct
454 3123 491 3186 qu'
499 3123 515 3170 il
529 3123 576 3170 doit
590 3129 635 3171 etro
645 3126 691 3188 pris
707 3124 763 3174 daur
776 3123 798 3173 lo
808 3125 865 3173 droit
879 3125 917 3172 des
933 3141 994 3186 qens.
1006 3125 1066 3171 Dans
1082 3141 1114 3170 un
1123 3141 1175 3172 sens
1192 3127 1249 3189 plns
1260 3146 1302 3178 re-

237 3220 246 3241 ·
265 3206 324 3247 rerrd
334 3207 355 3248 et
369 3200 419 3264 plus
429 3200 555 3264 rldpendaol
569 3201 595 3248 do
612 3201 627 3247 l'
635 3202 774 3265 etymologia,
791 3219 816 3250 ee
830 3192 1092 3264 urmougnuuai’hru,
1108 3218 1137 3248 en
1152 3211 1229 3251 mene
1247 3207 1303 3269 plns
1353 3252 1354 3273 q

239 3297 247 3318 ι
267 3276 465 3338 perticuliercmenl
484 3277 506 3322 la
520 3277 580 3339 ville,
595 3277 616 3324 le
631 3277 686 3334 lieu!
699 3281 727 3324 od
743 3294 783 3324 nor
797 3284 886 3340 parents
900 3279 987 3324 avaient
1000 3277 1048 3324 leur
1064 3277 1175 3342 domicile,
1193 3296 1224 3326 arr
1243 3299 1301 3330 mo-
1353 3284 1354 3295 ¹

236 3372 245 3394 ι
263 3359 322 3398 urerrt
337 3352 364 3399 do
379 3359 441 3400 noire
456 3352 577 3400 nrissance.
597 3353 665 3399 Enoc
680 3370 730 3400 sens
745 3370 776 3400 en
791 3355 823 3400 dir
834 3369 885 3401 aroc
898 3354 972 3401 raison
985 3371 1028 3416 quc
1037 3353 1062 3420 Ιιι
1073 3356 1144 3418 patria
1158 3370 1189 3401 ne
1200 3373 1226 3404 se
1241 3367 1301 3422 pent

238 3447 247 3472 ι
259 3415 359 3490 'elongor
373 3434 395 3476 et
404 3428 506 3476 demeare
516 3431 613 3492 luujonrs
623 3429 644 3475 la
659 3437 730 3476 urdine
740 3447 768 3477 eu
783 3430 878 3493 quelque
893 3430 939 3476 lieu
950 3446 992 3492 qne
1002 3430 1051 3476 l'ou
1066 3446 1090 3476 se
1100 3437 1228 3494 transporle
1238 3433 1301 3480 «laus

198 3565 201 3570 Ι
238 3524 247 3546 ι
264 3503 285 3550 ln
301 3505 365 3551 ruite.
383 3504 416 3550 llo
432 3504 518 3552 homme
535 3505 581 3551 doit
596 3519 713 3552 causarer
728 3505 755 3552 de
768 3506 790 3551 la
804 3505 985 3553 reconnaiseauee
1009 3511 1031 3551 et
1044 3505 1072 3552 do
1087 3504 1219 3553 l'alieetion
1235 3525 1301 3572 pour

239 3599 247 3623 ι
267 3579 282 3626 1’
291 3570 341 3626 dut
354 3580 433 3643 auquel
443 3579 458 3626 ii
469 3580 516 3626 doit
531 3597 570 3626 son
582 3581 707 3644 dduration,
715 3588 738 3628 et
747 3581 802 3627 dent
814 3599 849 3629 ses
865 3589 954 3646 parente
968 3581 1050 3630 etaient
1062 3581 1171 3628 membres
1187 3582 1301 3648 lorsqriil

239 3678 248 3702 ι
267 3658 299 3704 lui
314 3659 437 3705 donudrent
452 3659 474 3705 ln
489 3659 532 3706 rio.
549 3659 604 3706 blais
618 3673 702 3728 comme
717 3660 812 3707 diverses
822 3661 1028 3724 rainone-legitimas
1043 3667 1139 3725 peterent
1152 3661 1167 3707 1²
1174 3662 1270 3724 obliger·
1287 3668 1301 3710 δ

238 3754 247 3778 r
264 3749 286 3780 sc
301 3733 382 3781 choisir
395 3749 440 3781 nno
454 3739 516 3781 autre
531 3735 610 3798 patrie,
627 3735 646 3782 e'
655 3736 781 3798 cst-b-dirrq
797 3737 912 3784 idercnir
925 3737 1022 3784 membro
1039 3737 1111 3784 d’nne
1123 3743 1187 3784 unire
1199 3739 1301 3799 soeiffi,

239 3828 248 3852 ι
268 3810 341 3871 quand
358 3827 413 3858 nous
428 3811 517 3874 parlous
531 3828 558 3858 en
573 3812 660 3873 pindral
675 3813 714 3858 des
728 3813 815 3861 devoir·
829 3825 907 3862 curere
920 3814 942 3861 lr
957 3815 1037 3878 patrie,
1048 3830 1076 3860 on
1088 3813 1135 3860 doit
1148 3814 1266 3862 comoda-e
1275 3833 1303 3862 oe

240 3902 248 3926 ι
268 3890 336 3930 termo
350 3885 377 3932 de
391 3877 462 3932 l'Eiat
476 3887 530 3934 dont
548 3903 578 3934 nn
593 3887 679 3935 bonrum
695 3893 728 3936 est
742 3890 839 3936 membre
855 3891 934 3954 actual,
949 3891 1042 3954 puirqne
1057 3889 1116 3942 e'est
1134 3890 1192 3938 celui
1209 3892 1301 3954 auquel

240 3976 249 4004 r
267 3955 284 4011 il
299 3973 322 4008 so
333 3957 378 4014 doit
389 3961 547 4019 luculentiores
564 3977 602 4028 [nr
612 3964 748 4030 preference,
765 3986 774 4012 ι
792 3969 823 4027 t<
836 3968 900 4023 droit
914 3969 954 4021 dra
966 3981 1022 4034 prat
1037 3971 1052 4015 t.
1065 3967 1085 4034 1,
1102 3966 1119 4016 1.
1135 3967 1156 4036 1,
1168 3965 1206 4018 ete.
1219 3967 1264 4034 xq.
1352 4038 1353 4043 η
