2767 4492
349 337 424 390 runs
439 331 932 388 mnu-monodrsrtnrustm
1105 314 1162 386 tit

123 431 152 490 et
164 426 287 490 stimulis
300 425 504 488 conscientiam
518 425 607 498 angit,
623 439 676 484 neo
691 425 846 499 quidquam
857 424 941 499 piane
951 425 1160 500 praetermittit,

13 535 14 564 ÷
123 521 154 574 ut
167 514 204 573 ab
218 512 363 587 impietate
378 525 426 570 eos
441 509 570 569 nomines
583 506 706 568 r'erooet.
723 508 813 577 Quare
826 510 875 582 qui
889 509 973 584 perit
989 510 1029 568 ita
1043 509 1117 584 perit
1130 513 1163 570 ut

122 615 181 660 non
199 599 282 658 niodo
296 598 332 657 de
346 597 404 658 Deo
418 595 498 671 queri
509 596 571 654 iure
586 609 642 654 non
657 592 755 668 possit,
767 594 912 653 sedetiam
926 595 1053 654 ooniiteri
1068 596 1164 669 adiga-

12 671 13 692 ¹
122 688 178 758 tur,
194 677 1164 757 soasupremohonorumronteomniareoeptsse,quousracidimo

12 789 13 796 ¹
122 767 243 828 salutm]
253 771 479 842 consequuturus
497 769 568 838 erat,
584 753 705 824 neonisi
718 762 834 838 propria
847 762 1032 822 voiuntateao
1042 765 1165 838 pertina-
1247 815 1252 822 .

11 905 12 908 ,
122 853 168 914 ois
186 853 336 913 corruisse.
360 850 541 912 Potissimum
557 864 624 910 vero
638 864 706 909 oum
719 848 815 907 rideat
834 847 1017 921 quamplures
1037 863 1098 908 osse
1116 849 1166 922 qui

122 938 206 1013 longe
215 938 379 1013 operosiore
387 937 446 995 vita
455 941 567 996 utentes
581 940 609 994 et
625 932 1058 994 difficilioribusdiitienttatibus
1072 934 1166 1008 impii·

123 1023 172 1084 oiti
185 1022 311 1084 iustitias
329 1029 358 1082 et
371 1020 470 1082 voturi
487 1019 646 1080 servierint.
1112 1023 1116 1030 ·

10 1113 11 1132 t
157 1107 303 1168 Eiusmodi
312 1113 340 1166 et
354 1105 460 1166 similia
473 1103 663 1178 responsatis
673 1101 1080 1179 quaestionibusbalbutiendo
1090 1106 1167 1177 apta·

122 1207 197 1254 mus.
209 1191 434 1252 deteruminhts
443 1189 539 1263 rebus,
548 1205 621 1263 quae
630 1189 728 1248 divina
736 1189 879 1262 attingunt
887 1188 1005 1247 consitis
1014 1193 1043 1247 ot
1051 1193 1166 1262 captum

122 1278 284 1337 humanum
297 1280 440 1350 superant,
462 1275 619 1334 oodroeuda
632 1273 721 1332 animi
746 1273 930 1347 praefidentia
944 1279 995 1347 est,
1011 1279 1040 1332 et
1059 1273 1109 1333 Dei
1123 1290 1167 1334 sa·

122 1361 230 1435 pientia
243 1365 272 1419 et
288 1359 402 1418 bonitas
422 1358 574 1432 adorando,
596 1373 669 1431 quse
688 1357 868 1417 sanctissima
885 1358 969 1430 plano
983 1364 1027 1416 est
1040 1363 1069 1416 et
1088 1360 1165 1420 esui

123 1453 226 1504 natura
241 1458 299 1502 non
318 1442 423 1502 deficit.
444 1441 522 1511 Quod
537 1443 643 1516 siquis
661 1443 867 1517 impudentius,
883 1458 968 1516 quam
985 1442 1053 1502 ferri
1068 1443 1165 1517 possit,

126 1529 240 1588 divium
263 1525 457 1602 providentiae
480 1541 581 1586 causas
602 1535 703 1586 otnnes
720 1529 841 1586 scrutari
865 1527 964 1601 vettet3
980 1527 1006 1586 is
1026 1527 1163 1586 stultitiae

122 1618 220 1673 notam
241 1613 410 1683 incurreret,
430 1615 515 1685 atquo
529 1611 599 1670 iilud
613 1611 735 1686 Apostoli
757 1611 819 1670 inre
834 1611 957 1670 audiret:
975 1609 998 1670 0
1016 1611 1111 1684 hotto,
1134 1618 1167 1668 tu

8 1757 9 1772 ,
124 1697 193 1774 quis
208 1713 235 1757 os
245 1697 301 1772 qui
314 1696 430 1756 iudicor
443 1694 553 1754 Domni
570 1695 713 1769 Numquid
726 1696 854 1768 consiliis
867 1695 972 1756 divinis
985 1695 1168 1755 interfuimus

122 1788 268 1842 uteorum
280 1793 385 1840 mosne
397 1779 556 1855 pateiaoere
570 1795 604 1840 ao
618 1780 671 1839 sub
687 1781 786 1840 dirum
800 1781 926 1855 proferre
935 1781 1107 1854 {valeamus‘t
1121 1781 1168 1839 Su·

124 1867 161 1928 tis
174 1865 305 1944 estseire
320 1864 391 1924 nihil
405 1880 423 1932 a
436 1865 493 1924 lieo
508 1863 571 1924 tieri
587 1865 663 1940 quod
678 1881 739 1924 non
759 1865 908 1925 sanodtats
926 1871 955 1924 et
968 1865 1112 1940 aequitate
1130 1863 1168 1923 sit

122 1951 251 2026 pienum,
265 1964 318 2008 neo
338 1948 462 2024 nominis
483 1949 622 2010 tantillmn
641 1957 768 2012 mentem
790 1950 974 2025 profunditati
994 1949 1166 2011 iudiciorum

123 2039 303 2096 aeternorum
312 2033 552 2095 soruundaeesse
561 2049 670 2108 parem.

566 2161 728 2267 Gmtoiusioi

158 2367 233 2431 Haeo
246 2367 335 2430 habui
345 2367 381 2430 de
395 2367 582 2445 philosophia,
599 2383 671 2443 quae
686 2370 845 2446 vobisdum,
857 2369 1027 2449 optatissimi
1036 2369 1163 2449 iuvenes,

122 2454 205 2515 brevi
219 2455 304 2514 huius
319 2454 387 2514 anni
396 2453 537 2513 omniouto
552 2455 804 2515 communicarem.
820 2457 958 2531 Equidem
976 2474 1035 2517 non
1054 2459 1166 2518 inficior

122 2538 266 2614 permulta
276 2539 368 2598 adnuo
381 2537 545 2611 desiderari,
563 2553 635 2612 quae
650 2539 686 2597 ed
701 2540 856 2614 proniorem
866 2542 951 2600 huius
965 2541 1100 2600 scientiae
1113 2557 1163 2600 no-

124 2622 217 2683 titiam
231 2622 383 2697 pertinent.
410 2622 463 2681 Sed
483 2637 519 2682 ea
536 2638 589 2682 nos
603 2625 731 2685 consulto
746 2626 1011 2699 praetermissimus,
1033 2641 1071 2683 ne
1090 2624 1165 2700 ptus,

123 2721 210 2782 quam
223 2722 274 2781 par
283 2711 366 2779 esset,
376 2711 483 2766 vestros
496 2707 606 2768 animos
615 2725 809 2783 gravaremus.
825 2711 975 2785 Reliquum
984 2715 1027 2770 est
1036 2717 1068 2769 ut
1081 2711 1166 2769 semi-

124 2807 173 2863 na,
190 2807 264 2864 quse
273 2791 320 2850 trio
335 2806 394 2850 non
409 2790 470 2851 sine
484 2791 595 2852 deiectu
608 2795 686 2852 velut
700 2795 787 2854 trumo
796 2795 1002 2867 commisimus,
1020 2810 1068 2852 vos
1082 2794 1166 2869 pede·
1202 2788 1206 2794 ’

124 2874 225 2934 tentim
245 2875 323 2935 curis
343 2876 475 2936 omnibus
493 2878 696 2952 'promoveatis
722 2879 782 2947 Oua
806 2880 838 2939 in
855 2895 887 2938 re
909 2895 959 2938 vos
983 2879 1166 2939 vehementer

124 2959 232 3031 hortor,
249 2964 280 3017 ut
297 2965 436 3033 quantum
450 2961 546 3021 animo
562 2962 668 3023 conniti
683 2964 820 3038 poteritis,
838 2970 976 3040 quantum
991 2964 1086 3022 labore
1101 2978 1166 3022 con·

125 3042 250 3116 tendere,
265 3043 297 3102 in
311 3058 409 3102 suam
423 3046 592 3120 sapientiam
615 3048 802 3121 incumbatis3
825 3064 945 3123 eumque
964 3064 1023 3108 non
1042 3047 1079 3107 ab
1098 3047 1163 3107 aliis

124 3127 250 3188 iondhus
259 3143 322 3188 esse
335 3130 486 3202 petendam
500 3131 678 3206 existimetis,
693 3133 750 3192 nisi
764 3134 801 3193 ab
815 3135 861 3208 iis,
872 3134 1003 3209 aquibus
1022 3134 1112 3209 pietas
1126 3131 1163 3191 si·

124 3213 187 3276 mul
199 3219 232 3274 et·
240 3219 419 3276 sacrosancto
428 3215 529 3278 Christi
542 3216 641 3292 religio
651 3217 809 3292 attingitur.

440 3613 519 3664 ruris
533 3613 725 3692 nenorosus
738 3615 917 3667 strumis.
