2767 4492
431 418 866 469 erasmiana-assuaouocu
1116 405 1166 469 iil

128 515 200 578 mes,
216 503 371 563 assumitur
384 501 426 562 'ut
444 501 578 576 anchora,
600 517 657 576 qua
679 505 827 577 vestigatio
843 503 986 578 tondetur,
1007 515 1066 564 nou
1080 508 1113 564 ut
1127 507 1169 564 lu-

127 589 246 661 minare,
263 603 300 646 ex
317 603 373 661 quo
388 587 501 646 claritas
515 586 609 645 omnis
624 586 813 660 splendorque
827 587 857 645 in
872 593 981 648 ceteras
994 603 1095 648 omnes
1108 604 1170 663 per·

128 672 271 744 captiones
292 671 476 729 diffundatur.
498 671 624 729 lamvero
643 670 705 744 ipse
729 670 851 730 Globerti
866 671 940 730 ultro
960 673 1087 732 oonoodit
1107 667 1168 732 ani·

127 769 217 826 mum,
230 767 296 812 cum
307 753 456 826 cogitando
470 754 502 812 in
516 753 721 824 seressectitur,
731 753 787 812 iter
795 753 902 812 habere
912 756 1084 814 conantium
1094 758 1166 830 eius,

127 838 202 911 quod
217 837 308 895 tenuit
322 837 354 896 in
375 835 489 909 inuam,
514 841 598 910 atque
621 837 658 894 ab
680 836 717 895 iis
737 835 890 910 auspicari,
906 852 980 910 quae
997 838 1091 911 ipsum
1104 841 1169 899 inti-

126 921 202 980 mius
216 920 331 992 larium,
348 935 478 993 quaeque
497 921 529 978 in
544 919 774 994 perceptionibus
793 919 998 979 atonscientia
1011 922 1108 981 relatis
1120 939 1168 997 po

127 1005 182 1062 sita
196 1009 263 1063 sunt
279 1006 304 1061 l.

164 1088 224 1147 133.
246 1089 394 1147 Praeterea
416 1075 572 1146 necessitas
593 1086 742 1159 sermonis,
766 1101 853 1160 quam
876 1087 996 1146 adstruit
1009 1103 1061 1162 pro
1075 1089 1168 1162 primo

125 1171 290 1232 reflexionis
304 1170 451 1242 exercitio,
463 1171 585 1244 probatu
599 1171 686 1243 digna
700 1185 759 1229 uon
775 1176 828 1229 est.
843 1171 915 1229 Nam
932 1171 985 1230 etsi
1003 1171 1117 1231 animus
1136 1173 1168 1231 in

124 1255 267 1330 praesenti
280 1257 356 1333 statu
370 1253 502 1312 sensibus
517 1259 598 1327 egeat
612 1259 644 1314 ut
663 1254 700 1312 ad
717 1253 936 1327 intelligendum
954 1255 1108 1329 excitetur,
1126 1261 1166 1316 ta·

125 1353 194 1396 men
206 1339 252 1395 his
266 1337 415 1408 excitatus,
432 1336 626 1408 cognitionum
635 1352 753 1395 suarum
765 1337 1000 1396 intellectualium
1013 1339 1117 1398 seriem
1126 1341 1168 1398 in·

92 1473 99 1484 .
127 1420 211 1479 choat
224 1425 253 1478 at
266 1421 455 1494 prosequitur,
472 1419 542 1491 quin
555 1419 612 1478 ullo
622 1419 677 1478 alio
692 1420 833 1479 exteriore
846 1421 972 1493 indigeat
980 1422 1165 1495 adminiculo;

121 1501 364 1578 quemadmodum
378 1502 533 1576 posteriore
548 1504 667 1562 articulo
682 1503 775 1562 iusim
786 1503 1006 1576 explicabimus.
1026 1505 1081 1564 Nec
1099 1520 1169 1564 sane

126 1591 335 1658 argumentum,
346 1585 421 1659 quod
435 1590 532 1644 auctor
546 1586 637 1654 affert,
653 1587 854 1646 necessitatem
865 1587 945 1645 illam
958 1587 1017 1645 ullo
1026 1593 1110 1662 pacto
1121 1590 1169 1646 da·

124 1674 273 1732 monsuat.
289 1669 368 1741 Nam,
385 1668 461 1742 quod
475 1669 522 1741 ait,
533 1668 619 1728 uerba
629 1670 738 1743 requiri
752 1671 788 1728 ad
803 1669 961 1728 finiendum
971 1676 1001 1728 at
1014 1671 1169 1730 terminan-

127 1753 195 1812 dnm
213 1753 366 1824 obiectum,
388 1752 464 1825 quod
482 1753 631 1812 rellexioni
650 1754 764 1811 elucere
781 1751 875 1825 dabat,
892 1752 923 1812 iu
942 1753 1169 1827 primicialem

125 1843 177 1896 est.
203 1835 347 1895 Eiusmodi
368 1835 446 1894 enim
468 1836 666 1896 determinatio
685 1839 714 1895 et
738 1835 827 1895 veluti
854 1835 1081 1910 circumscriptio
1110 1839 1169 1897 iam

127 1922 246 1994 adesset,
264 1926 325 1979 tum
339 1935 376 1979 ax
390 1925 471 1993 parte
489 1926 568 1979 actus
583 1921 693 1994 praevii
708 1921 889 1979 intuitionem
904 1918 1041 1979 directam
1064 1925 1167 1982 consti-

126 2005 240 2077 tuentis,
256 2004 305 2077 qui
320 2009 395 2062 certe
411 2003 509 2062 linitus
523 2009 579 2075 est,
597 2003 658 2063 turn
673 2019 712 2062 ex
729 2010 809 2076 parte
819 2002 922 2062 obiecti
932 2004 1081 2067 intuitione
1091 2021 1167 2066 oom-

124 2088 274 2163 pralreusi,
300 2085 422 2160 quadiu
441 2088 581 2145 senternm
599 2088 735 2158 auctoris,
751 2087 933 2162 simplicitate
954 2090 1167 2162 secutatione

125 2171 209 2228 modo
221 2171 292 2228 linte
310 2169 446 2240 increato,
465 2170 515 2227 sed
530 2170 631 2228 creatis
647 2169 734 2228 etiam
747 2169 833 2229 rebus
847 2175 966 2231 constat.
982 2171 1089 2232 lleinde
1102 2174 1166 2233 nul-

125 2253 154 2309 la
172 2255 290 2326 apparat
302 2250 375 2308 ratio
391 2265 442 2308 cur
457 2249 600 2310 obiectum
620 2253 785 2310 reflexionis
799 2253 973 2327 ontologicaa
988 2269 1051 2314 asse
1065 2255 1167 2317 debeat

126 2335 233 2409 aliquid
248 2333 429 2392 carnuntum
440 2337 469 2391 et
483 2333 606 2408 linitum,
623 2350 689 2393 cum
704 2336 809 2410 optime
818 2351 880 2396 esse
889 2337 1167 2411 possitipsumobie·

125 2425 204 2478 ctum
225 2417 379 2491 inlinitum,
404 2419 493 2491 quod,
515 2418 598 2478 iuxta
616 2424 741 2493 systema
753 2420 823 2494 lroc,
842 2422 873 2479 in
887 2421 1004 2495 praevia
1016 2421 1167 2482 intuitione

126 2503 235 2560 ‹liracta
258 2500 460 2560 contineretur.
477 2501 566 2561 lmmo
584 2518 651 2562 raro
668 2501 700 2562 id
712 2504 906 2563 necessarium
925 2504 1010 2576 plane
1025 2509 1112 2575 esset,
1129 2504 1166 2562 si·

125 2586 239 2659 quidem
260 2599 312 2658 per
325 2585 521 2660 reflexionem,
539 2591 571 2646 ut
585 2591 684 2646 auctor
706 2603 791 2661 saepe
805 2587 917 2660 repetit,
933 2586 964 2644 id
981 2600 1066 2644 omne
1079 2585 1167 2659 relegi

124 2669 209 2728 debat
222 2671 250 2728 at
269 2669 418 2743 explicari,
434 2671 510 2744 quod
528 2678 594 2730 aute
609 2672 641 2730 in
659 2670 811 2729 intuitione
828 2671 931 2728 inerat.
948 2667 1017 2726 dum
1036 2669 1123 2743 igitur
1136 2671 1167 2728 in

125 2767 158 2810 ea
173 2752 241 2811 insit
256 2753 311 2810 llus
321 2752 510 2825 immetatum,
527 2769 632 2827 nempe
645 2753 734 2824 llaus3
756 2753 899 2810 obiectum
913 2750 1053 2809 eiusmodi
1067 2767 1118 2826 per
1136 2767 1167 2810 sa

125 2836 161 2892 ab
174 2835 279 2893 intuitu
291 2835 457 2893 reflexionis
470 2837 612 2894 removeri
625 2835 735 2905 nequit,
751 2833 817 2906 nisi,
828 2836 913 2906 prout
926 2832 1077 2891 intuitione
1090 2834 1165 2892 dire·

125 2923 171 2974 cta
187 2917 355 2986 continetur,
377 2914 484 2987 aliquid
503 2917 626 2974 informe
641 2921 670 2972 at
684 2929 790 2986 vagum
806 2918 1019 2988 repraesentare
1039 2912 1163 2990 dicatum

125 2997 201 3071 quod
215 3001 291 3054 certe
302 2996 488 3068 llegeliauom
503 2997 715 3069 pantheismum
729 2997 876 3056 redoleret.
1025 2993 1031 3004 '

161 3082 217 3138 Nec
232 3078 308 3136 dicat
330 3077 528 3136 necessitatem
543 3078 624 3135 illam
638 3077 706 3135 inde
720 3077 844 3139 deriuari
867 3079 942 3154 quod
963 3080 996 3141 iu
1008 3082 1165 3142 anemone

124 3177 243 3225 necasse
265 3161 302 3219 sit
322 3159 494 3233 peculiarem
513 3163 659 3234 aspectum
674 3160 797 3234 deliniri,
812 3177 869 3236 quo
889 3165 1066 3238 pertingatur
1083 3165 1162 3238 ideo,

124 3263 198 3323 quae
213 3243 414 3318 comprehendi
431 3247 488 3302 tota
497 3258 554 3303 non
569 3247 670 3317 potest.
686 3244 800 3305 Namad
810 3245 842 3305 id
853 3261 911 3306 uon
922 3253 965 3306 est
978 3246 1049 3322 opus
1063 3248 1162 3322 siguis,

168 3405 179 3449 l
203 3423 211 3445 ι
229 3402 251 3449 Si
268 3402 315 3448 dira
331 3401 388 3446 forse
404 3398 444 3446 cha
458 3399 547 3447 l’uomo
562 3401 694 3448 incomincia
716 3400 769 3448 ddl’
780 3401 829 3449 idea
845 3403 868 3449 ci
884 3403 989 3450 osirim
1005 3416 1018 3450 a
1033 3401 1073 3448 alre
1088 3403 1166 3464 quindi

126 3499 134 3520 ι
153 3479 197 3524 sala
213 3475 353 3524 discorrando
375 3473 412 3521 all’
424 3474 472 3521 idea
494 3475 629 3540 dullum,
645 3477 721 3523 invene
737 3476 760 3522 di
776 3481 850 3524 teum
866 3478 882 3523 tl
897 3493 998 3540 processo
1013 3478 1167 3527 menedon

126 3575 134 3596 ι
153 3554 192 3600 cire
208 3555 220 3598 d
235 3552 348 3600 romesimo
362 3565 385 3596 se
399 3549 418 3596 ai
434 3549 497 3620 paria
512 3549 547 3596 del
563 3565 676 3612 progresso
692 3550 818 3598 riflessiro:
835 3551 851 3596 ll
866 3551 930 3614 quala
947 3551 1122 3599 incomincieudo
1138 3553 1166 3601 da

125 3649 139 3678 e
153 3629 187 3674 eid
203 3627 242 3674 ohe
258 3627 277 3672 ei
294 3626 370 3672 lerisoa
390 3625 560 3685 maggiormente
575 3624 673 3671 l'animo
689 3625 717 3672 ed
732 3629 745 3672 d
761 3626 854 3672 termine
870 3625 995 3676 immediata
1016 3625 1072 3672 della
1091 3627 1165 3675 rillac-

125 3722 134 3743 ·
154 3703 214 3748 sione
227 3700 366 3764 psicologioa,
384 3699 443 3762 quali
457 3715 511 3746 rouo
526 3700 534 3746 i
549 3699 663 3762 sensibili3
680 3703 692 3746 d
707 3700 806 3747 animale
822 3699 862 3746 eho
877 3701 936 3762 pessi
952 3699 1113 3749 dell'anuan
1129 3703 1165 3750 al·

126 3796 134 3819 ι
153 3775 240 3837 l’Eute,
258 3791 270 3821 o
286 3789 331 3821 non
345 3789 358 3820 e
371 3789 490 3836 couverso3
506 3775 564 3821 ouda
577 3773 593 3820 l'
604 3773 681 3820 altimo
696 3775 789 3822 termine
803 3773 854 3819 dell'
865 3773 942 3820 ordine
955 3773 1057 3825 intaitico
1076 3777 1165 3826 diventa

125 3868 135 3890 ι
154 3847 171 3893 il
185 3848 256 3908 primo
269 3847 399 3896 dell’ordina
414 3847 527 3896 nomino.
543 3869 551 3891 ι
566 3849 657 3896 Introd.
674 3848 724 3897 olto
738 3849 817 3897 mio
832 3848 895 3896 delle
909 3849 1009 3910 filum
1021 3849 1066 3900 vol.
1076 3852 1102 3916 2,
1113 3867 1162 3920 up.

122 3922 147 3988 a,
163 3935 212 3986 pag.
229 3920 285 3988 20⁵,
300 3921 394 3970 wude
407 3921 505 3976 ediciam
519 3921 542 3971 di
557 3922 674 3972 Bruxellee.
