2767 4492
687 388 848 433 nunnunrn

604 587 738 659 CAPUT
764 585 923 657 PRIMUM
1036 606 1042 612 ·

514 816 553 863 bn
568 817 638 864 mun
652 815 691 864 br
707 814 825 864 berteto
840 813 1013 864 GENERA‘HM

274 981 400 1044 Printttm
414 979 449 1045 de
464 983 543 1062 iure,
560 985 663 1048 deinde
673 987 708 1048 de
722 987 834 1062 olllcio,
850 990 912 1046 tum
922 985 957 1045 de
971 983 1150 1057 necessitate,
1164 994 1239 1057 quae
1248 980 1284 1043 ab

239 1070 333 1132 oltteio
349 1071 501 1147 aliquando
515 1079 647 1148 excusat,
664 1073 756 1134 tribus
769 1073 910 1148 separatis
923 1070 1050 1131 articulis
1064 1069 1241 1143 eloquemur.

614 1243 784 1306 lanternas
802 1240 915 1304 Parmos

396 1409 435 1479 Do
448 1414 577 1493 notione,
591 1413 735 1478 divisione
751 1418 779 1478 ot
792 1411 1024 1493 proprietatibus
1039 1409 1128 1474 iuris.

275 1581 319 1647 tt.
335 1581 387 1648 lua
401 1589 478 1650 notio
493 1589 634 1664 quaedam
649 1594 692 1650 est
705 1587 860 1664 primitiva,
877 1602 951 1662 quae
965 1583 1079 1645 facilius
1092 1585 1188 1644 mente
1203 1575 1284 1642 intel·
1376 1652 1377 1663 χ

238 1665 344 1746 ligitur,
361 1689 448 1747 qoam
462 1673 557 1733 verbis
573 1673 742 1749 explicattn,
759 1671 919 1732 Generatim
934 1676 963 1729 et
976 1669 1055 1728 nullo
1069 1667 1183 1742 negotio
1193 1667 1285 1725 conci·
1376 1666 1377 1693 l

240 1755 318 1829 pitur
332 1763 478 1832 nmquam
488 1759 608 1818 facultas
622 1759 712 1818 libere
726 1755 894 1832 disponendi
909 1755 944 1814 de
958 1770 991 1813 re
1005 1753 1109 1828 aliqua.
1122 1752 1167 1810 Sic
1180 1751 1233 1824 qui
1242 1750 1286 1809 di-

240 1839 294 1898 cit:
312 1841 383 1900 mibi
398 1842 443 1902 ius
458 1848 501 1902 ost
515 1859 597 1904 meae
611 1845 767 1919 pecuniae,
784 1856 914 1900 meorum
928 1839 1110 1914 praediorum
1125 1842 1153 1896 et
1162 1835 1283 1894 similia:

239 1938 298 1983 non
313 1925 390 1984 aliud
405 1926 552 2002 iutelligit,
568 1929 624 1988 uisi
635 1945 666 1988 se
677 1943 760 2004 posse
774 1927 810 1986 do
825 1927 882 1985 illis
901 1941 952 2000 pro
970 1923 1109 1983 arbitratu
1123 1921 1284 1994 disponere.

242 2008 296 2067 Sed
315 2013 347 2068 ut
366 2018 518 2086 conceptus
536 2013 675 2073 eiusmodi
695 2013 854 2072 distinctior
877 2010 993 2083 evadat,
1017 2013 1045 2067 et
1064 2011 1204 2080 quantum
1223 2005 1287 2065 lieri

238 2097 331 2164 potest
345 2095 501 2156 scientifica
520 2097 685 2158 delinitione
709 2095 981 2171 comprehendatur,
998 2091 1155 2164 elementa,
1180 2089 1287 2165 quibus

239 2183 364 2252 constat,
381 2185 410 2240 et
422 2187 586 2256 respectus,
603 2199 674 2257 quos
690 2181 820 2254 includit,
831 2181 995 2238 innuamus.

273 2261 424 2338 Principio,
436 2280 520 2324 nemo
536 2282 595 2326 non
610 2267 685 2326 videt
699 2266 874 2337 facultatem,
886 2280 960 2338 quae
979 2268 1119 2338 conceptu
1133 2261 1206 2321 iuris
1220 2276 1287 2321 cou-

239 2344 354 2420 tinotur,
366 2363 384 2406 a
398 2348 427 2407 ri
442 2349 560 2423 physica
572 2351 652 2410 valde
667 2351 815 2426 distingui.
834 2349 892 2408 Etsi
909 2349 988 2408 enim
1003 2349 1063 2422 ins,
1076 2354 1108 2406 ut
1121 2352 1286 2421 enascatur,

238 2430 399 2490 naturalem
416 2433 574 2507 potentiam
589 2451 641 2494 seu
655 2436 790 2495 virtutem
801 2432 905 2509 agendi
915 2433 1068 2492 subaudiat
1082 2431 1204 2506 (quippe
1218 2446 1288 2490 cum

238 2521 363 2588 nequeat
373 2517 492 2577 rationis
502 2520 570 2578 ordo
579 2525 748 2594 potestatem
759 2521 853 2579 lacere
864 2519 941 2577 circa
950 2517 1144 2592 operationem
1153 2517 1189 2574 ad
1199 2531 1289 2590 quarn

238 2599 399 2660 subiectum
420 2603 550 2678 ineptum
568 2611 674 2665 natura
688 2607 759 2680 est);
776 2605 807 2663 id
822 2611 918 2663 nmen
936 2604 1129 2662 conditionem
1149 2601 1287 2674 exhibet,

236 2699 323 2757 quam
346 2688 457 2761 praeire
472 2695 598 2765 oportet,
614 2707 673 2751 nou
690 2706 758 2750 roro
773 2696 817 2750 est
831 2689 1021 2762 elementum,
1039 2689 1115 2762 quod
1130 2688 1176 2746 ius
1189 2687 1290 2760 ipsum

234 2771 388 2832 coostItuit.
405 2774 494 2849 Atque
508 2775 564 2835 hoc
581 2777 624 2836 vel
644 2777 749 2835 exinde
760 2779 851 2850 patet,
864 2773 940 2848 quod
955 2772 982 2832 sl
995 2773 1120 2832 fortioris
1135 2771 1289 2830 cuiusdam

233 2853 369 2915 rioleutio
383 2863 507 2931 potestas
522 2861 642 2936 physica
653 2859 776 2942 subiecti
786 2862 849 2919 iure
859 2859 990 2918 instructi
1000 2857 1215 2933 praepediatur3
1225 2869 1290 2912 non

233 2936 340 2998 idcirco
360 2940 406 3001 ins
422 2943 494 3002 illud
508 2947 615 3006 corruit
630 2962 684 3006 nec
699 2944 892 3017 imminuitur,
910 2944 960 3002 sed
974 2943 1119 3015 integrum
1136 2941 1290 3014 linumque

233 3035 383 3096 pormanet
398 3042 431 3086 ao
442 3029 535 3103 potius
545 3030 684 3090 viridiore
698 3030 763 3091 luce
777 3029 958 3105 splendescit.
971 3026 1144 3100 lotaitaque
1159 3024 1202 3083 vis
1212 3024 1289 3083 iuris

232 3108 350 3168 moralis
365 3114 420 3184 est;
434 3117 519 3186 atque
533 3115 652 3187 proinde
667 3132 684 3174 a
699 3115 811 3174 ratione
826 3113 964 3189 procedit,
982 3126 1055 3186 quae
1068 3109 1178 3169 ordinis
1192 3109 1286 3167 dicta·

231 3191 311 3252 mino
326 3193 464 3255 voluntati
479 3199 610 3258 concedit
623 3205 655 3258 ut
668 3200 758 3272 possit
771 3199 826 3257 hoc
839 3199 886 3257 rel
899 3197 970 3257 illud
979 3197 1155 3256 eltioereaut
1167 3193 1206 3251 ab
1215 3193 1285 3252 aliis

222 3274 371 3358 flagitare.
389 3279 550 3357 Praeterea,
562 3283 591 3342 in
603 3289 744 3358 conceptu
754 3284 825 3342 iuris
835 3281 968 3355 obligatio
982 3295 1096 3354 semper
1109 3277 1229 3337 aliorom
1241 3278 1285 3336 in·

233 3359 357 3421 volvitur
374 3379 434 3424 uon
455 3366 632 3441 impediendi
656 3367 798 3427 eiusmodi
816 3366 996 3445 facultatem,
1018 3379 1105 3438 quam
1124 3362 1186 3421 sire
1203 3362 1286 3420 cirea

233 3445 375 3506 actionem
390 3449 450 3510 sire
465 3451 542 3510 circa
556 3467 618 3512 rem
634 3453 721 3511 alicui
735 3451 854 3510 rationis
868 3451 936 3509 ordo
945 3449 1075 3524 largitur.
1087 3449 1119 3508 lu
1131 3447 1187 3506 lroc
1202 3447 1288 3506 enim

230 3531 344 3604 proprie
358 3533 429 3592 iuris
442 3540 546 3595 natura
560 3535 698 3610 cernitur,
712 3541 745 3594 ut
759 3535 801 3594 sio
816 3535 869 3594 tibi
882 3551 930 3594 ex,
946 3551 989 3609 gr.
1005 3534 1091 3592 liceat
1105 3532 1218 3607 operari
1235 3537 1290 3590 aut

233 3627 296 3671 rem
311 3616 436 3692 aliquam
448 3620 499 3679 tibi
514 3621 690 3694 adsensere,
707 3626 740 3678 ut
753 3620 841 3679 ceteri
854 3625 882 3679 te
896 3618 1035 3693 impedire
1049 3617 1085 3676 ab
1100 3618 1213 3676 actione
1233 3616 1290 3676 illa
1376 3675 1378 3687 ,

233 3701 377 3759 exerenda
387 3703 432 3762 vel
442 3719 474 3763 re
481 3704 665 3779 vindicanda,
679 3704 782 3764 morali
793 3704 966 3778 obligatione
980 3708 1120 3768 vetentur.
1133 3701 1229 3770 Quare
1239 3703 1292 3760 ius

231 3788 393 3874 respectum
401 3800 514 3862 semper
523 3787 579 3848 sibl
590 3789 721 3864 implicat
734 3789 770 3847 ad
781 3790 964 3848 existentiam
973 3788 1095 3847 aliorum
1104 3786 1208 3846 saltem
1218 3801 1292 3860 pos

233 3861 360 3957 subulam,
381 3885 503 3944 quonam
521 3873 681 3935 voluntates
701 3873 795 3950 alege
809 3873 1027 3948 devinciautur,
1048 3872 1133 3950 eique
1148 3887 1294 3934 reueren-

232 3953 303 4018 itam
316 3950 455 4026 emicare
469 3955 642 4040 obligentur.
