2767 4492
233 327 288 386 ιιι)
564 337 953 384 ussssnssrcaeseecnns

270 423 326 484 Nec
340 435 406 482 vero
422 422 581 482 timendum
597 429 648 496 est,
665 436 703 481 ne
716 421 749 482 in
764 419 929 482 huiusmodi
944 419 1085 481 ananus
1099 419 1215 482 diffusio
1230 423 1280 483 aii·

233 522 291 582 qua
305 522 441 581 corporea
459 507 516 566 1)εο
537 506 685 565 tribuatur.
702 505 733 565 ld
748 505 826 565 enim
844 505 939 581 potius
956 520 1092 579 maguam
1115 506 1278 580 simplicita-

234 598 291 652 tem
306 591 425 651 involuit
439 595 468 650 et
486 589 685 650 exceltentiam
703 589 896 665 perfectiouis.
913 590 997 663 Nam,
1014 598 1047 649 ut
1068 591 1130 649 iure
1144 591 1279 651 admonet

233 676 260 736 S.
277 676 463 750 Augustinus:
482 675 538 734 «lu
553 690 585 735 eu
608 675 683 749 ipso,
701 675 777 749 quod
796 674 901 734 dicitur
920 674 996 734 Deus
1014 673 1122 749 tibique
1141 676 1275 751 diffusus,

235 784 246 814 a
264 760 372 820 carnali
385 760 575 820 resistendum
589 765 633 818 εει
646 760 819 833 cogitationi,
832 764 862 819 et
875 774 957 819 mena
972 775 990 818 a
1004 760 1131 834 muueris
1145 761 1277 821 sensibus

234 867 245 897 ι
263 843 422 916 avocanda,
440 859 477 902 ue
491 843 573 918 quasi
588 843 713 918 spatiosa
732 843 929 918 magnitudine
944 844 1096 919 opinerum
1115 844 1204 904 licum
1225 862 1276 920 per

234 952 245 980 ι
263 934 365 988 cuncta
378 929 509 1001 diffundi,
522 929 595 988 sicut
611 929 715 986 humus
730 933 780 987 aut
792 928 955 988 humcraut
969 935 1077 989 aeraut
1093 929 1208 988 lanista
1223 931 1276 988 dii-

235 1012 401 1072 «iunditur.
424 1011 522 1071 Omnis
544 1012 620 1071 euim
639 1012 804 1072 huiusmodi
824 1013 991 1087 magnitudo
1012 1014 1107 1073 minor
1120 1020 1164 1072 est
1184 1015 1214 1071 in
1229 1014 1275 1074 sui

234 1122 245 1150 ι
261 1103 342 1172 parte
356 1113 443 1172 quarn
457 1096 488 1156 in
504 1102 560 1156 totu
576 1099 601 1156 ⁴.
615 1118 626 1147 ι
644 1096 677 1154 lit
691 1111 804 1155 rursus:
820 1121 831 1148 ι
843 1097 889 1156 Sic
903 1096 1031 1156 estiieus
1042 1112 1092 1171 per
1104 1105 1208 1156 cuncta
1223 1099 1275 1158 dit-

234 1207 245 1235 α
262 1183 388 1243 fusus...
403 1198 462 1242 nou
477 1187 572 1242 tamen
586 1197 637 1256 per
651 1181 744 1256 spatia
758 1180 887 1240 locorum
901 1182 983 1255 quasi
998 1182 1073 1240 mule
1086 1181 1209 1240 diffusus
1222 1183 1271 1255 ita,

232 1289 244 1320 ι
259 1273 292 1327 ιιι
301 1268 330 1326 iu
340 1267 457 1326 dimidio
471 1265 572 1326 mundi
586 1280 704 1340 coruum
714 1263 751 1324 sit
760 1265 895 1323 dimidius
904 1271 934 1324 et
947 1266 978 1324 iu
989 1266 1045 1324 alic
1055 1265 1176 1324 dimidie
1189 1266 1273 1325 dimi·

232 1376 243 1404 a
260 1352 333 1425 dius,
347 1357 432 1426 atque
443 1351 482 1411 ita
496 1366 548 1425 par
564 1355 652 1408 totum
668 1354 759 1422 totus,
777 1350 826 1408 sed
838 1350 868 1408 iu
883 1349 943 1408 scic
957 1349 1035 1408 coelo
1046 1355 1130 1422 totus,
1141 1357 1171 1408 et
1184 1350 1215 1408 iu
1229 1365 1273 1410 sn

231 1459 242 1489 ε
259 1437 287 1495 ia
302 1443 377 1496 terra
399 1442 487 1502 totus.
503 1439 532 1494 et
547 1435 579 1494 in
593 1435 672 1493 nullo
691 1439 840 1493 contentus
857 1434 917 1493 locu
940 1436 989 1494 sed
1007 1435 1038 1492 iu
1053 1435 1146 1508 seipse
1165 1435 1272 1510 ubique

230 1545 241 1574 u
260 1527 343 1581 totus.
358 1543 369 1572 ι
387 1521 493 1580 Deinde
507 1521 665 1581 notandum
679 1526 722 1578 est
743 1520 965 1578 immensitatem
985 1520 1034 1579 liei
1050 1536 1067 1578 a
1081 1520 1182 1593 rebus,
1198 1537 1272 1595 quae

226 1609 302 1678 suut,
314 1604 393 1664 nulla
407 1604 516 1664 ratione
533 1602 690 1664 terminari.
708 1604 749 1663 lta
765 1603 843 1662 enim
856 1603 928 1663 Deus
945 1604 976 1662 iu
986 1603 1156 1677 ipsisiuest,
1169 1606 1271 1664 ntuut

226 1687 253 1748 lo
271 1689 362 1763 spatio
376 1695 466 1762 egeat,
485 1695 514 1748 et
530 1703 547 1746 a
563 1688 643 1747 uuita
658 1687 917 1761 comprehendatur
930 1687 1005 1761 lucu,
1024 1688 1074 1747 sed
1090 1687 1157 1747 luca
1174 1689 1270 1748 omnia

225 1771 469 1847 superexcedens,
490 1773 680 1846 praesentiam
697 1787 778 1830 suam
798 1771 876 1830 velut
893 1771 1013 1832 induitis
1027 1771 1091 1830 aliis
1109 1772 1269 1832 iccisexui-

180 1857 186 1862 “
224 1854 296 1914 beat.
317 1855 395 1923 Quod
409 1871 467 1914 nou
482 1856 522 1914 ita
537 1855 755 1928 intelligendum
770 1859 827 1928 est,
844 1855 962 1928 perinde
976 1855 1049 1914 Deus
1063 1856 1184 1916 induitis
1197 1857 1268 1916 locis
1293 1913 1299 1922 ,

224 1945 289 1998 actu
310 1939 397 2012 adsit,
420 1939 525 1998 infiniti
545 1939 622 1998 euim
636 1939 667 1997 hi
685 1939 738 1999 luci
758 1953 901 2012 nusquam
919 1945 994 1998 aunt.
1012 1940 1064 1998 Sed
1087 1941 1268 2013 cogitandum

223 2023 308 2082 idest
326 2029 466 2097 quatenus
481 2039 516 2083 ex
529 2030 609 2098 parte
627 2024 676 2082 Dei
686 2023 758 2081 nihil
770 2023 1150 2084 desitcuriuindnitislocis
1165 2039 1268 2098 reapse

223 2107 338 2180 inesset,
356 2108 379 2165 si
396 2107 450 2166 loci
469 2106 511 2165 iiii
530 2113 685 2165 exstarent.
707 2107 771 2179 Sed,
788 2107 923 2180 quoniam
937 2123 985 2166 res
1003 2115 1114 2166 creatae
1133 2107 1267 2166 confiniis

193 2213 198 2224 ·
223 2191 429 2265 terminantur,
445 2191 513 2250 hinc
531 2199 623 2250 estut
645 2192 718 2250 Deus
736 2191 826 2250 fluitis
847 2197 956 2249 mutum
975 2191 1045 2250 lucis
1059 2193 1096 2250 sit
1114 2206 1265 2266 praesens,

222 2280 252 2334 et
264 2276 394 2350 propriae
414 2276 613 2334 immensitatis
632 2291 784 2334 excessum
803 2275 834 2334 in
853 2291 888 2352 se·
901 2277 1054 2335 contiueat.

258 2359 335 2427 Quae
350 2374 417 2418 curn
429 2359 472 2418 ita
487 2359 552 2432 sint,
566 2375 650 2417 nemo
660 2375 718 2417 nou
734 2359 812 2417 videt
822 2358 1043 2418 immensitatem
1054 2361 1192 2419 eiusmodi
1204 2375 1263 2419 nun

221 2443 305 2503 modo
326 2443 405 2502 nulia
422 2443 547 2518 partium
563 2443 739 2501 admixtione
757 2443 881 2516 turpari3
898 2444 1100 2502 verumetiam
1119 2445 1265 2517 perfectiu-

220 2543 288 2588 nem
302 2527 449 2602 complecti
466 2541 610 2599 magnam.
633 2527 725 2594 Quare
735 2527 852 2586 omniuo
863 2536 1086 2587 consentaneum
1103 2539 1148 2586 εει
1164 2535 1196 2587 ut
1209 2529 1265 2588 neo

220 2612 374 2685 tribuaturq
393 2611 440 2670 cui
458 2609 596 2684 quidquid
617 2610 818 2683 perfectionem
828 2612 955 2681 exhibet,
971 2613 1141 2672 necessitate
1153 2627 1266 2686 compe

219 2696 262 2755 tit.
280 2696 395 2769 Deinde,
407 2701 439 2755 ut
453 2695 563 2754 dicetur
578 2695 798 2766 intentassetis
812 2695 977 2755 immediate
988 2699 1046 2770 agit
1060 2697 1089 2755 iu
1105 2677 1192 2755 nebris
1205 2711 1264 2755 um-

217 2780 318 2854 ninus,
334 2781 439 2855 quippe
454 2795 520 2838 cum
537 2795 586 2838 eas
601 2795 661 2838 uon
680 2780 764 2839 modo
782 2780 959 2855 produxerit,
979 2797 1076 2840 verum
1092 2783 1180 2841 etiam
1193 2781 1264 2855 iugi·

217 2870 260 2923 ter
273 2872 367 2923 servet
381 2870 465 2940 atque
485 2865 520 2923 ad
543 2863 670 2938 singulas
690 2865 769 2924 iuvet
787 2865 921 2924 actiones.
942 2866 1024 2939 Atqui
1046 2867 1123 2924 uuita
1142 2883 1190 2925 res
1207 2867 1260 2924 im·

128 3025 131 3035 ¹
217 2948 339 3005 mediate
359 2963 442 3020 agere
464 2954 554 3020 potest
575 2949 605 3006 iu
626 2948 687 3007 locu
709 2948 757 3008 ubi
779 2960 905 3008 nonest.
928 2950 999 3022 Ergo
1022 2950 1136 3010 Deussi
1154 2949 1259 3024 ubique
1373 3008 1374 3019 ,

217 3036 358 3103 operatur,
379 3030 484 3104 ubique
502 3037 553 3089 est.
573 3031 700 3106 Denique
710 3031 735 3090 si
747 3031 820 3091 Deus
831 3031 937 3107 ubique
952 3049 1010 3092 uon
1020 3039 1104 3102 esset,
1115 3049 1259 3108 nusquam
1372 3090 1373 3105 ,

216 3117 299 3174 asset.
317 3111 346 3171 lu
362 3121 426 3171 aute
440 3114 517 3173 euim
536 3116 699 3175 necessaris
714 3117 785 3175 nihil
802 3117 920 3192 cogitari
937 3123 1048 3192 potest,
1070 3121 1142 3195 quud
1165 3121 1259 3192 iusum

216 3197 252 3255 ad
266 3198 342 3256 hunc
358 3197 449 3256 iocum
465 3213 533 3272 prae
549 3198 604 3259 aiio
618 3199 798 3259 determinet.
810 3202 954 3275 Nusquam
969 3208 1067 3261 autem
1077 3219 1140 3263 esse
1155 3204 1255 3277 Deum,

215 3288 352 3356 quantum
367 3281 480 3341 divinae
497 3289 615 3343 naturae
629 3285 781 3344 conveniat
796 3285 919 3346 uiderint
933 3286 1099 3348 advenerit.

258 3608 269 3654 r
289 3613 365 3672 ερεε.
382 3610 427 3658 sm
443 3612 475 3660 aa
490 3611 597 3660 norme.
