2767 4492
706 320 870 405 annuunt

667 495 845 557 Pnovosrnro
861 492 905 555 lli.

320 668 487 731 Subiectum
497 666 689 744 peimtttoum
705 674 731 725 et
744 664 885 726 naturale
897 658 1045 739 potestatis
1064 654 1169 715 ooout
1184 646 1243 723 ipse

609 749 974 826 multitudoseupoputus.

304 926 365 986 lot.
382 926 415 986 ln
429 924 576 1001 superiore
591 924 786 999 propositione
800 926 968 998 potestatem
981 908 1217 979 consideravimus
1234 900 1287 963 ahs·

267 1015 355 1070 macte
368 1016 451 1085 prout
465 1011 510 1070 ins
525 1009 667 1085 quoddam
681 1014 725 1068 est
739 1014 767 1069 et
780 1008 908 1068 oilicium
918 1023 936 1067 a
946 1005 1056 1067 ratione
1065 1002 1206 1067 dictatum
1223 1000 1289 1050 nune

230 1149 232 1154 .
267 1096 467 1157 descendimus
483 1095 519 1153 ad
535 1095 665 1155 eamdem
677 1094 916 1155 considerandam
935 1092 966 1151 in
980 1077 1306 1177 concretopront'delerr

235 1245 238 1262 ¹
267 1181 407 1242 minatum
431 1181 592 1241 subiectum
613 1180 756 1239 informat.
777 1178 810 1237 Et
824 1178 855 1237 in
868 1177 970 1253 primis
981 1174 1144 1251 opinionem
1160 1171 1289 1251 mereamus

268 1266 363 1341 Gradi,
379 1266 560 1326 emendum
575 1272 791 1339 ceterorumque
805 1263 933 1325 eiusdem
941 1262 1055 1321 scholae
1065 1256 1237 1330 scriptorum,
1250 1256 1291 1317 qm

268 1357 369 1427 putant
382 1351 414 1410 in
428 1350 576 1426 primaeva
590 1348 731 1409 societatis
746 1348 855 1421 origiue
868 1352 1037 1423 potestatem
1052 1358 1103 1419 per
1117 1356 1147 1399 sc
1170 1330 1291 1397 resedisse

267 1436 374 1511 inipso
388 1435 579 1508 mullitudine,
596 1450 669 1509 quae
683 1434 763 1492 illam
777 1433 909 1507 deinceps
920 1432 1052 1507 pactione
1068 1428 1161 1501 aliqua
1180 1420 1209 1479 in
1227 1412 1292 1491 pail·
1352 1460 1353 1465 η

268 1522 363 1597 cipem
377 1528 427 1581 aut
441 1525 572 1579 sedatum
587 1520 739 1580 transtulit.

301 1608 376 1666 llaec
389 1606 532 1667 sententia
546 1605 613 1665 licet
627 1606 779 1665 innumera
794 1605 841 1664 illa
855 1604 979 1665 absurda
1002 1597 1166 1679 systematis
1187 1592 1291 1687 dionaea-

207 1715 211 1725 ·
266 1693 306 1753 vii
319 1708 376 1751 non
392 1692 535 1751 contineat
552 1691 575 1763 ⁴3
594 1697 686 1750 tamen
707 1692 829 1749 falsitate
853 1690 969 1749 laborat.
987 1688 1020 1747 Et
1043 1689 1076 1747 in
1090 1676 1293 1761 primissime

267 1778 330 1837 bari
341 1784 434 1851 posset
449 1780 522 1837 lacto
538 1778 618 1853 ips03
634 1777 776 1850 siquidem
791 1776 932 1835 sententia
950 1775 1000 1833 illa
1019 1772 1133 1832 nullum
1148 1762 1296 1858 ivandamen·

267 1869 327 1922 tum
343 1862 428 1920 lrahot
451 1863 480 1922 in
506 1863 632 1923 historia.
644 1862 744 1920 Dicant
754 1862 829 1919 enim
849 1861 909 1919 eins
919 1861 1146 1934 propugnatores
1154 1850 1263 1911 ubinam
1275 1840 1298 1899 et

267 1950 380 2023 parando
391 1946 444 2006 hoc
459 1948 585 2023 contigit,
602 1953 634 2007 ut
646 1948 766 2023 populus
782 1954 865 2006 antea
881 1946 952 2005 liber
967 1950 994 2004 et
1004 1938 1200 2015 suimetipsius
1209 1934 1295 2025 resiliit

267 2038 383 2107 pactum
405 2032 475 2091 illud
498 2033 613 2092 iniverit
627 2034 662 2091 ad
677 2038 844 2107 potestatem
860 2047 917 2090 ass
927 2024 1120 2089 abdicandam
1135 2030 1163 2085 et
1176 2022 1205 2082 in
1223 2015 1297 2107 airum

268 2117 539 2176 transmittendam?
562 2118 670 2177 decidit
683 2118 836 2191 aliquando
862 2116 939 2190 apud
955 2115 1111 2175 nonnullas
1126 2115 1221 2184 gentes
1233 2106 1261 2159 ut
1273 2111 1297 2155 ll

267 2201 425 2260 mutatione
450 2202 600 2276 regiminis
622 2202 733 2276 integer
755 2203 876 2277 populus
897 2202 942 2261 vel
966 2200 1071 2259 melius
1096 2198 1158 2259 eins
1177 2192 1298 2279 primore

267 2300 335 2346 oum
358 2286 505 2360 designata
527 2289 623 2363 aliqua
648 2304 770 2363 persona
791 2288 826 2345 de
840 2286 960 2361 imperio
982 2286 1205 2361 paciscerentur.
1229 2276 1259 2333 dt
1276 2264 1299 2327 ld

267 2372 401 2447 nuspiam
415 2373 469 2432 luit
492 2374 585 2448 prima
599 2374 738 2433 institutio
768 2373 929 2448 potestatis,
950 2372 999 2430 sed
1014 2386 1094 2431 mere
1108 2362 1247 2455 innovatio
1258 2368 1298 2431 plo

267 2464 371 2517 eveum
382 2457 476 2533 aliquo
490 2459 636 2533 peculiari,
653 2460 684 2518 in
699 2458 889 2533 quo-societas
899 2457 993 2531 priore
1002 2456 1165 2529 imperante
1180 2446 1300 2541 destituta

266 2543 373 2603 novum
387 2545 443 2603 sibi
457 2545 570 2618 delegit,
588 2551 638 2603 aut
652 2560 689 2603 en
705 2560 763 2603 una
775 2544 865 2602 forma
880 2540 1011 2615 gubernii
1021 2540 1159 2615 migravit
1172 2536 1204 2595 in
1218 2532 1298 2591 almfflt

302 2630 358 2690 Nec
372 2630 450 2690 dicas
464 2647 531 2690 cum
546 2630 741 2703 rationalistis,
758 2630 805 2688 hic
817 2630 863 2702 agi
877 2630 913 2688 de
927 2628 1036 2701 origine
1045 2644 1106 2687 non
1115 2622 1248 2685 historica
1259 2608 1301 2674 aed
1352 2616 1353 2703 t

223 2709 225 2714 ’
266 2716 387 2777 iuridica
401 2715 546 2791 potestatis
561 2716 597 2773 ad
610 2731 697 2789 qnam
708 2730 807 2789 parurn
823 2714 915 2774 relect
923 2714 999 2786 quod
1006 2718 1173 2773 contractus
1188 2707 1299 2768 eiusmo-

267 2801 297 2860 di
310 2806 340 2859 et
354 2800 499 2861 translatio
514 2800 627 2874 imperii
641 2815 659 2857 a
672 2799 776 2875 populo
790 2800 821 2859 in
836 2815 988 2874 personam
1002 2799 1224 2858 determinatam
1238 2798 1300 2848 nun·
1352 2826 1353 2853 l

267 2901 352 2960 quam
367 2886 509 2958 acciderit
532 2886 616 2944 modo
637 2886 709 2945 ratio
730 2886 816 2945 dictet
830 2902 882 2959 per
896 2900 926 2943 se
940 2884 1077 2961 populum
1094 2900 1168 2943 esse·
1185 2874 1302 2940 naturale

266 2970 426 3031 subiectum
440 2970 594 3045 potestatis.
614 2971 691 3029 Tunc
707 2972 785 3029 enim
800 2986 956 3031 consensus
966 2970 1014 3029 ille
1033 2956 1303 3029 subaudiendusedl

267 3061 413 3130 tamquam
427 3062 626 3131 praesumptus
639 3062 669 3116 et
682 3057 850 3130 implicitus.

300 3142 437 3201 instantia
449 3142 521 3201 haec
538 3141 646 3217 duplici
660 3146 788 3216 exparte
803 3142 927 3203 vacillat.
952 3142 1088 3210 Primum,
1109 3140 1181 3217 quia
1195 3132 1303 3201 ridicula
1352 3126 1353 3159 v

266 3233 309 3286 est
322 3227 461 3287 ordinatio
474 3233 603 3302 naturae,
620 3243 693 3302 quae
709 3243 858 3302 nunquam
872 3232 901 3288 et
914 3228 1047 3302 nuspiam
1057 3227 1155 3287 locum
1170 3219 1302 3289 nauseat
1352 3230 1353 3261 ³

265 3313 315 3372 sed
329 3312 436 3388 ubique
452 3318 481 3372 et
501 3328 613 3388 semper
627 3329 693 3371 curm
708 3314 826 3372 veritate
847 3314 980 3372 historica
994 3312 1176 3389 pugnaverit.
1195 3306 1301 3373 neiode

265 3398 332 3473 quia
346 3398 393 3458 ille
407 3414 563 3459 consensus
576 3398 722 3473 praesumi
737 3414 795 3459 non
806 3404 905 3474 potest;
922 3399 1064 3474 siquidem
1076 3396 1190 3459 versari
1200 3391 1306 3475 debnie

233 3639 236 3645 -
308 3606 319 3655 i
340 3604 467 3658 Diiiessntia
481 3606 575 3656 suarinas
590 3602 656 3655 laio
672 3607 797 3673 sestsmatis
813 3624 824 3657 s
839 3606 965 3659 iloussoavii
977 3606 1063 3659 insania
1077 3604 1100 3658 in
1115 3606 1159 3657 lvoc
1175 3604 1310 3674 potissimam

263 3686 378 3750 cernitur,
401 3685 460 3748 qnod
479 3688 591 3733 Roossoau
604 3702 728 3750 supremam
749 3692 877 3750 potestatem
896 3688 977 3752 populo
997 3687 1043 3735 iuro
1063 3698 1179 3751 nunqnam
1197 3680 1309 3734 alienando

261 3762 350 3824 tribuit3
367 3763 454 3808 Grotius
468 3778 519 3809 voro
540 3779 590 3809 cum
603 3763 691 3810 macelin
706 3764 767 3827 dicit,
784 3764 889 3827 populum
904 3764 967 3813 initio
985 3769 1069 3811 uotam
1084 3781 1108 3812 es
1131 3768 1245 3827 potestate
1258 3756 1312 3822 gtt'l·

260 3851 310 3881 snm
326 3853 380 3899 osso,
397 3840 435 3884 sod
450 3845 564 3902 postquam
575 3839 613 3886 ill·
627 3856 651 3887 so
662 3840 764 3903 spoliavit
779 3847 800 3887 at
814 3842 969 3890 determinatae
984 3857 1089 3906 personas
1099 3846 1136 3891 aot
1151 3839 1252 3903 collegio
1261 3850 1312 3884 ton·

260 3912 333 3976 cnut,
343 3927 394 3963 vere
407 3913 519 3966 emortum
533 3917 635 3983 evasum,
651 3933 677 3967 ao
689 3916 783 3983 proinde
797 3918 824 3969 ad
836 3918 981 3971 obelierius
992 3919 1070 3969 moeri.
