2767 4492
205 324 257 386 196
530 335 921 386 unrmfflsroudnunsnnrs

203 439 286 498 arpo.
301 421 373 483 'ium
387 436 459 498 crepo
470 435 655 498 cormeqaour.
667 423 787 482 Etiamsi
801 421 833 482 in
847 421 1006 497 hypothesi,
1020 415 1096 497 quod
1105 423 1180 484 Deus
1191 427 1251 484 tan·

203 512 266 566 tum
294 506 445 581 influeret,
475 507 554 566 idem
573 507 691 566 effectus
721 507 813 581 quoad
838 505 883 566 sui
897 505 1056 566 realitatem
1070 514 1253 582 exsurgerem

205 596 303 652 tamen
316 591 365 652 bic
379 605 439 650 non
452 592 584 651 eamdem
603 590 825 666 dependendam
838 595 867 650 et
880 590 1056 664 relationem,
1074 606 1162 665 quam
1175 606 1254 651 nunc

204 676 302 751 babet,
321 676 467 750 rebraret,
490 691 583 750 neque
602 675 736 736 eumdem
754 675 926 750 procedendi
944 675 1062 734 modum
1085 675 1251 749 includeret,

203 776 299 835 neque
312 761 350 820 ad
363 761 497 820 eumdem
511 761 601 819 tinem
621 765 750 835 spectare
765 764 868 834 posset.
885 759 966 818 blind
984 759 1063 818 enim
1077 755 1121 818 est
1133 759 1252 835 produci

203 861 222 903 a
236 844 297 906 solo
310 845 382 918 lieo3
400 844 478 904 aliud
492 845 611 920 produci
626 845 713 904 simul
727 859 744 902 a
759 843 861 904 creatis
881 843 1031 917 agentibus
1051 843 1104 902 sub
1118 843 1196 903 illius
1209 844 1253 902 in·

203 931 287 988 fluxu
300 928 496 1004 operantibus.
511 930 568 988 Hoc
584 933 681 988 autem
696 927 778 986 valde
793 927 975 990 commendat
988 927 1160 1002 sapientiam
1172 927 1253 987 boni-

204 1019 349 1087 tatemque
365 1013 492 1086 artificis,
506 1013 581 1086 quod
595 1028 652 1071 non
668 1012 753 1072 modo
763 1012 885 1086 ipseper
894 1025 926 1071 se
940 1015 1014 1086 agat,
1031 1012 1081 1071 sed
1095 1011 1182 1071 etiam
1193 1013 1251 1071 suis

203 1097 355 1157 eiiectibus
370 1096 474 1168 mendi
486 1097 546 1156 rim
561 1097 708 1170 largietur.

241 1183 331 1242 Obiic.
348 1183 381 1242 ll.
394 1181 515 1256 Spiritus
529 1181 673 1256 operando
687 1179 865 1240 etmoverldo
880 1193 999 1256 corpora
1008 1182 1177 1256 semetipsos
1187 1195 1252 1240 con·

204 1273 361 1341 servarent,
381 1267 428 1326 vel
448 1267 538 1326 Deum
556 1266 593 1324 ad
611 1267 657 1325 sui
677 1265 922 1325 conservationem
941 1271 1083 1340 cogerent.
1104 1267 1173 1326 Nam
1192 1265 1253 1324 exi·

206 1358 315 1413 sterent
331 1353 363 1411 in
381 1350 502 1411 diiersis
522 1351 605 1424 locis3
624 1350 696 1409 baec
716 1353 812 1409 autem
835 1349 988 1410 existentia
1010 1349 1252 1410 conseruationem

204 1437 339 1512 postulat.

239 1523 322 1597 liesp.
335 1521 411 1596 Nepo
419 1522 557 1596 primum
576 1521 643 1578 Aut.
655 1519 910 1593 adprobationem
923 1519 1073 1593 obstupeo
1088 1519 1251 1577 minorari:

203 1607 275 1664 baec
285 1611 382 1664 autem
392 1605 546 1663 existentia
555 1602 931 1677 postulatconserrationem
946 1603 1073 1662 habitam
1084 1602 1191 1676 abipso
1202 1617 1252 1660 en-

204 1695 232 1747 te
247 1689 322 1762 quod
338 1693 537 1759 conservatur,
551 1702 641 1760 oepo,·
655 1685 785 1754 habitam
794 1702 815 1744 a¹
825 1687 881 1745 Deo
897 1687 938 1745 sic
947 1686 1037 1745 libere
1049 1687 1171 1759 volente,
1188 1701 1252 1744 cote

205 1773 281 1831 cedo.
298 1772 396 1830 Fateor
410 1770 542 1844 equidem
557 1770 674 1844 spiritus
687 1785 745 1828 non
761 1785 843 1843 posse
858 1771 970 1844 operari
983 1785 1037 1830 nec
1053 1769 1171 1844 proinde
1192 1784 1254 1828 cor·

205 1871 276 1929 pora
289 1869 413 1927 movere,
429 1855 486 1913 nisi
501 1855 532 1913 in
546 1855 696 1914 existendo
710 1861 922 1915 conserventur.
939 1856 1042 1914 Verum
1056 1855 1127 1913 baec
1142 1867 1253 1912 conser-

207 1939 284 1997 vatio
298 1953 358 1998 non
372 1937 408 1996 ab
423 1937 489 2011 illis,
499 1939 551 1998 sed
561 1954 579 1996 a
588 1939 644 1997 Deo
658 1939 794 2013 procedit,
806 1944 835 1998 et
850 1939 966 2013 quidem
975 1939 1073 1998 libere.
1090 1938 1164 1997 Deus
1174 1936 1252 1996 enim

206 2022 262 2081 boc
275 2023 337 2096 ipso
352 2023 426 2095 quod
441 2021 530 2082 libere
543 2038 590 2082 res
605 2023 726 2096 creavit,
742 2023 832 2082 libere
851 2023 938 2082 etiam
953 2027 1111 2082 conservat.
1127 2020 1252 2082 Necessi-

206 2112 249 2165 tas
263 2106 342 2165 enim
355 2106 554 2180 hypothetica,
572 2121 624 2165 seu
638 2122 713 2180 quae
727 2106 911 2178 conseqmbu
921 2111 1016 2165 actim
1025 2105 1158 2178 liberum,
1169 2104 1253 2164 liber-

207 2190 260 2250 tati
273 2206 331 2248 non
346 2189 521 2250 adversatur.

241 2274 330 2334 Obiic.
346 2275 390 2333 ill.
409 2275 530 2349 corpora
544 2282 612 2335 sunt
625 2277 740 2336 inertia.
757 2277 829 2350 Ergo
845 2277 946 2336 saltem
959 2278 1030 2336 baec
1045 2291 1104 2335 non
1118 2279 1215 2350 agunt.

147 2393 150 2396 ·
240 2359 323 2432 Resp.
341 2358 415 2417 illst.
431 2360 497 2417 Aat.
516 2361 586 2418 Sunt
599 2361 719 2434 inertia,
737 2361 811 2420 idest
825 2376 877 2435 per
892 2375 922 2419 se
935 2360 1129 2419 indifferentia
1143 2359 1178 2418 ad
1193 2373 1251 2418 mo·
1315 2405 1319 2411 .

204 2449 265 2502 tum
280 2442 326 2502 rel
340 2442 475 2517 quietem,
491 2448 520 2502 et
534 2443 641 2502 idcirco
654 2450 761 2504 statum
770 2460 829 2504 non
844 2451 956 2504 mutant
965 2444 1023 2502 nisi
1033 2443 1158 2518 impulsu
1173 2449 1251 2502 exte·

202 2526 287 2585 noris
302 2542 414 2599 causae,
431 2542 526 2599 couc.,·
541 2527 616 2585 idest
629 2533 696 2586 sumt
705 2528 802 2603 inepta
813 2529 849 2587 ad
862 2533 972 2587 motum
983 2528 1193 2602 exequendum,
1206 2543 1251 2586 ac-

204 2615 287 2682 cepta
300 2610 331 2667 ri
344 2615 373 2668 et
387 2610 624 2670 determinatione
639 2611 808 2686 aprincipio
824 2613 919 2686 aliquo
934 2618 1062 2685 externo,
1074 2611 1119 2670 vel
1135 2615 1201 2670 sunt
1210 2611 1252 2669 in-

201 2693 320 2766 capacia
333 2694 487 2753 cuiuslibet
501 2695 631 2769 actionis,
647 2711 730 2771 nepo.
747 2697 872 2757 Oblectio
891 2701 997 2756 statum
1012 2696 1187 2770 quaestionis
1197 2695 1252 2754 ela·

201 2777 279 2836 bitur
293 2782 322 2836 et
335 2777 521 2852 ambiguitate
535 2780 613 2838 illius
629 2780 708 2839 vocis
722 2781 862 2852 inertiam
877 2796 950 2855 quae
965 2781 1081 2854 qrridem
1094 2780 1125 2839 in
1141 2784 1255 2839 tantum

200 2862 367 2935 corporibus
381 2862 519 2922 inanimis
534 2864 708 2938 attribuitur,
721 2864 752 2923 in
766 2872 906 2937 quantum
921 2864 1139 2939 incapacitatem
1148 2863 1252 2937 impor-

202 2951 243 3004 tat
258 2961 289 3005 se
303 2946 514 3007 determinandi
528 2948 623 3021 quoad
637 2954 748 3007 motum
759 2948 878 3008 localem
892 2947 1140 3007 inchoandumrel
1150 2947 1252 3006 tinien-

201 3029 280 3088 dum.
297 3031 376 3098 Quod
391 3032 415 3089 ei
429 3031 469 3090 ita
485 3032 639 3106 accipitur,
656 3037 690 3092 nt
704 3032 844 3107 significet
865 3031 1025 3091 absentiam
1046 3032 1251 3105 cuiuscumque

204 3113 336 3186 actionis,
353 3129 447 3188 neque
467 3116 633 3189 corporibus
653 3117 712 3175 uita
730 3117 894 3176 carentibus
912 3119 1061 3190 competet.
1072 3115 1153 3174 'Haec
1172 3115 1251 3174 eninr

201 3211 302 3255 revera
315 3202 418 3271 agunt,
434 3198 494 3258 sive
509 3199 651 3272 pertines
666 3215 684 3257 a
697 3200 839 3274 principio
859 3199 983 3274 quiedam
997 3199 1142 3258 essentiali
1162 3213 1251 3257 emer-

201 3284 317 3354 gentes,
335 3282 396 3340 sive
408 3296 460 3354 per
474 3283 550 3340 vires
566 3297 665 3341 eorum
681 3289 802 3348 naturae
819 3283 1025 3357 superadditas.
1042 3283 1167 3350 Quorum
1180 3296 1250 3340 neu·

202 3369 278 3504 milii]
288 3364 341 3507 'hile
354 3365 524 3437 delinimus,
540 3379 607 3424 cum
620 3371 774 3440 utrumque
788 3368 826 3425 ad
842 3366 1071 3427 occasionalistas
1086 3363 1250 3428 refutandos

202 3461 236 3504 su
269 3462 335 3506 cra.
