2767 4492
421 339 858 394 amatunam-esromae
1108 325 1161 395 itii

116 427 146 487 et
160 425 226 487 anie
241 420 427 487 reflexionem
438 427 557 487 Loclxius
567 429 681 489 nonnisi
692 429 908 490 sensibilitatem
921 429 1076 503 induceret
1093 445 1159 490 con·

117 517 286 572 sentaneum
300 526 370 570 sane
386 512 537 571 uidebatur
550 513 641 572 utris
660 513 711 572 ilia
729 513 818 571 animi
832 514 869 572 ad
885 516 977 588 ipsam
991 515 1161 575 sensibilita-

118 601 176 654 tem
189 600 389 669 ravocaretur,
407 609 481 669 qnae
496 595 598 654 deinde
613 611 643 655 se
658 597 807 670 perliceret
819 602 853 654 ac'
870 597 1056 658 multitariam
1070 599 1161 674 expli·

119 683 204 738 caret.
220 679 250 738 ld
266 679 406 751 praestitit
422 677 573 738 Gondillac.
591 680 682 747 Quare
697 684 729 739 ut
741 679 880 752 empirica
893 679 996 740 Bacoui
1010 680 1161 743 methodus

7 789 14 806 ·
118 761 253 822 Luckimr
268 765 329 822 erat
342 763 479 838 paribrra,
495 763 537 821 sic
551 755 643 821 buclae
657 763 723 821 sinu
733 761 822 821 veluti
837 777 889 821 suo
902 763 1011 823 terebat
1025 759 1162 826 Conddla·

119 845 177 905 cbii
191 845 374 905 sensiemum.
396 847 429 906 Ut
443 845 530 919 igitur
544 845 598 904 boc
613 851 738 920 systema
757 845 881 904 breviter
900 851 1055 921 exponam,
1072 862 1164 923 pauca

119 931 189 988 haec
198 929 341 990 habetote:
353 928 512 989 Intellectus
523 943 574 989 sex
584 935 694 989 constat
703 927 896 988 facultatibus:
908 931 1076 1005 attentione,
1087 945 1162 990 corre

116 1015 283 1089 paratione,
295 1009 416 1086 iudicio,
427 1013 589 1086 artmano,
599 1013 822 1086 tmoptoottooc,
834 1009 1002 1088 ratiocinia·
1016 1027 1090 1089 quae
1104 1017 1165 1090 qui-

121 1097 188 1156 dem
201 1110 259 1156 non
273 1102 340 1156 sunt
355 1097 432 1156 aliud
451 1096 507 1156 nisi
524 1094 647 1168 ipsamet
665 1094 839 1156 sensibilitas
858 1093 941 1156 alitor
954 1095 1164 1159 transformata.

119 1181 190 1240 liam
207 1197 274 1239 cum
290 1181 437 1253 sentimus,
455 1182 545 1239 multa
558 1182 641 1240 nabis
658 1175 816 1240 offeruntur
829 1173 948 1254 obiecta,
966 1189 1087 1256 quorum
1103 1183 1166 1242 nul-

120 1263 181 1322 lum
190 1260 321 1322 distincte
330 1263 513 1337 percipimus.
529 1263 602 1322 ilinc
613 1263 712 1323 inuno
723 1277 851 1322 seorsum
861 1264 991 1323 obtritum
1001 1267 1087 1340 ligere
1096 1283 1167 1342 opus

121 1349 180 1418 est,
196 1350 229 1404 ut
244 1335 401 1406 distinctior
418 1340 541 1420 cognitio
560 1347 618 1406 liat.
639 1342 713 1405 ilaec
728 1348 801 1406 actio
815 1345 919 1406 dicitur
937 1350 1076 1423 attentio,-
1094 1363 1168 1424 quae

121 1442 191 1488 sane
205 1441 263 1487 non
278 1431 321 1488 est
335 1421 413 1488 aliud
427 1429 484 1488 nisi
500 1429 622 1489 senentio
643 1430 728 1489 unius
745 1430 867 1504 obiecti,
884 1431 1004 1505 perinde
1015 1447 1069 1491 nos
1083 1449 1168 1492 occu-

121 1523 214 1586 pans,
232 1513 315 1586 quasi
333 1513 406 1572 aliae
424 1509 556 1572 deessent
574 1526 627 1572 nec
646 1512 707 1572 nlla
727 1529 744 1572 a
764 1515 865 1573 ceteris
883 1515 1002 1573 obiectis
1019 1516 1169 1589 impressio

122 1599 295 1654 exereretur.
312 1591 417 1655 iieinde
432 1595 679 1670 quemadmodum
694 1595 746 1656 uni
761 1588 885 1670 obiecto,
902 1597 943 1656 sic
958 1598 1069 1657 duobus
1082 1601 1170 1658 etiam

123 1677 222 1737 eodem
237 1683 359 1753 tempore
374 1681 519 1740 aduertere
538 1679 738 1754 cogitationem
757 1690 918 1754 possumus.
941 1679 1019 1741 Tunc
1033 1684 1170 1758 exsurget

119 1763 318 1838 ,compararim
333 1777 406 1837 quae
422 1764 542 1838 proinde
557 1764 666 1838 duplici
681 1763 835 1822 attentione
849 1763 998 1837 constabit,
1011 1770 1096 1839 atque
1106 1767 1170 1825 ideo
1221 1807 1228 1820 .

123 1843 158 1902 ab
171 1845 234 1920 ipsa
245 1847 405 1906 sensatione
419 1861 479 1908 nou
493 1845 613 1907 differet.
635 1849 668 1906 it
683 1861 749 1906 uero
767 1848 921 1922 nequimus
939 1847 1011 1906 duas
1026 1849 1168 1907 sensatio-

124 1942 242 2002 uesper
262 1933 505 2005 comparationem
525 1931 632 1990 babere
652 1928 758 2004 simui,
778 1931 847 2004 quin
867 1938 956 1989 unam
975 1929 1062 1990 veluti
1082 1947 1171 2006 prope

125 2009 210 2070 aliam
230 2009 424 2073 contueamur.
447 2015 518 2073 ilinc
541 2016 687 2088 perceptio
709 2012 874 2073 eorumdem
893 2015 1107 2074 convenientiae
1126 2013 1172 2075 vel

125 2095 331 2168 discrepantiae
346 2099 442 2156 statim
458 2095 586 2172 emergit,
603 2114 677 2173 quae
691 2097 839 2157 iodicium
852 2101 1031 2174 nominatur,
1043 2108 1172 2176 quaeque

126 2177 245 2250 proinde
260 2179 442 2239 sensionibns
452 2181 539 2238 etiam
550 2183 720 2239 continetur.
735 2174 852 2254 insuper
862 2194 1066 2256 saepenumero
1076 2183 1172 2258 cogni-
1198 2234 1202 2240 .

127 2263 156 2318 ta
172 2275 208 2318 ex
222 2261 252 2319 vi
265 2258 364 2320 iudicii
379 2260 517 2321 relatione
533 2275 600 2337 una,
618 2265 654 2322 ad
673 2263 744 2323 alias
757 2265 988 2326 intemcscendas
998 2267 1118 2343 gradum
1133 2267 1173 2325 ia·

126 2345 228 2403 cimus.
255 2345 287 2405 ut
300 2345 330 2404 id
352 2339 419 2419 ilai,
436 2348 597 2406 necessaria
616 2347 670 2408 erit
689 2349 777 2408 series
796 2351 938 2425 quaedam
957 2348 1130 2410 iudiciorum
1144 2354 1172 2410 ei

128 2428 246 2488 attentio
253 2427 384 2503 pluribus
393 2431 533 2503 gradatim
543 2436 571 2490 et
580 2431 751 2506 pedetentim
758 2433 877 2494 obiectis
886 2435 1023 2493 adbibita.
1033 2435 1083 2491 liic
1094 2439 1174 2492 actus

127 2510 231 2571 dicitur
245 2512 371 2588 reflecto,
382 2515 450 2588 quia
465 2529 502 2573 ex
516 2529 574 2575 nno
588 2513 742 2577 iudicio-in
758 2519 835 2578 atiud
850 2516 1058 2593 quodammodo
1072 2516 1171 2590 resiiit;

127 2597 164 2668 et,
182 2610 247 2655 cum
262 2611 320 2656 non
335 2599 444 2658 constet
458 2599 514 2659 nisi
528 2601 643 2660 iudiciis
658 2607 686 2660 et
702 2600 971 2676 comparationibus,
982 2599 1175 2658 sensationem

127 2695 184 2738 non
200 2681 322 2741 excedit.
339 2681 485 2756 Denique,
504 2687 652 2758 postquam
667 2701 720 2758 ope
735 2682 900 2743 reflexionis
914 2683 1009 2742 varias
1023 2683 1174 2757 qualitates

128 2761 323 2838 elicuerimus,
341 2767 446 2839 quibus
460 2783 506 2825 res
521 2769 650 2826 diversae
664 2769 809 2838 diffemnt,
826 2771 978 2840 possumus
992 2766 1056 2823 illas
1070 2768 1102 2824 in
1116 2780 1173 2824 uno

127 2847 216 2906 vetuti
231 2848 340 2905 sociare
355 2848 493 2908 subiecto.
509 2849 579 2907 Tum
594 2850 681 2906 etiam
696 2863 754 2906 uno
769 2848 876 2921 prolato
896 2846 1022 2921 iudicio,
1038 2847 1176 2905 iudicium

49 2971 52 2977 .
129 2927 206 2986 alind
220 2943 304 3001 saepe
320 2927 498 3000 deducimus,
511 2931 592 3002 qnod
601 2931 673 2986 iorte
687 2930 718 2987 in
732 2929 781 2987 illo
797 2929 1003 2988 continebatur.
1022 2929 1116 2990 Prima
1130 2946 1190 3017 ca·

129 3025 195 3070 rum
214 3011 358 3069 actionum
378 3011 681 3084 immitissimorum
700 3011 894 3070 ratiocinium
911 3013 1034 3088 dicitur3
1056 3020 1176 3088 utraque

130 3107 213 3166 vero,
230 3099 263 3151 ut
276 3097 366 3166 patet,
384 3093 593 3152 sensationibus
606 3108 686 3152 mere
701 3095 850 3156 constabit.
868 3097 972 3156 Omnes
985 3099 1072 3172 igitur
1086 3098 1176 3182 animi

132 3277 143 3302 ι
161 3255 251 3303 iacultir
272 3251 299 3302 dt
313 3251 404 3320 ΝΜ
420 3253 438 3302 ii
451 3255 483 3303 lea
500 3253 610 3318 distingne
623 3257 667 3302 tris
681 3259 859 3322 expressiment3
879 3259 934 3305 mais
948 3258 965 3306 il
980 3255 1019 3306 iait
1033 3261 1097 3322 jonar
1111 3263 1123 3306 i
1138 3269 1179 3307 nes

134 3351 142 3376 ι
161 3325 252 3378 iaiultte
268 3341 298 3377 uu
313 3329 359 3378 rdla
376 3331 521 3395 saccndairs,
538 3337 561 3379 et
575 3329 731 3396 insignibant,
746 3335 768 3378 at
782 3331 798 3378 ii
813 3339 928 3381 consentes
946 3335 994 3381 leur
1009 3337 1080 3382 action
1095 3349 1132 3380 aar
1146 3334 1178 3381 las

136 3427 145 3449 ι
164 3407 247 3452 dennis
262 3405 381 3470 sansibles5
395 3405 422 3454 da
432 3409 453 3455 ii
465 3409 477 3454 i
487 3405 518 3454 lea
529 3407 648 3454 coniondre
662 3423 713 3455 arec
727 3407 749 3454 la
763 3407 884 3455 sensibilitd
900 3399 1026 3456 elie-meme
1040 3407 1056 3456 ii
1071 3409 1109 3472 n'y
1121 3408 1178 3456 avait

136 3501 145 3523 ι
164 3481 231 3544 qn’nn
247 3497 294 3546 pas,
312 3485 333 3528 ei
348 3481 369 3530 lla
385 3486 418 3529 cst
431 3483 452 3530 le
466 3499 538 3544 garum
553 3476 618 3530 inibis
633 3496 711 3530 ancora
725 3483 753 3529 de
769 3484 789 3530 la
804 3484 876 3530 intare
892 3483 975 3531 tbioria
990 3485 1017 3531 da
1031 3485 1052 3531 la'
1067 3486 1177 3533 sensation

136 3576 145 3598 ιι
165 3550 248 3603 comme
264 3556 285 3604 la
299 3559 400 3621 principe
413 3560 496 3622 unique
512 3559 538 3606 da
552 3563 622 3606 tontes
637 3558 668 3606 lcs
683 3561 806 3622 operatione
821 3559 848 3606 da
861 3557 940 3606 lee.
958 3558 980 3605 θ’
989 3565 1022 3606 eat
1034 3559 1112 3623 laria,
1129 3559 1176 3625 qni,

136 3651 145 3674 ι
164 3644 215 3678 sans
230 3631 250 3680 ia
265 3635 352 3689 sarcir,
369 3637 391 3682 ai
405 3647 455 3681 sans
469 3634 489 3682 la
504 3635 609 3700 voulut,
625 3649 638 3681 a
652 3635 712 3697 iripi
728 3634 749 3681 ia
763 3639 825 3681 ronta
839 3637 851 3680 i
865 3639 920 3682 natta
935 3635 1033 3682 doctrine
1047 3635 1173 3702 exclusiva,

136 3723 146 3748 ι
165 3715 192 3752 en
207 3705 328 3769 n’ajoutant
343 3711 355 3756 i
369 3707 390 3756 la
408 3711 527 3776 sensatior,
544 3728 586 3776 que
601 3711 638 3758 dea
652 3707 753 3774 incultis,
769 3707 822 3757 doni
836 3713 883 3757 tout
896 3708 993 3773 i'amploi
1007 3717 1041 3759 ert
1055 3709 1082 3759 da
1096 3711 1178 3759 s’a‘aar—

138 3799 147 3822 a
166 3793 201 3827 aar
217 3794 254 3829 aar
270 3783 311 3830 aila
325 3799 376 3832 sans
398 3801 483 3838 aucune
503 3792 566 3840 serta
587 3803 667 3854 propre
680 3789 704 3838 at
716 3785 830 3851 originale.
849 3806 858 3833 ι
875 3780 937 3839 imit.
954 3779 982 3840 is
998 3789 1022 3840 itt
1037 3779 1126 3840 Met·
1144 3785 1177 3843 dat

153 3854 253 3925 itt-didi·¹
267 3849 335 3912 treis
352 3854 392 3923 tq.
412 3851 452 3912 ib.
