2767 4492
336 339 338 342 -
408 309 484 356 rans
496 307 615 356 urnas
630 324 640 338 ·
654 308 862 369 rsrnronoors
1104 293 1158 356 233
1253 290 1257 296 ’

115 394 229 454 virtutis
242 393 391 453 ordinari?
405 393 598 468 Nequaquam,
615 397 644 453 et
660 397 755 452 tamen
769 391 891 454 evolutio
905 389 1109 466 intelligentiae
1122 408 1162 452 err

116 493 247 539 sermone
261 478 451 552 dependisset.

152 563 257 621 Verum
270 567 302 620 ut
316 561 478 621 distinctius
491 561 569 620 hunc
583 575 710 619 errorem
722 559 898 633 refellamus,
915 561 986 620 duas
1000 559 1161 620 stabilimus

116 646 340 718 propositiones:
362 647 383 705 l.
400 645 504 704 mentis
523 644 712 704 evolutionem
727 644 814 702 etiam
829 643 923 717 quoad
936 644 1068 704 veritates
1082 659 1162 718 mere

117 729 309 804 intelligibiles
323 734 351 788 et
364 729 487 790 morales
501 729 610 789 ordinis
624 728 763 788 naturalis
777 726 906 787 absolute
920 742 978 786 non
990 729 1114 802 pendere
1124 744 1162 788 err

118 827 173 872 usu
185 811 342 887 sermonis3
363 813 396 874 ll.
412 812 541 876 absolute
555 828 613 874 non
629 812 753 888 pendere
766 810 803 874 ab
818 808 955 876 exteriori
968 810 1141 889 magisterio.

630 982 651 1040 Ι.

253 1151 356 1214 iteratis
370 1149 494 1212 evolutio
513 1151 641 1212 obsolute
654 1165 716 1210 uon
726 1150 832 1227 prodet
847 1168 867 1212 o
885 1166 1025 1214 sumone.

158 1320 218 1380 138.
235 1320 315 1379 Proh.
341 1322 438 1380 Sermo
452 1321 544 1394 siguis
559 1323 668 1380 constat
689 1321 865 1395 arbitrariis,
886 1325 914 1380 et
927 1336 985 1381 non
1000 1327 1102 1384 natura
1116 1325 1167 1382 sed

120 1401 266 1462 voluntate
276 1404 602 1478 significantissimo
616 1404 696 1464 ideas
710 1404 842 1478 primitus
856 1405 973 1479 gigneoe
986 1406 1107 1472 minime
1116 1422 1166 1480 po

120 1489 188 1557 test,
207 1487 258 1545 sed
276 1503 325 1546 eas
339 1488 396 1546 iam
413 1488 526 1547 aliunde
541 1488 651 1561 genitas
670 1487 813 1547 subaudit.
828 1488 962 1548 Voluntas
977 1489 1073 1561 enim,
1090 1504 1165 1562 quae

118 1569 214 1628 uerbis
230 1586 279 1643 per
296 1588 327 1630 se
344 1569 573 1631 indifferentibus
594 1571 832 1645 significationem
854 1571 960 1646 attigit,
985 1572 1165 1637 intellectum

121 1653 249 1726 sequitur
265 1655 301 1714 ab
322 1671 413 1730 eoque
432 1656 511 1714 ideas
532 1657 735 1730 exprimendas
752 1661 908 1714 mutuatur.
925 1655 958 1714 lit
974 1670 1043 1715 sane
1064 1657 1090 1721 si
1109 1672 1167 1715 uox

121 1737 205 1810 Deus,
222 1754 269 1797 ex.
286 1755 346 1814 gn,
363 1740 395 1798 in
411 1745 522 1799 uotum
536 1739 619 1798 nohis
629 1739 774 1814 significat
784 1754 950 1813 supremum
957 1754 1055 1798 rerum
1068 1740 1167 1802 lucto-

121 1836 198 1894 rem,
214 1822 245 1881 in
259 1828 399 1896 quantum
413 1838 483 1882 sono
498 1823 540 1883 illi
556 1823 705 1884 articulato
720 1822 862 1881 labiorum
878 1822 953 1881 hanc
970 1822 1064 1882 ideam
1078 1824 1168 1883 necti-

122 1921 202 1978 mus,·
217 1921 333 1967 necesse
347 1913 391 1966 est
405 1913 437 1965 ut
450 1907 590 1966 eiusmodi
605 1907 700 1966 ideam
714 1906 774 1966 iam
784 1912 850 1966 ante
859 1907 1064 1980 possideamus.
1081 1908 1168 1966 Secus

123 1989 268 2048 suitlceret
281 1991 375 2064 legere
394 1990 506 2049 lexicon
522 1989 638 2064 liuguae
652 1990 779 2050 cuiusvis
792 1990 905 2062 ignotae
924 1991 961 2048 ad
974 1991 1054 2049 ideas
1067 2006 1166 2050 omnes

122 2071 154 2130 in
168 2073 252 2132 nobis
270 2073 445 2132 excitandas.
468 2073 596 2131 Proiecto
611 2075 635 2130 si
651 2073 790 2131 trocanula
812 2073 933 2146 gignunt
945 2073 1041 2148 ideas,
1058 2089 1165 2149 quare,

124 2157 194 2214 dum
208 2155 280 2228 legis
295 2155 402 2214 librum
416 2156 524 2214 sinensi
545 2155 680 2214 idiomate
695 2171 742 2214 ex.
759 2171 802 2229 gr.
816 2157 1022 2231 conscriptum,
1038 2157 1110 2216 nihil
1125 2157 1169 2217 in-

125 2237 246 2311 telligis?
265 2238 344 2311 tima,
360 2253 497 2312 repones,
513 2253 531 2296 a
547 2244 574 2298 te
588 2239 735 2312 ignoratur
749 2253 848 2298 eorum
862 2241 1066 2300 vocabulorum
1079 2242 1168 2315 signi·

124 2322 236 2394 ficati03
255 2337 304 2380 seu
324 2322 393 2395 quia
409 2321 458 2381 tihi
474 2323 621 2396 cognitum
634 2337 692 2381 non
706 2328 750 2382 est
765 2322 868 2397 quibus
882 2323 954 2383 ideis
967 2325 1106 2385 uocabula
1119 2326 1170 2386 illa

124 2405 324 2480 respondeant.
336 2407 408 2479 Ergo
419 2406 507 2466 verba
516 2422 567 2480 per
581 2421 611 2466 se
620 2422 673 2465 nos
687 2421 745 2466 non
755 2408 857 2467 docent
867 2409 925 2467 nisi
939 2409 1047 2483 seipsa,
1063 2424 1168 2483 nempe
1231 2429 1236 2435 ·

126 2506 228 2570 sonum
237 2504 286 2549 ore
296 2491 451 2564 prolatum;
463 2491 545 2550 ideae
554 2507 631 2564 nero,
649 2507 772 2566 quarum
783 2500 849 2551 sunt
863 2493 959 2566 sigua,
972 2492 1086 2550 aliunde
1093 2507 1169 2550 com-

124 2575 221 2648 parari
235 2573 348 2634 debent.
368 2575 409 2634 dd
424 2591 486 2636 rem
501 2576 689 2650 Augustinus:
710 2601 721 2628 a
737 2576 807 2637 Cum
820 2577 893 2634 milri
904 2576 1018 2647 signum
1032 2574 1129 2647 daun,
1145 2575 1171 2633 si

128 2683 140 2711 l
157 2659 331 2719 nescientem
342 2675 389 2720 me
402 2661 512 2720 invenit
522 2661 604 2720 cuius
618 2661 660 2720 rei
672 2661 787 2735 siguum
800 2661 851 2732 sit,
868 2659 968 2718 docere
982 2673 1029 2717 me
1038 2656 1110 2718 nilril
1124 2674 1171 2733 po

129 2765 141 2794 a
160 2748 228 2803 test:
245 2743 269 2803 si
285 2760 351 2803 vero
366 2745 517 2818 scientem,
534 2745 606 2819 quid
619 2745 698 2803 disco
716 2760 768 2816 per
782 2743 916 2815 signum?
933 2743 994 2800 lton
1007 2741 1085 2800 enim
1099 2741 1172 2800 milri

129 2850 140 2879 α
159 2844 221 2886 rem
236 2843 322 2900 quam
337 2829 480 2901 significat
495 2829 619 2886 ostendit
636 2827 757 2884 verbum
776 2841 843 2884 cum
857 2825 935 2898 lego;
953 2825 990 2882 Et
1003 2823 1172 2882 sorobattoe

129 2933 140 2963 a
158 2925 330 2968 eorumooo
346 2909 604 2968 soatimmototoe
619 2909 704 2980 (Dan.
720 2909 769 2980 111,
786 2907 836 2980 st)
846 2909 916 2966 llam
930 2907 956 2967 si
970 2907 1111 2980 quaedam
1125 2923 1171 2966 ca·

131 3019 142 3046 a
159 2993 251 3070 pilum
267 2991 392 3064 tegmina
406 2999 608 3064 nuncupantur
622 2991 677 3048 hoc
690 2989 816 3063 nomine,
832 3005 903 3050 num
917 3005 979 3064 ego,
991 2989 1046 3050 lroc
1064 2991 1170 3065 audin,

133 3101 144 3129 a
163 3082 212 3135 aut
226 3075 295 3148 quid
310 3073 348 3132 sit
362 3083 446 3148 caput
461 3079 510 3132 aut
525 3073 594 3146 quid
608 3073 665 3132 sint
681 3073 805 3146 tegmina
822 3073 927 3137 didicit
939 3077 1009 3134 Ante
1023 3075 1171 3136 istanove-

131 3185 142 3214 «
159 3175 238 3233 ram3
254 3173 348 3233 neque
362 3173 428 3217 cum
440 3158 651 3231 appellarentur
664 3157 701 3216 ab
711 3157 789 3231 aliis,
806 3159 857 3217 sed
870 3174 936 3218 cum
951 3175 969 3218 a
983 3174 1031 3218 me
1041 3158 1172 3217 videren-

131 3251 220 3317 «tur3
243 3259 342 3303 eorum
367 3249 410 3301 est
428 3241 499 3300 mihi
520 3243 595 3300 lacta
608 3242 718 3301 notitia.
741 3241 853 3300 Etenim
875 3259 942 3301 cum
959 3243 1086 3317 primum
1099 3242 1172 3300 istae

132 3354 143 3382 a
161 3329 233 3388 duae
249 3327 388 3403 syllabae,
402 3341 468 3386 cum
482 3326 604 3387 dicimus
617 3325 817 3402 deputasses
826 3341 906 3385 meas
920 3326 1105 3399 impulerunt,
1115 3329 1174 3382 tam

131 3437 143 3467 a
160 3413 268 3473 nescivi
282 3412 350 3487 quid
360 3411 568 3485 significarent,
585 3427 672 3485 quam
683 3426 750 3471 cum
764 3411 857 3486 primo
867 3411 997 3470 audirem
1010 3410 1171 3482 legeremve

132 3517 142 3546 u
159 3493 341 3554 Sorobottoa.
359 3491 413 3552 Sed
431 3507 498 3551 cum
512 3506 597 3567 saepe
611 3492 754 3550 diceretur
769 3491 873 3566 Caput,
890 3497 993 3550 notans
1007 3496 1093 3564 atque
1111 3488 1171 3548 ani·

133 3601 143 3630 a
159 3579 339 3637 madvertens
354 3577 467 3652 quando
481 3575 632 3649 diceretur,
650 3575 763 3649 reperi,
783 3574 1025 3634 vocabulumesse
1042 3571 1085 3631 rei
1099 3586 1157 3646 qua

133 3684 144 3714 e
160 3661 233 3733 milri
246 3662 305 3720 iam
319 3665 380 3720 erat
393 3659 515 3720 videndo
529 3659 687 3720 notissima.
710 3658 788 3727 Quod
802 3660 971 3733 priusquam
985 3655 1166 3731 reperissem.

133 3769 145 3800 a
163 3751 272 3804 tantum
287 3745 358 3805 mihi
380 3760 466 3806 sonus
480 3749 542 3805 erat
556 3746 609 3804 troo
624 3744 759 3818 verbum3
776 3744 891 3818 signum
906 3755 973 3802 vero
990 3755 1053 3800 esse
1066 3739 1167 3811 didici,
1187 3760 1191 3771 =

134 3853 145 3882 ι
164 3830 276 3910 quando
290 3829 372 3896 emus
391 3825 434 3892 rei
449 3831 563 3910 signum
577 3834 651 3892 esset
666 3829 781 3903 inveni3
797 3843 884 3903 quam
899 3825 1026 3969 ειε1111εω,
1042 3827 1075 3886 ut
1091 3821 1171 3894 dini,
