2767 4492
615 243 744 291 aretusa
1140 227 1178 294 te

137 325 1175 408 ponatroluntaticreataelteusenim,cumuitaauctuaetiustusatpro·

138 417 333 491 vidus,nequit
343 431 400 474 non
410 415 601 490 praescribere
612 416 789 488 operationes
797 415 877 474 iuxta
886 419 1060 492 exigentiam
1071 419 1138 480 tinia
1146 423 1175 478 et

138 502 292 562 dictamina
302 516 370 560 suae
380 497 543 575 sapientiae.
561 499 631 558 Hinc
645 499 675 559 iu
686 499 779 574 prima
790 502 979 575 propositione
994 504 1176 563 existentiam
1242 527 1255 550 ο

138 585 1176 662 legianaturalisprohominederivamus.Attexnaturalisquaeiudicfis

139 673 271 748 practicis
282 671 445 731 irruentibus
454 671 668 731 reluctantibus
678 671 796 730 rationis
807 678 919 730 nostrae
930 673 1097 747 continetur,
1111 691 1178 734 non·

114 811 122 826 ,
140 759 196 818 nisi
206 757 341 817 derivatio
356 757 496 832 nonedam
512 762 540 816 et
555 756 733 831 participatio
749 757 819 830 legia
833 762 964 815 aeternae
974 761 1114 818 censenda
1124 767 1177 820 est.

140 843 228 904 lmmo
238 844 262 902 i
271 857 327 902 noo
335 842 500 922 subiectivp,
510 842 686 916 quatenusin
697 841 806 901 actibus
815 842 957 901 humanae
965 841 1082 901 rationis
1091 844 1178 918 riget,

139 929 190 988 aad
200 927 348 1000 obmolita,
361 927 453 1002 qaroad
464 931 612 1000 praecepta
621 926 756 986 nimirum
769 943 842 1000 quae
854 927 991 1001 proponit,
1004 930 1123 1001 spectari
1135 945 1179 988 re-

141 1013 187 1087 lit3
200 1029 265 1074 cum
279 1013 341 1087 ipsa
356 1014 416 1085 lege
430 1017 554 1084 aeterna,
567 1009 704 1072 obiective
720 1011 824 1085 pariter
835 1013 1020 1083 considerata,
1034 1013 1180 1073 contundi·

142 1105 197 1159 tur.
212 1100 241 1160 ld
256 1099 334 1158 enim
348 1098 443 1172 ipsum
457 1097 532 1171 quod
548 1097 595 1156 lex
605 1096 743 1156 naturalis
753 1097 885 1168 inmugit,
897 1098 958 1170 lege
970 1109 1084 1158 aeterna
1093 1097 1180 1157 conti·

142 1191 236 1257 netur3
251 1199 335 1257 aqua
346 1197 404 1240 non
415 1181 509 1240 dilfert
519 1181 576 1241 nisi
587 1181 617 1240 in
628 1181 691 1240 lroc:
704 1181 781 1254 quod
790 1181 838 1239 illa
847 1181 937 1255 legem
949 1183 1091 1256 exprimat
1101 1188 1182 1256 prout

142 1269 172 1328 iu
188 1281 321 1341 supremo
336 1265 495 1340 legislatore
511 1271 572 1337 est,
588 1265 650 1339 ipsa
666 1279 733 1324 raro
748 1266 877 1324 eamdem
892 1265 1033 1339 significet
1046 1273 1128 1340 prout
1140 1283 1182 1326 re·

143 1352 248 1427 cipitur
261 1351 290 1410 in
302 1352 427 1412 homine.
445 1351 523 1418 Quod
538 1351 795 1424 sapienterlutlius
805 1350 953 1423 intellexit,
966 1351 1014 1409 ubi
1025 1351 1130 1425 detege
1140 1353 1181 1413 sic

143 1437 192 1496 ait:
208 1436 290 1496 «Len
303 1436 345 1496 nil
360 1436 437 1496 aliud
452 1442 504 1510 est,
520 1436 575 1516 nisi
590 1442 676 1508 recta,
693 1443 723 1494 et
736 1453 754 1494 a
769 1436 887 1495 numine
902 1437 1019 1494 deorum
1036 1442 1124 1496 tracta
1137 1451 1183 1498 ru·

145 1545 157 1576 a
181 1521 218 1580 tio
233 1523 257 1580 t.
283 1544 295 1574 a
313 1522 382 1580 l'um
397 1520 475 1581 alibi:
500 1523 603 1580 «Hunc
621 1520 703 1580 rideo
721 1520 995 1595 sapientissimorum
1013 1521 1099 1581 luisse
1121 1537 1182 1582 seu·

145 1629 156 1658 a
179 1604 310 1680 tentiam,
324 1606 417 1681 legem
432 1621 525 1680 nequa
539 1606 687 1665 nominum
702 1605 825 1677 ingeniis
839 1605 1045 1679 excogitatam,
1061 1621 1115 1666 nec
1130 1608 1183 1666 sci·

146 1715 157 1743 ι
179 1699 240 1750 tum
248 1691 362 1765 aliquod
373 1707 435 1750 ease
449 1692 627 1765 populorum3
645 1684 696 1748 sed
710 1697 860 1748 aeternum
874 1691 1019 1764 quiddam,
1031 1692 1106 1764 quod
1121 1692 1184 1752 uui·

145 1796 156 1828 ι
177 1789 292 1836 versum
308 1777 448 1836 mundum
465 1785 575 1849 reperet
586 1774 771 1848 ,imperandi
789 1775 1015 1848 prohibendique
1033 1776 1181 1849 sapientia.

145 1885 156 1913 ι
177 1862 217 1922 lta
231 1861 388 1936 principem
407 1862 497 1934 legem
517 1860 595 1920 illum
614 1866 642 1918 et
662 1860 803 1931 ultimam,
823 1866 947 1919 mentem
967 1877 1029 1920 esse
1049 1863 1184 1924 dicebant

147 1969 158 2000 ι
180 1947 276 2006 omnia
291 1947 400 2006 ratione
418 1951 467 2004 aut
483 1945 608 2019 cogentis
625 1950 674 2002 aut
693 1944 815 2003 vetantis
829 1945 896 2004 Dei:
915 1961 953 2003 en
971 1962 1028 2020 qua
1047 1946 1096 2006 illa
1114 1947 1182 2022 lex,

146 2055 157 2084 ι
179 2047 264 2106 quam
279 2031 322 2090 Dii
336 2032 462 2090 humano
477 2030 574 2102 generi
589 2030 736 2102 dederunt,
752 2037 829 2088 recte
843 2037 887 2088 est
901 2030 1013 2097 laudata
1030 2075 1036 2090 .
1060 2077 1067 2091 .
1089 2077 1096 2091 .
1117 2033 1183 2093 llrat

146 2139 156 2169 ι
178 2116 255 2175 euim
273 2115 345 2174 ratio
365 2115 490 2189 pmleata
508 2129 525 2172 a
543 2129 639 2172 rerum
655 2122 757 2172 natura
773 2118 802 2172 et
818 2114 853 2171 ad
872 2114 907 2173 ad
927 2123 1003 2174 recte
1021 2117 1184 2179 laciendum

145 2225 157 2254 a
178 2199 327 2274 impellens
347 2206 375 2258 et
391 2215 408 2257 a
426 2199 528 2258 delicto
545 2192 684 2272 avocone,
705 2214 778 2273 quae
795 2214 851 2258 non
869 2205 929 2258 tum
944 2201 1066 2274 denique
1083 2202 1184 2277 incipit

145 2307 158 2338 α
178 2285 226 2342 lex
241 2299 313 2358 esse,
326 2299 392 2343 cum
407 2283 512 2357 scripta
529 2289 580 2358 est3
603 2285 652 2342 sed
670 2300 736 2342 oum
751 2290 813 2344 orta
828 2289 879 2344 est.
897 2286 962 2342 ttrta
981 2292 1077 2345 autem
1094 2287 1180 2347 simul
1244 2353 1247 2359 ,

146 2391 157 2420 ι
178 2373 221 2428 est
237 2383 303 2428 cum
324 2373 418 2426 mente
438 2368 544 2427 divine.
567 2367 756 2436 Quamobrem
781 2370 827 2427 lex
851 2376 1022 2443 versatque
1044 2372 1178 2445 princeps

146 2476 157 2506 ι
178 2459 243 2528 apta
253 2453 454 2514 adiuuandum
464 2453 536 2512 etad
548 2454 700 2512 velandum
710 2454 919 2513 ratioestrecta
929 2454 1034 2513 summi
1047 2455 1120 2514 lovis
1136 2458 1178 2514 2.»

196 2541 314 2599 adverte
340 2540 452 2598 taudem
470 2539 562 2613 legem
587 2546 752 2614 aeternam,
779 2539 897 2613 quaein
913 2539 968 2596 lieo
993 2545 1136 2612 tamquam
1152 2540 1183 2600 in

143 2637 275 2700 supremo
294 2625 421 2700 principe
436 2625 532 2684 omnia
551 2623 690 2698 dirigente
705 2632 734 2684 et
751 2625 899 2684 ordinante
918 2623 1038 2696 reperiri
1057 2623 1181 2699 dicitur,

142 2711 283 2784 respicere
295 2711 370 2769 solas
388 2710 514 2770 actiones
534 2716 738 2782 creaturarum,
755 2725 813 2768 non
833 2722 900 2767 uero
913 2709 990 2781 ipsas
1006 2708 1185 2786 operationes

143 2795 264 2866 divinas,
280 2795 362 2867 quasi
377 2793 450 2854 Deus
465 2795 496 2852 in
511 2795 652 2868 operando
668 2794 722 2866 legi
738 2791 916 2852 subiicietur.
933 2791 990 2850 Etsi
1006 2793 1083 2852 enim
1098 2793 1185 2854 dou·

143 2878 222 2936 mina
241 2878 353 2936 divinae
367 2877 524 2949 sapientiae
540 2877 664 2949 dirigant
687 2876 894 2950 quodammodo
909 2877 1035 2936 divinam
1059 2878 1186 2938 volunta·

143 2967 210 3035 tem,
226 2976 299 3036 quae
316 2959 393 3020 aliud
408 2960 479 3020 velte
494 2976 548 3019 non
565 2967 664 3034 potest,
686 2961 742 3020 nisi
758 2962 787 3020 id
801 2963 877 3035 quod
895 2979 912 3021 a
927 2962 1024 3022 divine
1038 2965 1180 3038 sapientia

144 3053 175 3107 ut
189 3047 295 3107 iustum
310 3050 339 3104 et
350 3050 460 3105 rectum
475 3045 657 3120 proponitur,
673 3046 859 3106 nihilominus
874 3048 1029 3108 dictamina
1043 3049 1184 3112 eiusmodi

143 3137 274 3207 respectu
294 3131 343 3192 llei
357 3131 496 3190 rationem
511 3130 581 3206 legia
596 3131 703 3191 habere
717 3147 773 3191 non
789 3140 916 3207 possunt.
933 3135 992 3194 Nou
1012 3135 1090 3194 euim
1106 3133 1185 3196 exhi·

143 3217 247 3280 bantur
262 3217 380 3278 utiussa
396 3217 550 3291 superioris
564 3217 723 3291 cuiusdam,
738 3218 785 3276 cui
800 3217 873 3278 lteus
889 3225 1000 3293 parents
1027 3219 1084 3279 Deo
1099 3219 1184 3294 aiqui-

143 3305 209 3364 dem
232 3302 304 3362 nitril
323 3307 366 3362 est
389 3302 529 3376 superius.
560 3303 613 3362 Sed
637 3310 835 3377 proponuntur
863 3304 1012 3364 dumtaxat
1037 3311 1182 3380 amquam

144 3388 249 3449 iudicia
261 3395 339 3448 mere
354 3387 509 3447 indicantia
529 3389 598 3464 quid
616 3388 714 3448 deceat
730 3404 764 3448 ac
778 3404 875 3448 rerum
889 3396 1007 3449 naturae
1022 3391 1181 3450 conveniat.

143 3475 214 3534 lluic
229 3479 323 3532 autem
339 3472 431 3532 ordini
446 3489 514 3532 auae
529 3473 684 3548 sapientiae
699 3474 892 3534 contradicere
907 3474 980 3534 Deus
996 3475 1103 3549 nequit,
1126 3491 1182 3538 non

144 3559 212 3634 quia
223 3557 394 3632 obligatione
411 3555 469 3616 ulla
482 3556 682 3634 adstringatur,
701 3559 751 3618 sed
763 3559 831 3634 quia
844 3560 887 3620 sic
901 3558 1028 3635 exquirit
1045 3559 1180 3636 perfectio

189 3743 200 3791 t
219 3747 347 3808 Pttttppta.
363 3745 387 3812 2,
403 3757 427 3794 a.
443 3743 482 3795 la.

189 3821 253 3876 212·
268 3825 365 3884 hattus
376 3824 416 3874 ut.
432 3825 456 3890 a,
473 3841 493 3874 e.
510 3821 534 3882 t.
