2767 4492
203 233 255 294 tto
524 241 751 304 uauermsresa
767 241 916 287 11111111
1257 289 1274 314 0

199 333 231 395 in
249 331 391 408 praesenti
405 332 465 392 vita
484 344 632 405 nunquam
653 325 842 398 assequimur.
864 325 934 384 llam
956 323 1041 382 labile
1064 323 1120 382 boc
1140 338 1245 384 aevum

200 432 234 476 ac
248 417 401 476 deciduum
414 416 572 476 innumeris
595 415 684 472 scatet
704 409 912 467 calamitatibus
930 411 959 466 et
971 407 1142 481 angoribus,
1168 425 1244 483 quae

198 501 313 560 beamm
327 501 416 560 vitam
430 499 560 560 comitari
574 511 633 556 non
652 493 766 552 debent.
796 492 871 551 Haec
885 491 964 551 enim
979 538 987 565 ,
1013 495 1045 549 ut
1067 491 1137 550 scite
1151 492 1246 565 inquit

199 585 353 658 Boethius,
382 590 472 644 status
493 587 536 643 est
560 579 690 641 omnium
710 577 852 636 honorum
872 575 1071 650 aggregatione
1090 576 1242 649 perlectus.

198 670 304 729 Deinde
319 674 471 742 assequuto
486 667 541 728 tine
556 670 584 724 et
595 663 738 734 felicitate,
754 675 839 719 omne
853 659 1027 719 desiderium
1038 659 1163 718 bominis
1176 675 1245 718 con·

199 755 344 828 quiescere
359 752 524 826 explerique
537 762 655 808 necesse
670 751 723 805 est.
739 745 772 804 tt
786 748 884 802 contra
898 744 956 802 rita
969 757 1106 818 praesens
1120 742 1244 803 stimulis

199 851 311 911 semper
331 835 444 910 angitur
464 841 493 894 et
513 830 703 893 sollicitudine
718 835 747 888 et
768 828 921 902 cupiditate
935 842 994 886 non
1009 826 1132 890 modica.
1148 827 1240 900 llrgo,

197 919 252 978 nisi
266 933 418 978 novercam
433 923 567 976 naturam
581 913 717 988 tingimus
731 917 760 970 et
774 910 882 969 bomini
893 903 1060 982 inimica'm3
1077 908 1150 967 alius
1166 915 1242 968 certe

197 1007 286 1061 status
301 1007 447 1075 superest,
467 1001 499 1063 in
513 1015 570 1073 quo
584 997 699 1057 animus
724 1011 839 1069 corpore
857 993 965 1052 solutus
987 993 1071 1052 bonis
1091 993 1145 1066 iia,
1167 1001 1242 1067 quae

93 1085 96 1096 '
198 1085 278 1145 nulla
292 1085 467 1144 admixtione
480 1084 622 1142 malorum
637 1081 787 1152 vitientur,
806 1078 977 1153 perfruatur.
992 1078 1048 1136 Nec
1061 1093 1127 1136 vero
1142 1077 1242 1136 timen-

197 1171 266 1229 dum
281 1161 369 1228 estne
384 1169 441 1227 vita
450 1167 614 1226 huiusmodi
626 1165 741 1222 taudem
755 1161 907 1236 aliquando
922 1165 1100 1219 termmetur.
1116 1160 1147 1219 ld
1160 1160 1241 1219 enim

197 1254 221 1312 si
235 1258 318 1325 esset,
333 1253 393 1310 iam
407 1252 491 1311 beata
505 1266 568 1310 esse
585 1249 738 1308 desineret.
761 1246 884 1305 illenim
898 1243 1024 1318 apposite
1037 1243 1159 1302 Tullius:
1182 1269 1193 1296 ι
1212 1245 1241 1303 Si

202 1361 212 1388 α
230 1337 321 1395 amitti
335 1337 394 1395 vita
408 1336 492 1395 beata
508 1339 616 1408 potest,
634 1333 719 1392 beata
733 1346 795 1390 esse
809 1344 868 1388 non
882 1332 982 1403 potest.
1000 1327 1067 1395 Quis
1081 1325 1159 1387 'euim
1174 1344 1240 1387 con·-

137 1489 143 1500 ,
200 1421 290 1480 «fidit
304 1420 361 1478 sibi
385 1434 498 1494 semper
517 1418 588 1476 illud
608 1416 709 1476 stabile
724 1420 753 1474 et
767 1415 882 1473 tirmum
903 1427 1139 1486 permansurum,
1165 1413 1241 1486 quod

200 1529 210 1556 ι
228 1504 327 1578 fragile
342 1508 371 1562 et
384 1503 524 1562 caducum
534 1502 592 1560 sit?
616 1500 668 1568 Oui
684 1505 778 1558 autem
793 1497 897 1556 diffidit
910 1497 1090 1571 perpetuitati
1098 1496 1240 1555 bonomm

200 1613 211 1640 ι
228 1602 360 1660 suorum,
379 1587 476 1645 timeat
493 1600 609 1645 necesse
630 1590 726 1642 estne
746 1579 908 1656 aliquando,
926 1579 1038 1639 amissis
1053 1579 1119 1653 illis,
1135 1581 1172 1639 sit
1185 1581 1238 1639 mi·

162 1677 163 1680 ’
199 1689 283 1732 «ser.
310 1673 411 1731 Beatus
436 1677 532 1730 autem
556 1685 618 1728 esse
643 1669 673 1727 in
693 1667 886 1727 maximarum
909 1663 1007 1724 rerum
1030 1665 1130 1725 timore
1153 1681 1239 1725 nemo

202 1762 322 1834 «potest
337 1759 393 1815 ⁴.»

230 1853 358 1927 Denique
370 1868 408 1912 es
418 1851 548 1912 unanimi
559 1856 588 1911 et
598 1849 744 1911 communi
758 1850 891 1912 omnium,
901 1849 1030 1923 gentium
1038 1849 1234 1924 consensione,

196 1952 270 2012 quae
283 1935 395 1995 nonnisi
406 1941 535 1994 enatura
544 1941 638 2010 ortum
653 1934 740 2007 ducit,
757 1933 859 2007 oppido
874 1933 978 1992 veritas
988 1933 1060 1992 baec
1068 1933 1235 1992 illustratur.

152 2063 156 2072 ,
197 2021 300 2082 Omnes
314 2019 391 2078 enim
405 2019 534 2078 nationes
548 2025 576 2077 et
590 2019 696 2093 populi,
713 2018 773 2076 eive
787 2015 857 2076 culti
870 2017 931 2075 sive
943 2017 1077 2090 barbari,
1093 2016 1147 2076 buc
1160 2017 1191 2075 in
1205 2032 1238 2076 re

194 2104 267 2163 mire
282 2102 470 2162 consentiunt.
490 2102 528 2162 oe
542 2102 717 2176 pbilosophis
734 2107 839 2175 autem,
855 2102 982 2176 exceptis
996 2102 1051 2175 iis,
1067 2101 1117 2176 qui
1132 2102 1168 2160 ad
1179 2105 1238 2160 tur·

193 2187 316 2262 pilleatis
331 2185 531 2260 cupiditatibus
558 2186 778 2260 gratificandum
804 2186 955 2244 ueritatem
975 2185 1010 2243 de
1028 2186 1168 2245 industria
1189 2185 1238 2245 ob

194 2287 309 2334 scurare
322 2273 460 2346 nituntur,
478 2273 564 2333 ceteri
578 2273 662 2332 nobis
676 2287 736 2331 una
750 2271 946 2346 suffragantur
960 2273 985 2330 2.

530 2441 695 2503 Solvuntur
704 2442 897 2517 diffiucttotcs.

246 2613 334 2671 Obiic.
355 2612 376 2670 l.
399 2612 527 2670 Occurrit
540 2611 613 2670 Kant
626 2611 778 2684 inquiens,
805 2626 842 2669 ex
861 2610 1041 2686 simplicitate
1058 2617 1087 2669 et
1101 2610 1233 2685 spiritua-

192 2695 272 2756 litate
287 2695 376 2755 animi
390 2695 518 2754 eiusdem
532 2693 775 2756 immortalitatem
789 2709 846 2754 non
863 2694 964 2754 cunci.
980 2695 1051 2756 Nam
1059 2708 1234 2769 quamquam

235 2880 246 2925 t
266 2882 301 2927 De
315 2882 402 2940 fluidus
417 2879 433 2924 l.
453 2879 477 2942 2,
494 2895 514 2925 e.
532 2878 570 2925 27.

234 2954 250 2999 2
266 2955 327 3002 iuuat
341 2971 393 3018 praa
409 2955 499 3017 reliquis
515 2955 592 3001 audire
608 2955 777 3017 pulcherrimam
793 2956 844 3018 Cyri
859 2955 888 3001 ad
902 2954 960 3001 tilios
974 2955 1136 3016 allocutionem,
1153 2968 1236 3016 quasa

187 3028 259 3076 Tullio
274 3029 366 3077 refertius
381 3033 406 3076 in
422 3029 509 3077 Catons'
519 3047 557 3078 seu
573 3033 608 3078 De
623 3037 736 3080 senectute
750 3047 819 3094 prope
834 3029 910 3077 finem
926 3031 962 3077 Sic
977 3031 1037 3077 enim
1051 3030 1236 3092 sapientissimum

187 3105 250 3152 illum
265 3106 330 3152 morti
346 3106 468 3168 proximam
484 3105 542 3152 iiiios
556 3107 705 3154 consolantem
719 3107 812 3152 inducit.
834 3126 843 3147 ι
855 3107 928 3152 Nolite
942 3105 1053 3169 arbitrari,
1071 3105 1152 3152 umibi
1166 3105 1237 3152 earis-

190 3200 199 3222 ·
218 3181 268 3227 simi
282 3180 332 3244 tilii,
349 3197 384 3227 me
400 3197 450 3228 eum
466 3181 551 3228 arabis
562 3181 690 3243 discessero,
707 3197 815 3244 nusquam
829 3185 868 3227 aut
878 3181 964 3228 nullum
980 3181 1039 3228 iore:
1058 3196 1098 3227 nec
1112 3181 1171 3227 enim
1182 3179 1236 3226 dum

190 3275 199 3297 ι
217 3271 276 3302 emm
292 3255 403 3303 vobiscum
418 3257 517 3303 animum
531 3272 605 3304 meum
621 3257 737 3319 ridebatis,
748 3257 786 3303 sed
797 3273 847 3302 eum
861 3272 908 3304 esse
922 3257 945 3302 in
962 3256 1003 3302 boc
1018 3273 1107 3319 corpore
1122 3272 1147 3303 es
1162 3255 1190 3301 iis
1199 3270 1234 3301 re-

189 3349 199 3372 1
218 3330 258 3377 bus
276 3346 330 3393 ques
346 3330 446 3392 gerebam
463 3331 626 3391 intelligebatis.
644 3331 750 3378 Euandem
768 3332 835 3392 igitur
852 3349 899 3379 1111
914 3332 1027 3394 creditote,
1047 3333 1133 3378 etiamsi
1148 3330 1235 3376 nullum

190 3424 199 3446 ι
217 3405 388 3466 ridebitis-Nec
403 3422 454 3453 uero
470 3406 578 3452 clarorum
592 3407 687 3452 virorum
704 3413 753 3468 post
769 3413 860 3455 mortem
875 3408 969 3454 bonores
984 3412 1146 3470 permanerent,
1163 3405 1183 3452 si
1199 3405 1235 3452 ni·

188 3497 197 3520 a
215 3478 247 3524 bil
263 3496 337 3527 eorum
353 3482 450 3542 ipsorum
466 3481 535 3527 animi
551 3479 670 3543 efficerent,
688 3497 731 3542 quo
743 3481 824 3528 diutius
837 3483 965 3530 memoriam
981 3483 1015 3529 sui
1030 3487 1161 3529 1111111111.
1178 3481 1234 3528 tlibi

188 3571 197 3594 ι
216 3552 304 3613 quidam
319 3571 431 3618 anaqam
450 3556 576 3619 persuaderi
591 3558 663 3619 potuit
678 3557 772 3620 animos,
789 3558 842 3604 dum
857 3560 882 3605 in
897 3558 1024 3621 corporibus
1040 3563 1114 3606 111111
1131 3557 1235 3619 mortali·

188 3646 198 3668 ι
214 3627 263 3690 bus,
280 3630 365 3692 virere3
378 3647 427 3678 eum
443 3631 538 3678 exissent
551 3647 576 3678 es
588 3632 629 3694 jis,
647 3633 728 3679 amori:
740 3648 780 3680 nac
791 3649 842 3680 vero
853 3638 900 3680 turn
911 3635 1009 3680 animm
1019 3649 1067 3680 1111
1081 3632 1232 3697 insipientem,

189 3722 198 3744 ι
216 3717 267 3748 cum
282 3719 307 3751 es
320 3705 433 3767 insipienti
449 3724 538 3770 corpora
552 3708 664 3773 elusisset,
680 3709 719 3756 eod
729 3724 779 3758 1111
793 3711 853 3758 omui
861 3711 995 3760 admistione
1008 3711 1107 3774 eorporis
1116 3709 1232 3769 literatus,

187 3795 196 3821 ι
214 3792 282 3842 purus
298 3783 320 3826 et
333 3780 417 3842 integer
431 3798 477 3830 esse
493 3783 607 3848 coepisset,
623 3789 670 3832 turn
686 3799 733 3834 essa
747 3786 867 3850 sapientam
882 3791 923 3835 111.
940 3807 949 3831 ι
