2767 4492
225 392 279 451 228
670 412 831 457 unaucurt

226 501 312 570 certe,
328 502 360 556 ut
375 511 509 571 suprema
524 498 579 569 sit,
603 497 683 555 alteri
703 497 833 571 potestati
848 494 979 570 politicae
992 497 1121 557 subiecta
1141 510 1273 559 essenon

224 581 318 639 debet.
340 582 407 639 Pars
421 582 562 641 tarsilla:
579 582 691 640 ιίυὶιιιιι
711 582 837 641 actiones
851 582 1002 641 materiam
1021 583 1175 657 exprimit,
1200 585 1274 644 circa

226 681 313 737 uuam
327 666 374 725 ius
387 666 566 741 gubernandi
576 674 714 725 versatur.
731 666 859 740 Denique
870 666 980 725 bouum
993 682 1149 729 commune
1162 669 1274 729 denotat

227 752 316 810 linem
337 767 422 825 quem
443 752 557 824 publica
578 757 701 825 potestas
720 756 846 824 spectat,
868 756 896 810 et
912 751 993 826 qula
1011 752 1121 825 privato
1136 768 1219 829 scopo
1232 754 1274 813 in·

227 836 408 895 dividuorum
432 841 460 895 et
483 837 657 895 familiarum
680 835 784 894 differt.
805 834 844 895 lle
860 836 914 894 bac
928 836 1024 911 itaque
1038 842 1175 912 potestate
1194 854 1276 911 gene-

226 921 312 980 ratim
325 921 511 995 disputatnri,
521 922 584 981 eius
598 921 747 993 originem,
765 921 939 994 subiectum,
958 922 1063 981 formas
1077 938 1149 997 quas
1163 922 1273 998 induit,

227 1021 262 1064 ac
276 1006 375 1065 modes
389 1006 494 1079 quibus
509 1006 720 1078 transmittitur,
737 1006 1000 1080 investigabimus·

650 1176 819 1235 lnmcunus
838 1174 860 1235 l.

496 1345 535 1407 De
550 1347 665 1422 eripiat
678 1359 834 1423 supremae
850 1343 1011 1422 potestatis.

287 1521 348 1581 lte.
365 1518 428 1593 Qui,
444 1518 481 1577 ad
495 1519 635 1592 originem
655 1517 797 1577 societatis
812 1516 1026 1592 explicandam,
1041 1533 1078 1577 ex
1091 1525 1174 1579 stetu
1190 1526 1279 1577 anta·

230 1624 285 1669 ree
303 1605 523 1680 proficiscuntur
533 1603 662 1677 opposito
673 1600 760 1661 statui
775 1602 851 1661 civili
863 1620 870 1675 ;
883 1600 923 1675 bl,
945 1602 1021 1676 quod
1031 1618 1208 1676 consequeus
1223 1608 1275 1675 est,

231 1691 375 1765 publicam
392 1692 605 1761 potestatcmex
620 1692 767 1746 contractu
786 1691 937 1759 repetunt,
955 1692 983 1745 ct
1005 1686 1123 1745 effatum
1136 1686 1207 1745 illud
1216 1702 1281 1745 san·

232 1775 335 1834 ciunt:
362 1772 487 1829 ltfuttam
510 1771 672 1845 imperium
689 1770 753 1828 siae
775 1776 869 1845 puoto.
895 1770 968 1829 Haec
989 1769 1096 1829 theoria
1122 1771 1282 1829 communis

232 1864 276 1917 est
296 1855 430 1916 omnibns
449 1854 557 1913 lusistis
576 1854 808 1929 protestantibus
828 1870 846 1913 a
868 1854 960 1913 Gratia
985 1866 1077 1928 nsque
1097 1854 1132 1913 ad
1154 1864 1283 1915 recentes

231 1940 421 2000 rationalistas
437 1940 462 1999 i.
492 1938 546 1995 Sed
569 1953 654 1997 nemo
671 1954 737 1997 cam
759 1938 880 1997 ulterius
897 1940 1062 2013 promovit,
1088 1954 1175 2013 quam
1196 1940 1285 2005 Rous-

232 2044 314 2100 seau,
334 2026 384 2100 qui
403 2027 434 2083 iu
447 2038 552 2097 opere,
578 2038 663 2096 quen:
679 2022 714 2081 ola
730 2030 884 2082 contractu
902 2023 1006 2083 somnii
1025 2023 1188 2097 inscripsit,
1204 2038 1285 2097 apen-

234 2118 295 2170 tum
309 2111 355 2169 ius
373 2108 537 2169 rebellionis
555 2113 598 2164 ‘ex
618 2105 667 2164 illa
690 2106 839 2166 derivavit.
856 2107 896 2165 En
912 2107 974 2166 elus
993 2106 1139 2167 doctrinae
1159 2121 1284 2166 summa.

231 2196 359 2255 Libertas
374 2191 483 2251 homini
496 2190 657 2250 essentialis
677 2196 739 2263 est,
755 2196 783 2247 et
798 2206 946 2264 utinquam
960 2190 996 2249 ab
1012 2207 1045 2249 en
1061 2189 1180 2249 alienari
1193 2190 1285 2249 valide

232 2284 332 2355 potest.
354 2278 426 2337 lllnc
443 2291 510 2335 cum
531 2274 661 2334 homines
677 2274 707 2332 in
724 2274 1081 2347 societatcmconteniunt,
1101 2274 1201 2349 nequit
1214 2274 1287 2333 baec

232 2363 358 2437 legitime
378 2361 464 2434 iniri,
490 2358 547 2418 nisi
568 2358 618 2417 tall
637 2359 730 2417 lorma
750 2358 881 2432 politicae
901 2359 1017 2418 unionis
1036 2357 1203 2432 decoretur,
1228 2374 1289 2433 qua

232 2449 349 2508 libertas
368 2446 545 2518 singulorum
564 2459 622 2502 nan
641 2443 794 2517 laedatur3
823 2444 874 2502 sed
898 2444 1020 2518 quisque
1039 2444 1080 2503 ita
1105 2443 1219 2505 obediat
1235 2460 1289 2504 au-

234 2534 357 2593 ctoritati
377 2538 408 2591 ut
428 2547 487 2590 non
498 2528 613 2588 obediat
631 2528 687 2587 nisi
708 2528 880 2602 sibimetipsi
894 2536 923 2587 et
941 2543 1042 2588 revera
1060 2528 1142 2602 liber,
1158 2534 1190 2588 ut
1205 2534 1285 2603 ante,

234 2626 359 2679 maneat.
375 2618 501 2676 lamrero
516 2622 548 2674 nt
560 2613 724 2673 huiusmodi
739 2614 834 2673 forma
849 2613 1005 2688 habeatur,
1022 2614 1054 2674 in
1064 2630 1121 2689 qrra
1135 2614 1287 2687 problema

235 2703 382 2780 politicum
391 2701 478 2759 situm
487 2704 539 2772 est,
552 2698 627 2756 banc
641 2698 758 2755 unicam
773 2696 850 2755 riam
865 2704 961 2772 patere
977 2698 1030 2773 ait,
1046 2704 1078 2757 ut
1092 2714 1196 2773 nempe
1209 2699 1291 2772 quis-

235 2803 292 2861 que
311 2786 405 2845 socius
427 2783 524 2843 omnia
546 2782 611 2841 iura
631 2796 704 2855 quae
729 2782 876 2856 possidet,
905 2782 1032 2842 societati
1051 2796 1168 2857 prorsus
1193 2784 1289 2842 cedat.

236 2873 311 2932 llaec
330 2871 416 2930 unica
432 2867 615 2944 problematis
633 2867 710 2925 illius
731 2867 831 2927 solutio
847 2873 899 2927 cst.
920 2868 999 2941 Nam,
1021 2883 1089 2927 cum
1107 2868 1229 2943 quisque
1249 2868 1292 2927 ci·

237 2958 281 3015 ris
294 2958 331 3015 sit
344 2970 435 3029 aeque
454 2970 520 3027 pars
544 2953 629 3013 totius
650 2954 776 3026 corporis
798 2952 928 3027 socialis,
950 2954 1063 3027 aequali
1082 2958 1162 3027 parte
1182 2953 1293 3027 potitur

238 3054 367 3100 summae
387 3036 525 3097 conflatae
550 3051 587 3095 ex
601 3036 713 3096 iuribus
732 3036 909 3110 singulorum
929 3041 958 3095 et
972 3037 1021 3095 toti
1046 3036 1088 3095 illi
1113 3037 1224 3111 corpori
1242 3038 1296 3096 tri·

238 3126 335 3186 llatae.
356 3124 447 3193 Quare
467 3122 520 3181 hac
545 3122 605 3181 sola
627 3122 674 3181 ria
696 3121 772 3181 eires
796 3121 832 3179 ab
856 3120 1088 3196 reciperen-itatem
1108 3122 1296 3181 tantumdem

239 3209 381 3285 rccipiunt
400 3212 539 3282 quantum
556 3207 705 3281 dederunt,
725 3221 758 3265 ac
775 3206 894 3281 proinde
913 3207 1040 3267 cessione
1060 3222 1112 3266 sua
1126 3206 1298 3267 nibilamil·
1368 3216 1369 3225 ²

283 3379 294 3427 l
314 3380 346 3428 Ne
359 3378 458 3428 nmmum
473 3376 591 3427 sentcntiae
603 3376 731 3441 singillstIm
746 3394 924 3443 commemorem,
940 3376 1020 3427 reicrre
1030 3376 1125 3426 sufficiat
1135 3378 1201 3427 rerba
1212 3380 1302 3443 quihus
1368 3390 1369 3397 ¹

141 3488 145 3491 -
236 3453 308 3505 Vellei
331 3458 388 3504 hanc
404 3456 530 3519 opinionem
551 3458 662 3520 proponit.
690 3478 698 3499 ι
717 3456 776 3502 Cotto
798 3456 911 3520 autoritd,
938 3458 1063 3520 appartient
1078 3456 1265 3517 oripinairemenl
1280 3464 1306 3505 el

240 3552 249 3575 ι
267 3533 450 3580 essentiellement
460 3548 489 3578 ιιιι
503 3548 566 3595 corps
580 3538 650 3578 meme
661 3532 688 3578 de
704 3532 725 3578 la
737 3532 824 3596 soctttt,
842 3532 921 3595 auquel
932 3532 1015 3595 chaque
1031 3532 1127 3579 membre
1141 3532 1194 3578 s'est
1209 3535 1307 3581 soumis

240 3598 288 3656 o'et
303 3610 377 3656 acidi·
391 3608 424 3655 les
438 3608 506 3654 droits
521 3608 575 3670 qu’il
590 3609 659 3654 terami
674 3606 702 3654 de
716 3608 737 3654 la
753 3614 850 3672 natare,
867 3609 894 3655 de
914 3624 938 3655 se
959 3607 1064 3655 eonduirs
1079 3624 1106 3654 err
1123 3613 1193 3653 tontes
1215 3607 1309 3657 choses

239 3702 250 3727 ι
267 3685 355 3731 suivant
369 3700 403 3730 ses
419 3683 531 3745 inmittas,
542 3698 583 3745 par
598 3698 622 3729 se
631 3698 711 3745 propr·
725 3683 812 3731 volanti
826 3683 890 3731 etde
905 3700 929 3731 sc
942 3683 997 3730 inira
1009 3682 1088 3746 justice
1101 3682 1227 3729 lut-meme.
1240 3684 1313 3732 Mais

240 3778 250 3802 ι
266 3760 288 3806 le
302 3776 364 3822 corps
379 3759 406 3806 ds
419 3759 441 3805 ln
455 3759 534 3805 societte
553 3774 581 3805 ne
602 3759 681 3805 rebant
695 3774 734 3822 pas
748 3760 846 3821 toujonrs
868 3762 880 3805 a
900 3760 933 3805 sai
954 3766 1010 3806 satie
1030 3759 1123 3805 noronte
1142 3758 1313 3823 musenim

240 3851 249 3876 ι
266 3835 388 3881 maruntii
401 3834 472 3897 prend
486 3834 578 3896 inparti
593 3834 621 3881 de
634 3835 656 3881 ln
671 3834 755 3883 eander
771 3839 824 3881 dun
838 3839 909 3899 sinat,
926 3838 978 3882 aab
994 3849 1037 3881 une
1051 3834 1111 3881 scala
1126 3849 1254 3897 personne.
1278 3838 1317 3884 La

240 3912 329 4031 thetppt
341 3926 370 3955 oa
385 3916 440 3957 cette
455 3924 564 3974 personne
574 3916 607 3959 ert
622 3910 680 3968 alors
693 3910 714 3965 le
729 3914 864 3963 ware-rota.
884 3930 893 3955 r
910 3912 942 3961 Le
958 3912 1022 3963 droit
1038 3911 1066 3959 do
1081 3924 1136 3975 emt
1151 3914 1168 3960 l·
1184 3908 1218 3975 l,
1237 3908 1262 3959 l·
1286 3912 1318 3981 ⁴,

241 3994 276 4055 ς.
298 4036 301 4041 ,
325 4014 332 4033 .
