2767 4492
514 333 719 380 sensurum
1093 311 1139 374 tat

110 419 266 493 negabatis
279 433 346 480 eum
355 417 507 494 aliquando
521 417 603 478 buml
616 417 793 493 procidisset,
810 415 894 490 eique
910 413 1047 476 humerus
1067 429 1142 474 anro-

24 560 25 585 ,
110 509 151 563 tus
164 511 240 580 esset
254 505 552 576 continuomedicum,
569 517 657 577 aquo
666 507 824 576 curaretur,
841 501 997 560 arcessivit.
1014 502 1047 559 lt
1067 501 1141 558 lareo-

109 594 148 647 brs
161 589 286 650 medicus
309 589 456 666 proprium
469 589 531 648 eius
545 588 691 662 sophisma
706 587 737 646 in
750 588 845 662 ipsum
863 587 985 660 retorsit,
1007 585 1141 660 inquiens

109 687 197 733 casum
211 674 294 734 illum
307 675 428 734 minime
442 673 605 746 contingere
617 672 753 746 potuisse,
770 671 874 745 quippe
889 687 955 730 eum
971 675 1020 729 aut
1042 687 1142 745 prinn-

106 755 205 817 buisset
219 759 281 818 loco
295 759 346 819 nbi
360 763 431 832 erat,
447 763 497 816 ant
510 757 572 816 loco
587 756 638 816 ubi
651 770 710 814 non
725 761 794 814 erat.
810 756 912 816 lerum
936 755 983 814 ille
999 771 1139 828 moerens,

103 841 251 914 perberim
264 843 413 919 deprecari
428 842 571 902 medicum
586 841 679 914 eoepit
693 845 735 912 nt,
750 839 845 899 missis
860 841 964 914 nugs,
981 855 1078 898 curam
1102 843 1140 896 to-

104 926 227 986 stinaret.

135 1011 180 1068 81.
193 1011 298 1071 Deinde
308 1028 414 1086 assero,
431 1028 497 1071 cum
513 1013 638 1084 bomine,
654 1009 870 1084 quiperiectum
885 1011 1151 1086 sceptioismutnsi-¹

99 1108 135 1152 se
157 1095 264 1155 sincero
286 1097 345 1155 site
370 1096 504 1156 simulate
527 1095 685 1170 prolitetur,
702 1094 840 1167 disputari
855 1109 912 1152 non
925 1109 1018 1168 posse.
1040 1095 1142 1168 Nequit

98 1178 175 1236 enim
189 1179 300 1239 institui
309 1180 472 1254 disputatio,
488 1178 545 1238 nisi
559 1179 656 1250 aliqua
669 1183 747 1235 certa
761 1183 789 1236 et
804 1175 973 1237 inconeussa
986 1179 1063 1238 velut
1078 1181 1142 1238 lutt-

98 1261 275 1336 damentum,
299 1266 347 1322 eni
369 1265 506 1334 nitamur,
534 1268 600 1319 ante
616 1261 784 1319 habeantur.
802 1260 846 1318 Sic
862 1262 1034 1321 credendum
1048 1268 1090 1323 est
1115 1265 1144 1321 in

95 1347 196 1419 primis
210 1362 265 1404 nos
275 1347 425 1404 veritatem
439 1345 566 1418 abquam
580 1345 693 1417 assequi
707 1359 798 1416 posse,
810 1344 886 1416 quod
900 1345 956 1402 nisi
971 1351 1065 1403 ratum
1080 1353 1145 1404 anto

94 1431 143 1502 sit,
160 1430 238 1488 nibil
251 1436 327 1488 certe
341 1429 454 1504 prolicit
467 1428 678 1488 demonstratio.
691 1429 817 1502 itemque
828 1443 880 1501 pro
895 1433 971 1486 certo
983 1428 1145 1487 babendum

93 1522 138 1574 est
157 1515 442 1590 demonstrationem,
465 1515 489 1573 si
508 1513 635 1588 legitima
653 1514 699 1587 sit,
720 1515 757 1572 ad
776 1514 925 1572 veritatem
944 1513 1146 1586 capessendam

93 1615 147 1660 nos
161 1600 316 1658 adducere.
332 1599 375 1659 Ex
390 1615 446 1674 quo
460 1601 588 1673 sequitur
602 1605 633 1658 ut
646 1600 732 1658 eliam
747 1605 893 1674 tamquam
904 1613 970 1656 vera
980 1597 1146 1656 existiman-

97 1685 207 1748 dasint
220 1685 371 1760 principia,
387 1685 491 1759 quibus
505 1684 639 1743 innititur
648 1683 863 1756 demonstratio,
879 1687 909 1742 et
923 1681 1054 1756 aquibus
1063 1683 1093 1740 in
1103 1699 1145 1740 ru-

96 1770 260 1829 tiocinando
274 1769 449 1830 exordimur.
467 1768 701 1829 subaudiendum
716 1773 758 1826 est
772 1769 880 1842 pariter
894 1782 946 1826 nos
959 1781 1015 1826 non
1027 1767 1058 1825 in
1069 1783 1144 1826 som-

96 1861 198 1915 noant
212 1855 324 1923 delirio,
341 1854 434 1914 sedin
448 1854 547 1929 rigida
560 1859 589 1913 et
603 1855 723 1912 sanitate
737 1851 955 1926 assumatque
971 1851 1028 1912 alia
1041 1853 1087 1912 bis
1107 1852 1144 1910 si-

94 1939 182 2013 milia;
199 1939 236 1998 de
252 1939 357 2014 quibus
372 1938 397 1998 si
412 1938 551 2014 ambigas,
562 1939 766 1998 demonstratio
782 1939 845 2012 ipsa
858 1943 887 1996 et
901 1937 1051 2010 illationes,
1069 1952 1142 2012 quae

94 2023 269 2093 derivantur,
288 2024 375 2083 simul
389 2024 523 2084 vacillent
536 2039 654 2084 neeesse
668 2029 721 2083 est.
738 2024 772 2081 lt
784 2039 852 2082 uero
865 2023 1009 2098 perlectus
1023 2023 1140 2098 pyrrho

92 2108 213 2181 nismns,
230 2107 256 2167 si
271 2108 327 2167 sibi
341 2114 475 2167 constans
488 2123 552 2167 esse
566 2108 653 2181 velit,
670 2108 706 2167 de
721 2108 766 2184 bis
781 2107 915 2166 omnibus
935 2107 1141 2167 dubitationem

92 2191 222 2250 includit.
240 2192 318 2250 llnde
334 2192 463 2266 crtrdum,
480 2197 513 2250 ut
527 2191 617 2263 ailant,
634 2191 753 2250 laterem
776 2191 872 2250 levant
885 2191 915 2264 ii,
932 2190 982 2264 qui
1000 2191 1140 2265 periectos
1245 2229 1246 2236 .

93 2276 232 2350 sceptioos
245 2277 424 2350 convincere,
440 2291 545 2349 eosque
556 2275 655 2349 vigiles
665 2291 728 2336 esse
743 2275 902 2348 mentisque
913 2290 971 2334 non
982 2277 1078 2347 captos
1093 2274 1141 2330 de·

92 2366 253 2420 monstrare
268 2366 418 2420 conantur.

126 2446 279 2504 Enimvero
295 2445 332 2504 ad
345 2445 549 2520 disputandum
563 2460 630 2505 oum
643 2446 774 2520 scepticis
793 2445 868 2520 qnod
883 2445 997 2516 attinet,
1015 2443 1084 2500 lraoe
1101 2456 1144 2500 ro-

92 2531 212 2592 tinenda
225 2530 322 2590 animo
336 2531 476 2590 sententia
491 2537 547 2590 est:
564 2532 667 2610 eos„si
683 2531 780 2605 aliqua
794 2545 848 2589 ceu
862 2529 946 2588 suma
961 2531 989 2585 et
1008 2525 1141 2598 indubia,

91 2631 176 2690 seque
191 2617 227 2674 in
241 2614 340 2688 vigilia
354 2620 382 2675 et
401 2631 486 2676 sanos
501 2631 564 2676 essa
583 2615 758 2690 largiuntur,
775 2631 808 2674 ac
823 2611 943 2689 proinde
958 2611 982 2672 si
1003 2612 1144 2687 perlectos

90 2701 290 2775 pprrbonistas
313 2716 371 2759 non
394 2706 496 2775 agimt,
513 2717 551 2759 ex
565 2701 616 2774 iis,
632 2715 707 2774 qnae
726 2699 893 2770 admittunt,
912 2697 1028 2771 coargui
1046 2713 1143 2770 posse,

92 2785 192 2846 saltem
204 2785 445 2845 demonstratione
455 2787 492 2844 ad
501 2785 657 2843 bominem.
671 2785 721 2841 Sin
732 2787 828 2840 antem
838 2798 868 2840 se
878 2784 912 2838 de
922 2780 1056 2840 omnibus
1066 2795 1145 2850 pror-

91 2884 140 2929 sus
154 2869 290 2928 dubitare
304 2869 507 2941 profiteantur,
525 2873 593 2924 tunc
606 2865 696 2938 probe
718 2865 927 2921 observandum
947 2869 989 2918 est
1005 2866 1101 2917 utrum
1120 2860 1147 2915 id

90 2953 205 3012 ludicre
219 2967 258 3010 an
271 2952 347 3010 serio
362 2952 467 3009 dicant.
485 2951 513 3008 Si
528 2948 637 3005 ludicre
651 2946 761 3015 dicunt,
777 2944 886 3001 ludicre
902 2943 989 3001 etiam
1008 2941 1146 2999 irridendi

90 3042 179 3107 sunt,
196 3035 243 3091 sin
257 3038 354 3090 antem
369 3033 453 3103 serio,
472 3037 620 3100 tamquam
627 3024 734 3085 mentis
749 3025 832 3099 egeni
846 3027 937 3100 perito
947 3025 1058 3085 medico
1074 3025 1147 3086 tradi

90 3119 214 3188 debent,
230 3121 263 3173 ut
276 3119 411 3174 curentur
424 3111 579 3172 helleboro.

128 3204 177 3264 852.
195 3199 324 3274 Denique
338 3197 363 3258 si
377 3213 434 3258 non
450 3197 487 3258 ad
500 3211 559 3269 eos,
574 3196 625 3270 qui
638 3193 736 3255 omnia
750 3201 901 3270 negarent,
918 3195 1143 3272 conrineondos,

93 3291 144 3351 sed
158 3288 198 3348 ad
211 3301 275 3346 rem
288 3283 415 3359 alioquin
429 3287 536 3344 certam
552 3280 762 3356 explanandam
777 3283 853 3358 apud
867 3299 925 3354 eos,
943 3281 992 3355 qui
1007 3281 1145 3357 dogmati-

94 3375 120 3434 ci
134 3375 204 3446 sint,
221 3371 346 3432 rationes
360 3369 513 3429 nonnullae
528 3366 722 3442 postulantur,
739 3367 844 3442 quibus
859 3365 1056 3440 sceptieismns
1070 3369 1145 3428 reiti-

96 3465 185 3533 tetur3
202 3471 237 3516 ea
250 3455 347 3516 alierri
360 3460 488 3530 possunt,
500 3469 573 3528 quae
582 3453 734 3515 ostendant
748 3453 961 3528 sceptioismum
977 3453 1046 3511 dum
1061 3467 1145 3526 gene·

95 3545 155 3606 rate
169 3542 290 3604 dubium
308 3541 412 3615 sancit,
429 3540 545 3600 sibimet
558 3539 654 3614 ipsum
671 3538 810 3598 dissidere
827 3543 913 3612 atque
927 3537 958 3598 in
972 3538 1081 3611 patenti
1102 3555 1145 3600 re-

96 3627 255 3703 pugnantia
270 3627 387 3686 versari.

131 3717 221 3786 litque
234 3712 265 3770 id
275 3711 427 3772 nonmodo
437 3716 514 3786 patet
529 3725 567 3770 ex
577 3729 611 3771 eo
622 3711 698 3785 quod
709 3711 825 3785 sceptici
835 3708 1045 3784 certitudinem,
1058 3727 1146 3785 quani

97 3797 194 3858 tarbis
207 3796 382 3870 inficiantur,
392 3797 478 3872 praxi
491 3802 520 3856 et
534 3797 697 3871 operatione
707 3797 890 3871 profitentur,
908 3795 958 3854 sed
973 3795 1060 3854 etiam
1077 3794 1146 3867 qiiia

98 3880 129 3940 in
143 3881 352 3957 oppugnatione
365 3880 427 3956 ipsa
444 3881 624 3953 dogtnat'mmi
644 3897 674 3940 se
689 3879 864 3957 dogmaticos
883 3879 1000 3944 iaciunt.
1016 3879 1087 3942 Nam
1109 3875 1146 3936 ad
1229 3887 1233 3894 ·

905 3970 923 4038 lt
