2767 4492
216 302 273 390 'all
661 314 823 378 ruadanus

216 428 294 485 statu
308 424 427 481 naturae
442 420 492 480 sed
507 418 592 479 otiam
608 419 640 477 in
654 416 711 477 civr
749 432 811 477 essa
830 414 971 491 probaret.
988 415 1059 475 Nam
1077 414 1165 476 etiam
1179 418 1268 481 socie-

218 512 273 567 tate
287 506 447 579 constituta,
461 504 607 564 cautiones
620 502 686 563 illae
701 502 881 562 adhibentur.
893 502 926 560 lt
936 506 1070 559 neutrum
1085 518 1185 563 revera
1201 522 1266 581 pro-

215 593 274 653 hat.
290 593 350 651 Nou
365 591 441 651 eninr
457 590 524 665 qnia
538 595 641 648 natura
654 588 690 647 ad
706 586 776 647 alios
791 585 943 648 laedendos
958 584 1089 653 inclinet,
1106 588 1232 664 quisque
1247 608 1267 651 a

127 705 133 727 ι
215 676 351 737 violentia
367 676 487 735 oliomm
501 673 614 733 munire
631 690 661 733 se
676 674 783 751 studet3
803 670 854 731 sed
868 672 936 746 quia
952 668 1034 729 multi
1050 678 1130 745 sunt,
1151 674 1200 747 qui
1215 692 1267 734 na·

217 762 300 823 turall
313 760 511 821 benevolentia
525 758 685 835 posthabita
700 758 736 817 ab
749 758 847 817 ordine
858 754 982 815 uatvrrali
996 756 1143 830 recedunt,
1156 760 1266 821 idcireo

216 846 252 907 ad
271 848 373 906 lrorum
386 845 550 905 violentiam
565 842 787 921 propulsandam
806 840 949 919 praesidia
963 838 1152 905 tumvtdoatta
1171 848 1200 907 et
1219 860 1264 911 so·

215 931 300 996 cialia
313 931 528 1008 conquiruntur.

625 1102 795 1163 dacremus
815 1100 848 1162 ll.

362 1272 438 1347 Ouid
450 1272 622 1334 naturalem
635 1273 798 1418 εοοὶσὲαιεπι
814 1270 943 1333 hoatiula
958 1274 998 1333 od
1013 1282 1114 1336 oetam

670 1374 703 1417 rc
727 1364 802 1418 ucat.

254 1533 313 1597 tls.
331 1534 359 1595 Si
373 1534 467 1605 horno,
486 1535 518 1591 ut
532 1529 665 1602 vidimus
690 1528 802 1589 socialis
817 1534 861 1588 est
875 1534 977 1589 natura
988 1548 1053 1605 sua;
1071 1532 1129 1592 iarn
1144 1534 1264 1594 societa-

215 1623 273 1683 tem
284 1638 341 1681 uon
351 1636 421 1695 opus
432 1617 573 1689 lactitiunr
583 1623 611 1675 et
623 1616 755 1689 liberum,
768 1616 1008 1690 quemadmodum
1019 1616 1130 1677 lloltlres
1140 1626 1168 1678 et
1177 1622 1264 1681 Rous-

214 1723 283 1768 seau
299 1706 492 1776 sonauioruut,
510 1703 558 1761 sed
575 1718 646 1775 opus
666 1716 682 1759 a
701 1707 803 1759 natura
819 1700 962 1759 intentum
978 1708 1006 1761 ot
1022 1704 1191 1777 requisitum
1213 1706 1264 1764 lra-

214 1792 341 1853 beudum
362 1796 413 1849 est.
433 1790 496 1848 lure
513 1787 600 1860 igitur
621 1786 778 1859 meritoque
798 1786 937 1844 naturalis
957 1804 1019 1845 osso
1039 1788 1215 1863 alllrmatur;
1234 1792 1265 1849 id

132 1940 135 1948 ¹
214 1876 294 1934 enirn
307 1873 413 1949 optime
428 1872 532 1930 dicitur
546 1869 692 1940 naturale,
714 1868 789 1943 quud
807 1884 864 1927 uon
880 1870 963 1927 modo
979 1871 1198 1951 lurulamentum
1215 1874 1263 1931 lra-

214 1958 262 2019 bet
277 1959 307 2017 in
319 1964 429 2029 natum,
443 1956 492 2014 sed
508 1954 594 2014 otiam
609 1970 627 2012 a
641 1961 743 2012 natura
757 1954 876 2029 positive
892 1954 1047 2031 requiritur
1062 1960 1090 2015 ot
1104 1957 1197 2017 ordini
1215 1976 1265 2017 na-

215 2051 296 2103 turae
310 2042 472 2115 respondet.

249 2132 283 2189 ut
298 2128 434 2204 quioniam
449 2132 568 2185 naturae
582 2126 723 2185 ordinatio
739 2126 846 2185 lactum
860 2142 973 2201 semper
987 2128 1102 2202 aliquod
1117 2127 1218 2203 exigit,
1236 2132 1263 2189 vi

214 2215 296 2276 cuius
313 2219 444 2273 concreta
458 2219 485 2270 et
500 2211 585 2270 realis
602 2212 705 2269 evadat
725 2212 809 2286 (sicut
828 2212 890 2285 ipsa
907 2212 1031 2271 essentia
1049 2213 1173 2271 hominis
1191 2230 1263 2273 novr-

213 2298 270 2364 uisi
283 2316 334 2374 per
350 2301 457 2357 lactum
473 2296 623 2356 creationis
637 2296 825 2363 existentiam,
835 2296 953 2372 induit);
975 2298 1042 2356 lriuc
1057 2304 1100 2357 est
1118 2305 1149 2355 ut
1163 2299 1264 2372 ‹praari

213 2386 303 2461 possit
315 2384 383 2459 quid
399 2385 511 2459 proprio
527 2381 714 2441 socialitatem
729 2380 853 2441 hominis
869 2382 1011 2441 adactum
1025 2384 1144 2443 reducat
1159 2390 1188 2442 et
1198 2398 1265 2443 cou-

212 2478 320 2529 cretam
336 2470 451 2529 eructat.
1318 2528 1320 2532 .

249 2557 309 2625 Qua
324 2554 355 2614 iu
370 2571 401 2613 re
420 2554 490 2613 illud
506 2556 598 2629 primo
613 2552 759 2611 evidenter
774 2558 909 2628 apparet,
930 2552 1074 2611 hominem
1089 2570 1140 2628 por
1154 2556 1263 2614 lartum

212 2642 306 2715 ipsum
326 2640 495 2698 existentiae
516 2654 603 2711 quarn
622 2637 742 2709 recipit,
765 2638 794 2695 in
816 2638 950 2696 societate
969 2639 1093 2712 quadam
1114 2641 1261 2699 constitui.

212 2728 272 2787 llon
287 2726 370 2785 niodo
384 2724 461 2783 onim
476 2724 506 2783 iu
522 2723 631 2781 tamilla
647 2723 773 2781 nascitur
788 2729 816 2781 et
831 2724 967 2781 educatur
982 2724 1064 2798 (quae
1080 2732 1154 2783 certe
1171 2728 1261 2784 socie-

212 2816 256 2871 tas
270 2812 411 2885 quaedum
425 2811 493 2882 estl3
513 2810 562 2867 sed
578 2808 665 2866 etiarn
681 2808 709 2866 vi
726 2808 901 2866 naturalium
917 2810 1085 2868 relationum
1098 2810 1203 2884 quibus
1218 2828 1261 2869 or-

212 2911 249 2971 ga
263 2896 332 2954 alios
348 2895 478 2953 homiues
493 2894 662 2965 devincitur,
674 2909 741 2951 cum
757 2893 792 2952 iis
807 2894 997 2952 universalem
1013 2896 1156 2968 quandam
1173 2896 1261 2953 socie·

214 2986 299 3040 tatorn
314 2980 459 3050 efformet,
478 2994 556 3052 quao-
567 2977 704 3037 lruruooa
719 2978 854 3053 appellari
871 2986 973 3053 posset.
991 2980 1116 3038 Proiecto
1132 2980 1157 3038 si
1173 2982 1261 3039 socic-

212 3070 255 3125 tas
269 3082 325 3124 non
342 3064 419 3122 allud
433 3072 528 3136 sonet,
545 3079 632 3137 quam
646 3079 819 3122 consensum
833 3065 1012 3123 voluntatum
1022 3070 1050 3122 et
1062 3066 1259 3138 operationum

211 3166 263 3227 pro
278 3166 362 3224 scopo
377 3148 472 3223 aliquo
487 3147 596 3207 collatis
610 3148 720 3207 viribus
734 3148 934 3221 obtinendurn3
946 3164 1030 3207 nemo
1045 3165 1101 3207 nou
1118 3149 1196 3208 videt
1211 3150 1259 3208 lao-

211 3235 314 3309 minos,
327 3240 464 3308 quotquot
479 3238 602 3305 exstant,
615 3233 749 3291 societate
759 3234 881 3307 quadarn
899 3234 952 3293 sub
967 3232 1022 3292 lleo
1037 3235 1165 3293 omniurn
1184 3235 1260 3309 prin·

212 3320 275 3396 cipe
286 3319 511 3393 etguberuatore
521 3318 673 3391 contineri3
690 3318 832 3392 siquidem
843 3319 896 3376 hoo
912 3318 982 3392 ipso,
995 3318 1071 3393 quod
1087 3318 1180 3378 lucem
1192 3320 1260 3378 lanu·

210 3405 306 3479 riuut,
330 3402 463 3464 eumdem
483 3404 587 3477 linem,
604 3402 734 3461 eamdem
752 3404 845 3477 legem
861 3420 878 3462 a
894 3410 996 3462 natura
1011 3404 1257 3478 proficiscentem,

211 3486 289 3550 idem
303 3490 449 3549 vinculum
464 3488 606 3564 recipiunt
619 3488 712 3547 mutui
727 3488 849 3563 auroris,
872 3504 927 3564 quo
942 3489 1011 3549 alter
1029 3488 1110 3549 alteri
1126 3488 1261 3564 opitulari

212 3576 406 3649 adstringitur.

247 3661 351 3718 terrun
362 3658 502 3719 eiusmodi
513 3660 632 3719 societas
648 3660 734 3719 nimis
744 3660 885 3733 generalis
896 3666 938 3719 est
953 3666 981 3720 et
993 3677 1078 3734 vaga;
1097 3664 1157 3720 tum
1172 3660 1260 3721 eliam

213 3746 360 3804 sanctione
378 3744 485 3804 visibili
500 3752 528 3804 ot
552 3746 642 3804 lormo
663 3746 783 3820 positiva
802 3746 895 3804 adhuc
911 3752 1002 3818 caret3
1019 3746 1054 3804 ad
1070 3762 1157 3820 quarn
1171 3746 1262 3821 adipi-

213 3830 347 3887 scendam
361 3828 452 3903 genus
467 3830 626 3889 haimarum
640 3830 778 3906 paulatim
794 3830 892 3904 tendit,
905 3831 1145 3905 quemadmodum
1160 3832 1190 3891 iu
1209 3836 1263 3893 tor-

214 3912 252 3969 tio
268 3911 340 3972 libro
354 3914 457 3974 trorum
467 3915 673 3977 elementorum
687 3916 840 3978 dicendum
851 3918 913 3992 erit,
925 3932 989 3978 cum
1006 3918 1041 3980 de
1056 3918 1118 3979 iuro
1134 3918 1263 3982 iuterna-
