2767 4492
232 253 272 321 sl
525 261 529 268 ’
695 277 825 327 nouisse

232 351 598 424 consuetudoadimeretur.
616 363 805 433 Quamobrem
817 363 960 438 sapienter
970 359 1142 436 Augustinus
1153 359 1285 421 assentit:

233 451 326 503 totam
343 447 501 506 bominum
514 451 608 508 bitom
622 448 849 508 naturalitcrio
861 447 917 522 fido
928 447 1056 521 fundari
1072 445 1101 520 ⁴3
1114 451 1142 505 et
1152 447 1285 506 subinde:

232 531 286 588 cisi
301 532 475 591 auctoritate
489 531 582 609 decipi
595 534 741 593 miseratos
754 534 802 607 sit,
821 533 902 607 leupo
913 539 1011 590 tomen
1026 529 1231 590 sociossocios
1248 529 1286 590 ab

232 613 334 673 codem
348 631 408 675 nort
423 619 600 678 commoveri
616 621 640 676 ².

271 699 472 776 blulttidque
488 703 568 762 tertio
579 708 719 762 assertmn
734 703 780 777 sit)
791 703 934 778 quaedam
951 701 1224 775 conunguntrerum
1238 699 1287 758 ed·

233 786 340 858 luuctn,
349 787 380 844 in
392 787 497 860 quibus
512 789 664 847 auctoritas
677 788 762 862 plena
776 787 911 860 omnique
925 786 1017 845 maior
1030 785 1125 844 evadit
1140 783 1285 857 exceptio·

235 877 281 938 nc,
306 884 339 928 ac
363 866 483 944 proinde
506 885 604 931 reram
619 871 818 931 certitudinem
838 885 922 929 omne
937 868 1063 944 prudens
1083 867 1285 928 excludentem

235 953 355 1012 dubium
370 956 539 1028 suppeditat.
558 957 615 1015 Hoc
629 973 666 1014 ex
679 956 791 1030 legibus
803 954 968 1028 moralibus,
986 969 1057 1028 quas
1066 953 1198 1028 proxime
1208 967 1284 1011 com-

235 1039 466 1112 memoravimus,
485 1045 581 1114 aperte
594 1039 667 1098 duit.
683 1041 755 1098 Nam
769 1055 806 1098 ex
819 1040 925 1116 primo
934 1037 1000 1112 icpo,
1012 1041 1044 1097 ut
1057 1035 1127 1109 dlxi,
1139 1036 1223 1094 bomo
1232 1051 1283 1094 na-

235 1127 299 1180 tura
318 1137 371 1180 sua
389 1123 426 1180 ad
445 1138 550 1182 verum
567 1125 797 1197 cognoscendum
815 1121 979 1197 impellitur,
1003 1137 1091 1196 aquo
1109 1135 1167 1180 non
1188 1119 1285 1178 delicit

234 1204 291 1263 nisi
302 1221 357 1280 pcc
375 1207 516 1266 occidens.
538 1207 567 1266 Si
582 1207 668 1282 lgitm
689 1207 842 1282 aliquando
862 1211 971 1266 constet
989 1205 1100 1264 nullum
1122 1203 1285 1264 interfuisse

233 1289 478 1364 impedimentum,
496 1291 571 1365 quod
585 1291 700 1350 errandi
719 1293 900 1352 occasionem
914 1289 1072 1364 praeberet,
1088 1293 1165 1348 certa
1175 1289 1230 1348 erit
1245 1295 1283 1346 te-

234 1373 320 1431 stium
335 1374 463 1433 sclentla.
483 1377 516 1434 lt
536 1391 603 1435 vero
623 1375 653 1434 id
668 1380 798 1435 constare
818 1391 918 1450 reapse
934 1379 1026 1450 potest
1041 1373 1202 1447 aliqnando.
1215 1373 1284 1431 Cum

173 1481 182 1489 ·
234 1457 311 1514 enirn
334 1458 369 1515 de
391 1457 466 1517 lacto
490 1461 584 1532 agitur
605 1459 738 1533 simplici,
765 1460 924 1533 perspicuo,
947 1457 1118 1532 cognituqne
1137 1457 1281 1529 facillimo,

235 1541 310 1613 qnod
327 1543 483 1600 multorum
504 1543 690 1601 attentionem
712 1543 827 1618 excitet,
845 1551 930 1618 atque
951 1559 968 1601 a
987 1543 1130 1616 plerisque
1152 1542 1284 1600 narretm

233 1625 422 1698 prudentibus
437 1631 466 1684 et
479 1625 674 1699 diligentibus,
687 1641 721 1685 eo
736 1631 861 1702 tempore
872 1627 1062 1702 potissimum,
1073 1641 1129 1700 quo
1146 1625 1203 1698 alii,
1216 1641 1283 1699 qno

233 1723 299 1766 rum
314 1709 458 1781 intererat,
470 1710 598 1768 refellere
608 1725 656 1769 eos
667 1711 833 1785 potuissent
846 1725 924 1770 error
934 1711 1058 1785 prolecto
1070 1711 1163 1770 timeri
1173 1707 1281 1783 nequit.

234 1790 340 1852 Sensus
355 1793 497 1866 siqnidem
515 1809 573 1852 non
589 1798 656 1852 sunt
672 1794 797 1869 fallaces3
815 1811 848 1854 ec
863 1796 888 1854 si
908 1795 1022 1869 quando
1037 1795 1227 1868 decipiuntur,
1252 1791 1281 1851 ld

236 1892 273 1933 ex
287 1876 381 1949 aliquo
401 1875 604 1952 impedimento
619 1879 766 1953 contingit,
785 1879 860 1954 qnod
875 1877 1028 1953 aliqnando
1050 1877 1153 1940 eccidit
1172 1877 1201 1935 in
1222 1889 1279 1935 uno

236 1960 279 2019 rel
297 1961 393 2034 altero,
411 1961 461 2019 sed
475 1963 574 2021 nonin
589 1962 729 2037 pluribus,
746 1965 774 2022 et
789 1979 873 2038 saepe
890 1962 1008 2022 dilllcile
1018 1977 1075 2021 non
1088 1966 1131 2021 cst
1141 1961 1282 2020 discerne

235 2061 267 2105 re
280 2051 378 2105 utrum
393 2047 515 2106 adiuerit
535 2064 635 2107 revera
651 2049 696 2107 vel
711 2063 801 2107 secus.
820 2050 930 2107 semoto
953 2054 1048 2107 autem
1068 2047 1279 2122 impedimento,

153 2205 156 2215 Ι
214 2207 217 2211 1
234 2147 293 2189 non
304 2137 431 2205 superest
444 2132 502 2190 nisi
515 2139 627 2206 nelina,
645 2148 718 2207 quae
729 2133 849 2191 certead
860 2145 984 2191 errorem
999 2147 1057 2191 non
1068 2131 1195 2212 inclinat.
1214 2131 1281 2190 Gon-

235 2219 310 2274 store
320 2215 405 2288 igitur
419 2221 511 2289 potest
525 2215 559 2274 de
574 2223 651 2276 certa
667 2217 781 2276 testium
796 2217 924 2275 scientia.
941 2217 974 2275 lt
989 2209 1046 2276 non
1061 2216 1157 2274 minus
1171 2219 1280 2275 consta·

233 2315 264 2358 re
278 2300 381 2374 poterit
394 2301 429 2359 de
444 2301 608 2374 veriloquio.
629 2301 698 2360 llam
714 2301 932 2375 porsecoodom
953 2299 1042 2374 tepent
1056 2301 1142 2358 bomo
1166 2299 1281 2358 nonnisi

232 2385 302 2444 boni
323 2387 443 2445 alicuius
464 2401 560 2444 amore
584 2385 619 2444 ad
644 2388 821 2461 operandum
837 2385 995 2445 adducitur.
1012 2385 1083 2459 Ergo
1099 2389 1130 2442 ut
1144 2390 1228 2443 testes
1249 2383 1281 2442 in

232 2469 396 2529 mentiendo
411 2470 592 2538 conveniant,
609 2469 665 2529 hoc
681 2487 733 2529 eos
749 2471 844 2545 aliqua
857 2469 987 2529 utilitatis
1002 2485 1051 2544 spe
1066 2469 1174 2528 illectos
1188 2468 1281 2527 lacere

233 2559 383 2628 oporteret.
399 2554 482 2628 Atqui
502 2554 533 2612 id
554 2554 726 2629 quandoque
742 2571 799 2613 non
815 2555 966 2628 contigisse
977 2562 1086 2613 certum
1099 2559 1152 2612 est.
1172 2553 1281 2611 Etenim

234 2637 259 2695 si
270 2637 341 2696 forte
356 2643 450 2711 testes,
468 2641 569 2712 aetate,
587 2640 702 2712 studiis,
724 2634 864 2712 moribus
888 2639 985 2698 aliisue
1005 2637 1214 2697 conditionibus
1230 2637 1282 2695 dit-

233 2721 337 2796 lerunt
355 2729 430 2782 certe
445 2729 512 2782 tunc
534 2729 681 2798 nequount
702 2725 802 2781 eadem
821 2723 930 2797 impelli
945 2723 1098 2797 cupiditate
1114 2721 1149 2780 ad
1163 2721 1280 2780 menda·

233 2805 320 2866 cium.
337 2807 368 2867 ln
384 2811 465 2867 tanta
481 2825 559 2867 emm
584 2809 782 2868 adiunctornm
798 2807 933 2866 vadetate
947 2806 1047 2880 nequit
1060 2807 1160 2864 eadem
1174 2805 1280 2864 utilitas

232 2891 301 2952 oriri
316 2907 353 2951 ex
368 2893 467 2953 fraude
482 2910 550 2968 una,
560 2910 634 2968 quae
649 2893 795 2952 nonnullis
810 2893 925 2967 quidem
935 2891 1068 2967 prodesse
1078 2895 1178 2966 potest,
1189 2889 1281 2950 omni-

231 2976 286 3035 bus
296 2991 363 3035 nero
379 2979 438 3036 n'on
452 2983 553 3052 potest.

266 3061 327 3119 lluc
348 3062 430 3134 addc,
457 3062 531 3135 qnod
555 3062 580 3121 si
599 3067 683 3122 testes
703 3078 765 3123 rem
784 3065 955 3123 confirment
978 3059 1054 3136 apud
1081 3075 1139 3134 eos,
1156 3071 1279 3133 quorum

231 3145 344 3202 intersit
365 3145 548 3204 mendacium
563 3147 703 3219 detegere,
721 3148 827 3222 quique
846 3147 928 3206 lacile
952 3145 1007 3204 hoo
1022 3145 1140 3219 possint,
1158 3143 1278 3217 sumptis

232 3228 319 3285 etiam
332 3229 367 3285 de
379 3230 535 3287 mentiente
549 3230 658 3303 poenls;
676 3232 851 3303 impossibile
863 3233 966 3291 iterum
980 3228 1164 3288 mendacium
1185 3227 1281 3286 ridea-

233 3316 287 3369 tur.
304 3311 392 3369 Homo
410 3313 488 3371 enim
507 3327 565 3371 non
574 3315 721 3386 mentitur,
738 3315 796 3374 nisi
811 3321 842 3372 ut
859 3315 1040 3372 audientibus
1054 3313 1155 3372 illudat
1179 3325 1213 3371 ac
1228 3310 1280 3369 lal—

232 3411 295 3454 sum
310 3411 362 3469 pro
384 3408 451 3453 nero
472 3398 573 3469 tradat
591 3399 665 3470 qnod
679 3398 710 3455 in
727 3397 831 3456 talibus
846 3397 987 3456 adiunctis
1012 3414 1042 3457 se
1058 3397 1194 3471 consequi
1218 3409 1279 3454 non

231 3493 313 3553 posse
323 3482 477 3554 cognoscit.
494 3483 615 3540 Maxime
630 3497 696 3539 vero
711 3481 822 3555 pondus
837 3483 990 3542 testimonii
1006 3487 1135 3558 angetur,
1145 3481 1220 3541 siilli
1230 3481 1280 3554 qui

233 3566 414 3624 mendacium
429 3566 560 3640 detegere
575 3567 680 3625 debent
693 3571 721 3625 et
735 3571 853 3640 possunt
862 3567 989 3643 lmpnne,
1001 3581 1060 3628 non
1071 3566 1279 3628 contradicant.

278 3747 289 3792 l
309 3751 343 3794 Da
358 3751 432 3796 utilit.
451 3754 560 3805 medacii
577 3769 596 3801 c.
615 3753 653 3800 t2.

277 3823 370 3873 ΗΜ.
388 3841 407 3873 c.
426 3825 464 3876 46.
