2767 4492
587 354 717 408 ermom
1140 344 1178 416 83

132 437 168 506 ari
182 437 277 520 legum
291 437 502 506 observantiam
516 441 646 504 subditos
660 444 839 504 determinet.
857 445 961 506 durare
975 445 1063 520 igitur
1077 446 1172 524 debet,

132 529 226 606 utqui
240 529 318 604 leges
333 528 512 601 custodiunt,
529 527 626 588 felices
641 529 696 586 hac
711 543 764 587 sua
785 529 947 590 obedientia
968 532 1106 607 evadant;
1123 531 1174 607 qui

132 605 231 675 contra
244 611 360 687 violant,
376 612 474 673 miseri
488 611 658 672 eiiiciaulur.
670 613 839 672 Praesertim
850 627 917 672 vero
926 615 956 672 id
965 615 1059 675 locum
1073 617 1170 692 habet,

132 713 199 758 oum
212 698 247 756 nd
266 697 358 772 legem
377 696 547 756 servandam
566 711 650 769 saepe
664 697 778 770 maguis
793 696 879 755 liuius
896 697 972 755 ritae
991 699 1076 758 bonis
1099 715 1175 760 nun·

133 781 203 843 lium
218 779 330 842 mittere
345 797 461 841 necesse
475 781 512 840 sit
526 797 559 840 ac
574 795 695 856 magnas
709 781 885 840 calamitates
900 782 1063 858 incurrer03
1075 791 1174 844 coutm

131 867 166 928 ad
180 867 272 942 legem
286 865 548 942 transgrediendam
562 883 647 940 saepe
661 867 792 926 homines
807 867 875 942 iuga
889 867 1050 940 gravissimi
1065 867 1173 929 incom·

130 953 207 1014 modi
222 957 271 1012 aut
289 967 384 1012 amore
401 951 584 1026 praegrandis
607 949 792 1010 emolumenti
807 951 1003 1010 sollicitentur.
1026 952 1169 1027 itemque,

131 1052 197 1096 cum
211 1036 304 1111 prima
318 1035 402 1095 radix
415 1035 509 1094 omnis
519 1033 701 1109 appetitionis
715 1035 752 1094 sit
766 1033 901 1110 felicitas3
919 1036 1018 1112 nequit
1032 1036 1114 1096 iuxta
1130 1054 1173 1098 sa-

130 1122 254 1197 pientiae
268 1121 397 1180 ordinem
414 1119 523 1194 impelli
545 1119 630 1178 homo
645 1119 681 1178 ad
695 1119 789 1193 legem
809 1121 996 1196 servandam,
1012 1121 1069 1181 nisi
1085 1121 1172 1183 simul

129 1206 185 1281 ipsi
199 1209 372 1266 monstretur
386 1204 440 1263 hac
454 1203 501 1262 via
521 1219 551 1263 se
572 1203 609 1262 ad
629 1203 796 1264 felicitatem
817 1221 880 1264 esse
897 1211 1110 1280 perventumrm.
1128 1209 1173 1268 lli·

131 1290 241 1362 cissim‚
258 1304 324 1349 cum
338 1289 422 1348 radix
440 1287 534 1347 omnis
558 1287 716 1347 aversionis
735 1289 771 1348 sit
786 1290 854 1364 iuga
867 1290 950 1362 mali3
967 1292 1067 1365 nequit
1079 1293 1174 1354 ,homo

130 1380 318 1448 congruenter
328 1374 364 1432 ad
374 1372 557 1432 violationem
573 1373 646 1447 legis
661 1374 819 1433 cavendam
833 1374 957 1449 incitari,
969 1376 1025 1434 nisi
1035 1391 1171 1451 magnam

131 1455 322 1517 calamitatem
336 1457 469 1518 violanda
483 1453 545 1532 lege
566 1471 597 1516 se
612 1457 775 1518 subiturum
789 1459 923 1518 cousciat.

165 1545 220 1604 Nec
234 1543 312 1602 dicas
326 1543 456 1602 sulticere
473 1544 509 1602 ed
523 1542 569 1615 id,
590 1547 621 1601 ut
642 1543 706 1618 ipsa
720 1542 791 1624 legis
801 1545 930 1604 custodia
946 1545 983 1606 ait
992 1543 1101 1608 bouum
1111 1566 1172 1612 mo·

128 1629 198 1702 rate,
213 1627 275 1687 eius
286 1643 352 1687 vero
362 1628 549 1701 transgressio
560 1628 597 1686 sit
607 1627 727 1687 malum.
744 1629 815 1688 Nam
829 1628 971 1704 inprimis
984 1637 1174 1708 quotusquis-

129 1727 185 1788 que
199 1717 242 1772 est
256 1717 314 1770 tam
328 1711 509 1785 praecellenti
523 1711 630 1771 rutute
641 1718 772 1785 ornatus,
785 1711 834 1787 qui
844 1713 937 1787 legem
952 1717 1094 1778 custodire
1103 1720 1173 1779 relit

128 1797 183 1857 hnc
193 1797 294 1856 ductus
305 1795 544 1870 tantumratlona,
559 1797 627 1871 qnia
638 1797 711 1856 Deus
726 1795 821 1872 iubet;
832 1799 999 1873 praesertim
1013 1802 1043 1860 in
1058 1802 1173 1864 casibus

128 1881 350 1956 difficilioribus,
367 1881 396 1940 iu
412 1881 516 1958 quibus
526 1881 652 1942 humana
667 1880 799 1941 debilitas
813 1885 896 1957 plura
905 1885 1069 1946 adiumenta
1079 1889 1172 1963 requi-

127 1967 184 2026 rit?
199 1964 361 2026 Loxaulem
379 1981 445 2025 cum
461 1967 695 2026 communitatem
709 1967 858 2042 respiciat,
872 1969 986 2044 motiva,
1003 1971 1171 2046 quibusint-

128 2053 216 2126 citur,
233 2051 366 2112 omnibus
380 2052 566 2111 accomodare
576 2051 669 2110 debet.
680 2051 796 2124 Deinde,
813 2051 932 2113 hicnon
947 2063 1090 2129 spectatur
1103 2057 1172 2132 quid

128 2135 241 2196 subdito
252 2136 382 2195 suillcere
397 2135 498 2208 possit,
515 2135 564 2194 sed
575 2137 644 2210 quid
654 2140 754 2195 deceat
767 2153 806 2195 ex
820 2143 901 2212 parte
910 2139 1047 2214 sapientis
1057 2141 1170 2215 legisla-

129 2221 212 2293 toris,
230 2219 280 2294 qui
294 2218 388 2278 ordini
404 2225 433 2278 et
445 2220 624 2279 inclinationi
640 2228 758 2281 naturae
774 2231 981 2284 consentaneus
996 2242 1058 2286 esse
1076 2229 1169 2290 debet.

128 2305 254 2364 Iamrero
270 2321 354 2364 nemo
369 2320 426 2364 non
438 2304 515 2362 ridet
526 2305 654 2363 ordinem
670 2307 814 2381 postulare
829 2313 861 2367 ut
871 2309 915 2382 iis,
927 2311 977 2383 qui
988 2311 1060 2372 bena
1072 2321 1171 2390 agunt,

128 2385 200 2448 bene
212 2389 264 2463 sit3
278 2395 375 2448 contro
387 2389 476 2463 turpis
487 2388 559 2448 actio
574 2389 701 2450 scelestis
711 2391 886 2466 malesartat,
896 2402 980 2467 atque
989 2396 1028 2453 ita
1038 2399 1172 2456 reraieli-

128 2473 199 2533 citas
213 2490 278 2534 cum
290 2475 349 2533 sola
364 2475 466 2533 virtute
480 2473 635 2548 copuletur.
647 2476 681 2533 tlt
691 2477 721 2535 id
731 2493 787 2551 quo
797 2487 878 2553 pacto
895 2479 989 2549 tieret,
1001 2479 1123 2539 sivirtus
1134 2482 1170 2539 ir·

126 2566 308 2619 remunerata
324 2564 461 2633 maneret,
481 2559 621 2633 flagitium
638 2561 716 2620 nullo
736 2563 874 2636 supplicio
889 2561 1076 2635 plecteretur?
1090 2564 1169 2623 Prae·

126 2645 224 2704 sertim
239 2661 305 2705 cum
315 2662 370 2704 non
382 2661 446 2704 raro
456 2661 505 2720 pro
520 2645 623 2705 virtute
635 2646 775 2704 servanda
785 2645 921 2704 maximis
931 2645 1023 2718 bouis,
1041 2646 1171 2706 animum

125 2727 308 2789 vehementer
318 2729 517 2803 allicientibus,
529 2729 644 2804 spoliari
665 2737 829 2788 acmortem
840 2729 931 2802 ipsam
948 2734 1080 2804 oppetere
1090 2745 1171 2804 opor-

126 2817 198 2885 tent3
215 2821 314 2872 contra
328 2813 521 2872 scelestissimi
531 2813 660 2872 homiues
675 2829 759 2886 saepe
769 2812 902 2871 omuibus
912 2812 1022 2871 deliciis
1036 2813 1169 2876 diiiiuant

125 2911 159 2954 ac
174 2896 377 2970 turpitudinem
393 2897 455 2956 vitii
477 2913 534 2956 uon
549 2899 632 2956 modo
652 2913 755 2971 parum
770 2903 884 2971 curent,
903 2913 1001 2958 rarum
1019 2899 1104 2958 etiam
1119 2901 1167 2961 de·

125 2979 184 3038 cori
199 2977 253 3037 sibi
268 2978 404 3038 tribuant.

532 3145 753 3214 Pnorosruoll.

191 3315 308 3383 Sanctio
328 3317 397 3399 lepis
411 3323 562 3386 poteratis
579 3325 722 3401 suturam
737 3316 832 3389 citum
851 3323 990 3406 respicere
1009 3288 1097 3392 delet.

155 3491 412 3556 Proi.Praemium
420 3494 517 3557 virtuli
528 3497 717 3574 adaequatum
728 3492 811 3561 bonis
820 3501 1016 3577 praesentibus
1026 3497 1166 3564 contineri

121 3596 178 3642 nou
191 3587 291 3656 potest.
309 3581 378 3641 Num
393 3582 574 3643 haecomnia
590 3591 619 3643 et
633 3585 721 3644 vitam
736 3587 828 3660 ipsam
843 3588 972 3646 amittere
989 3587 1079 3662 parali
1100 3601 1164 3648 esse

120 3666 272 3749 debemus,
293 3686 343 3746 pro
358 3671 472 3731 virtutis
496 3672 690 3734 incolumitate
715 3675 863 3734 servanda.
888 3676 1049 3735 Praemium
1069 3682 1166 3736 autem

121 3751 241 3812 alicuius
255 3755 297 3814 rei
312 3757 412 3831 nequit
435 3757 559 3831 prolecto
575 3759 610 3818 iis
625 3759 780 3835 contineri,
794 3777 867 3836 quae
881 3761 965 3820 iuxta
975 3762 1104 3821 ordinem
1120 3778 1163 3821 ra·

121 3837 206 3895 tionis
220 3841 379 3912 spernenda
393 3845 468 3910 suut,
480 3849 513 3902 ut
527 3842 606 3904 illam
618 3849 757 3905 tueamur.
771 3846 919 3906 Praeterea
933 3847 1046 3906 virtutis
1058 3847 1165 3907 exerci-

121 3921 193 3988 tium
203 3922 234 3984 in
243 3923 351 3986 bonum
364 3931 392 3990 et
401 3928 566 3992 felicitatem
580 3929 702 3996 subiecti
714 3931 875 3997 redundare
889 3931 982 3998 debet.
996 3929 1069 4012 Ergo
1082 3948 1168 4012 praes
