2767 4492
236 327 321 408 304Ι
567 331 959 391 rmrrrsreranrsrrcrsurs

229 425 326 486 minus
338 421 463 482 hominis
482 422 631 496 intersunt,
648 421 832 498 compararit.
848 422 999 483 Enimvero
1014 424 1079 499 quis
1091 425 1283 491 admiratione

230 525 289 570 uon
299 507 463 582 percellitur
476 521 543 566 curn
557 506 676 566 humani
690 507 817 580 corporis
831 512 1014 582 structuram,
1026 509 1280 588 pulchritudinem,

231 594 407 665 verrentem,
428 607 514 652 nsum
538 592 717 666 singularum
736 593 877 667 partium,
900 593 1033 653 ordinem
1051 597 1284 670 oentemplatur‘i

233 679 305 750 Quid
319 695 386 739 vero
401 677 562 750 dicendum,
573 677 598 736 si
611 678 649 736 ad
660 677 926 738 artificiosissimam
937 679 1038 739 mundi
1047 679 1197 754 fabricam,
1208 698 1285 758 qnae

232 764 343 823 homini
358 762 439 837 quasi
453 761 555 821 domus
570 777 657 836 quam
670 762 781 822 habitet
794 763 861 822 data
875 769 928 837 est,
940 764 1038 824 oculos
1059 771 1287 828 convertamus?

233 849 283 908 lot
293 853 425 921 mutaque
439 845 470 904 in
486 861 519 905 eo
534 851 664 920 portenta
678 848 910 922 conspiciuntur,
938 853 971 907 ut
994 850 1077 923 copia
1090 855 1128 910 et
1150 852 1290 914 varietate

233 925 359 992 mentem
374 931 579 1005 propemodum
593 931 724 991 obruant.
741 933 791 990 Vel
805 932 860 1006 ipsi
869 933 1084 992 considerentur
1092 935 1214 1009 flosculi,
1238 953 1289 998 cu-

235 1018 280 1076 ius
290 1017 402 1090 generis
417 1015 571 1075 multitudo
585 1016 712 1090 quotidie
726 1017 848 1090 pedibus
864 1017 972 1076 teritur.
989 1018 1078 1077 lanta
1095 1034 1196 1078 eorum
1211 1021 1291 1095 quis

236 1115 291 1175 que
307 1099 421 1159 solertia
435 1105 520 1172 atque
543 1106 603 1159 orte
618 1100 649 1158 in
664 1099 784 1174 singulis
805 1101 865 1160 suis
880 1100 1011 1174 partibus
1024 1102 1163 1162 formatus
1180 1113 1233 1176 est,
1255 1110 1291 1164 ut

238 1185 283 1244 rel
298 1184 488 1259 peritissimus
502 1185 605 1244 artifex
621 1184 715 1244 simile
729 1183 837 1259 aliquid
851 1185 946 1244 iacere
957 1191 1089 1259 nequeat
1102 1193 1181 1246 tanta
1190 1194 1291 1248 autern

236 1269 363 1330 colorum
377 1275 525 1329 venustate
539 1275 568 1328 et
581 1270 677 1344 lepore
692 1274 820 1339 ornatur,
832 1275 865 1329 nt
879 1270 1142 1344 praestantissimus
1152 1272 1243 1345 pictor
1257 1274 1291 1334 in

236 1354 374 1415 imitando
388 1354 506 1414 laboret.
519 1355 628 1422 Quanta
643 1370 709 1414 vero
719 1369 767 1414 ers
780 1355 813 1412 in
828 1354 937 1413 tantulo
962 1355 1010 1414 lici
1024 1370 1114 1428 grano
1131 1362 1181 1414 aut
1204 1359 1291 1418 acino

237 1441 356 1499 vinaceo
372 1445 421 1497 eut
438 1441 552 1513 frugum
567 1445 783 1513 ceterarumque
796 1438 929 1513 stirpium
950 1439 1151 1498 minutissimis
1176 1441 1293 1501 semiui-

237 1524 292 1584 bus
307 1524 423 1598 profuse
433 1523 625 1597 conspicitur?
640 1523 672 1582 in
687 1524 955 1598 quibus-immanes
977 1524 1071 1583 trunci
1092 1529 1121 1582 et
1140 1526 1224 1599 rami,
1242 1527 1293 1600 qui

160 1617 163 1624 '
238 1610 372 1683 deinceps
383 1609 573 1683 explicentur,
586 1609 644 1666 iam
659 1623 760 1667 omues
775 1608 908 1667 delineari
923 1609 1022 1667 insunt
1036 1607 1159 1668 etrelrrti
1177 1611 1209 1669 in
1224 1611 1293 1670 erri-

239 1709 328 1768 guum
343 1699 551 1766 supinatumque
566 1691 691 1751 conclusi
700 1693 713 1749 i
723 1692 826 1750 Ornitto
841 1699 944 1765 cetera,
961 1708 1035 1766 quae
1045 1699 1142 1768 utpote
1161 1695 1293 1768 grandis

239 1798 273 1841 ra
287 1788 314 1840 et
329 1781 528 1855 spectabiliora
543 1797 593 1856 per
607 1797 638 1840 se
658 1780 857 1840 contuentibus
872 1781 1091 1841 admirationem
1110 1784 1291 1857 ingenerant.

241 1867 301 1926 lam
317 1883 383 1925 vero
397 1867 569 1926 credibilene
594 1873 645 1938 est,
663 1873 712 1926 eut
727 1872 865 1940 conceptu
885 1866 1033 1925 informari
1058 1873 1149 1941 potest
1169 1876 1227 1925 tam
1245 1868 1294 1925 be-

241 1951 366 2009 neficum
392 1951 503 2010 Numen
528 1956 556 2010 et
576 1950 743 2025 benignum,
762 1951 838 2024 quod
853 1954 911 2008 tarn
929 1950 1073 2023 largitiose
1090 1965 1155 2008 conr
1173 1951 1295 2010 bomine

244 2035 301 2108 egit
316 2035 346 2092 in
359 2035 405 2107 ils,
422 2051 495 2108 quae
510 2035 611 2094 viliore
629 2040 697 2093 sunt
711 2041 740 2092 et
749 2034 845 2093 minus
854 2035 1005 2107 intersunt,
1017 2034 1150 2108 pristinae
1163 2034 1295 2093 dilectio

244 2117 291 2176 nis
301 2119 383 2192 quasi
397 2118 517 2177 oblitum
532 2135 589 2178 non
605 2133 707 2178 curare
721 2124 825 2191 cetera,
842 2133 916 2192 quae
930 2120 1069 2190 animum,
1085 2133 1188 2191 mores,
1215 2124 1247 2177 et
1260 2119 1294 2176 ti·

243 2217 311 2262 nem
327 2204 490 2277 attingunt?
505 2205 571 2278 Hoc,
588 2205 643 2284 nisi
659 2219 759 2263 amens
775 2205 822 2276 sit
843 2219 929 2263 nemo
943 2204 1144 2278 suspicabitur.

279 2287 414 2362 Denique,
431 2303 467 2346 ne
485 2289 516 2347 in
532 2289 646 2362 longum
662 2289 773 2360 abeam,
791 2289 926 2348 suadetur
937 2288 1008 2347 haec
1024 2288 1128 2346 veritas
1143 2303 1184 2347 err
1197 2303 1295 2362 perpe

219 2430 223 2435 .
245 2376 293 2431 tua
308 2377 392 2446 atque
408 2373 537 2432 unanimi
552 2374 684 2446 gentium
699 2374 887 2432 consensione
902 2378 931 2431 et
943 2372 1177 2432 innatabumeno
1197 2371 1294 2446 generi

244 2457 432 2532 propensione
447 2462 574 2517 naturae.
592 2458 668 2526 Quae
682 2458 798 2532 quidem
812 2464 845 2517 ut
854 2458 945 2533 ipsius
958 2457 1077 2516 rationis
1086 2456 1295 2516 lucidissimum

246 2539 413 2616 suffragium
427 2541 526 2600 haberi
541 2542 634 2614 debet,
652 2548 921 2617 tanteqneconstat
943 2541 1094 2612 firmitate,
1111 2545 1144 2599 ut
1166 2555 1203 2599 ea
1221 2553 1296 2599 sum·

246 2633 332 2698 mota,
349 2627 480 2684 veritates
495 2641 593 2685 omnes
609 2641 666 2684 una
684 2626 826 2685 labantur.
839 2627 912 2695 Ouid
932 2641 999 2684 vero
1015 2632 1074 2682 tarn
1091 2639 1245 2683 commune
1264 2629 1295 2681 et

246 2715 340 2769 ratum
355 2710 429 2784 apud
444 2725 543 2770 omncs
560 2709 641 2784 plene
656 2717 763 2785 gentes,
781 2727 868 2786 quam
883 2711 996 2770 divinae
1020 2708 1215 2783 providentiae
1235 2707 1297 2766 cxi·

247 2797 395 2856 etimatio‘l
408 2796 440 2855 ld
453 2796 571 2868 quidem
586 2795 694 2869 religio,
715 2812 788 2869 quae
803 2797 839 2855 ab
849 2797 983 2855 omnibus
993 2792 1232 2853 nonmodocultis
1247 2790 1300 2850 sed

247 2881 334 2940 etiarn
350 2881 393 2940 rel
409 2881 535 2939 maxime
552 2879 682 2939 barbaris
696 2882 861 2941 nationibus
876 2879 1106 2956 supremoelicui
1116 2877 1232 2938 Numini
1246 2891 1298 2961 en·

247 2965 371 3037 hibetur,
387 2965 517 3036 ostendit
534 2964 564 3022 id
580 2965 773 3024 socriliciavel
788 2966 911 3025 adbona
924 2963 1124 3038 consequenda
1135 2963 1182 3020 rel
1192 2962 1227 3020 ad
1238 2975 1301 3018 ma-

248 3049 277 3107 le
290 3051 442 3109 avertenda
457 3050 639 3124 significant3
656 3049 687 3108 id
698 3052 887 3110 conscientiae
902 3051 1019 3128 stimuli,
1036 3049 1142 3123 quibus
1166 3047 1303 3106 homines

249 3149 374 3209 nequam
388 3134 424 3193 ob
438 3135 547 3208 flagitia
560 3134 664 3194 animis
680 3135 795 3195 latentia
812 3151 928 3208 prorsus
943 3141 1098 3209 angustum
1114 3134 1144 3191 id
1160 3132 1306 3190 virtutum

248 3219 424 3278 occultarum
437 3219 613 3292 exercitatim
629 3219 659 3278 id
678 3224 777 3293 sponte
792 3234 844 3278 sue
863 3235 1016 3294 erumpens
1040 3219 1073 3278 iu
1094 3216 1232 3292 periculis
1257 3231 1309 3274 su·

248 3304 342 3381 premi
356 3303 483 3362 numinis
496 3303 647 3377 invocatl03
662 3303 692 3362 id
706 3303 738 3362 in
747 3304 833 3362 rebus
848 3305 974 3364 adversis
989 3304 1026 3362 ad
1039 3304 1129 3362 ileum
1147 3302 1228 3359 fusae
1238 3315 1312 3373 pre·

250 3403 307 3462 ces3
323 3389 354 3447 id
374 3388 505 3462 vellpsee
519 3388 724 3463 blasphemiae,
745 3388 882 3463 sacrilego
907 3389 982 3461 licet,
1000 3393 1097 3447 tamen
1120 3383 1253 3444 evidenti
1281 3389 1314 3444 et

251 3472 427 3532 ineluctebili
441 3473 602 3532 testimonio
617 3473 811 3532 manifestant.
828 3473 889 3532 Non
906 3473 984 3532 enim
1005 3471 1088 3531 deliri
1113 3468 1252 3528 homiues
1269 3473 1316 3527 at·

252 3573 307 3631 que
321 3557 402 3632 impii
416 3556 447 3616 in
466 3557 643 3616 divinitatem
658 3557 740 3630 quasi
755 3556 912 3616 ulciscendi
937 3556 1055 3614 libidine
1079 3554 1316 3623 inveherentur,

253 3641 309 3699 uisi
323 3656 489 3714 persuasum
503 3641 572 3715 ipss
588 3642 659 3700 foret
675 3641 745 3700 nibil
759 3641 791 3700 in
805 3641 913 3700 mundo
929 3641 1104 3714 contingere,
1120 3644 1240 3713 praeter
1269 3655 1321 3699 su·

253 3725 345 3797 premi
359 3725 544 3784 moderatoris
558 3726 773 3800 permissionem
789 3733 839 3785 aut
853 3726 1016 3800 imperium.
1036 3725 1113 3782 Haec
1127 3723 1217 3796 igitur
1243 3740 1324 3784 cum

163 3823 169 3837 ¹
255 3812 331 3866 certo
346 3816 532 3879 constemus
548 3810 654 3868 diutius
669 3812 700 3869 in
709 3827 741 3869 re
755 3811 824 3870 satis
834 3817 933 3885 aperta
939 3823 1094 3882 moremur,
1103 3808 1140 3866 ad
1149 3810 1324 3873 nonnullas

254 3894 349 3969 potius
363 3895 543 3957 difficultates
558 3897 751 3958 dissolvendas
765 3898 925 3959 veniamus.
