2767 4492
514 253 589 302 alas
603 255 723 302 nanum
744 270 747 275 ·
1103 231 1142 298 st

100 363 110 393 ι
126 357 215 402 renue
229 343 267 402 tia
280 343 353 403 dore
368 353 431 401 esse
445 341 470 400 si
484 341 659 416 prolongans
672 355 689 398 e
704 337 896 399 smtreccian
909 340 955 398 tra
968 337 1042 408 loro,
1061 348 1142 396 come

98 449 110 476 ι
128 427 213 486 anelii
233 429 258 486 d'
268 443 327 488 une
345 432 435 485 etessa
454 431 554 484 catena
569 425 697 484 innodati
711 425 729 482 l'
741 440 799 484 uno
812 423 879 483 aell'
891 424 974 482 aluo.
990 422 1030 481 La
1043 423 1141 480 mente

97 533 109 562 ι
126 525 234 570 umens
247 528 305 570 non
320 513 377 587 pub
393 525 410 568 a
424 525 508 568 meno
518 509 617 568 di'uou
631 523 736 566 averae
746 509 882 567 euidenza
896 523 912 567 e
927 512 1063 579 corleum,
1076 522 1143 580 pur-

97 618 107 645 ·
125 595 178 654 cbd
194 611 284 669 segue
300 595 344 654 eol
359 610 410 653 suo
424 594 547 667 eguardo
562 592 695 652 intuitivo
708 593 729 650 it
743 593 792 651 tito
809 593 884 652 della
902 593 963 651 loro
978 591 1141 650 counessio·

96 701 107 730 ι
122 695 176 752 ne3
194 682 234 738 nd
250 681 286 738 ad
301 679 470 738 assicurarsi
485 679 514 736 di
528 679 623 738 arerlo
638 676 747 749 eegtulo
758 678 795 735 ba
805 677 948 752 d'uopodi
958 677 1030 736 altro
1040 692 1072 736 ee
1082 691 1141 735 aon

93 787 104 814 ι
121 763 152 822 di
167 763 316 823 riandarlo
329 764 547 836 noveliemente,
561 762 734 834 sciogliendo
750 762 913 837 leillazioni
927 761 1002 822 uelle
1016 776 1140 835 premes·

93 867 104 898 ο
122 863 155 907 ee
168 849 246 907 onde
262 847 363 907 turono
379 847 514 915 derivate,
528 847 552 928 il
566 848 619 905 che
634 845 659 904 si
675 847 704 904 ia
719 845 792 903 colla
807 846 917 918 logica

126 955 139 984 ι
157 933 193 990 ln
209 931 249 990 tal
263 935 345 1006 guise
364 934 485 1006 procede
506 933 534 990 la
553 931 665 990 scienza
687 929 752 988 neli’
763 945 856 989 nomo.
873 931 1143 991 dcconciementeii

89 1037 101 1064 α
119 1015 223 1075 Dotlor
238 1018 264 1076 S.
281 1018 448 1074 Tommaso:
465 1016 491 1074 il
506 1016 654 1074 conticuisse
673 1015 724 1073 cite
740 1015 813 1071 lictae
829 1014 859 1072 tc
873 1017 994 1088 capione
1006 1031 1067 1090 per
1076 1015 1142 1090 piu·

88 1121 100 1150 e
117 1115 215 1174 puero
229 1101 287 1160 cilo
301 1102 494 1174 scoprimcnlo
510 1099 583 1156 d'ctn
596 1113 662 1156 vcro
676 1099 781 1171 primu
794 1097 931 1170 ipcwroto
944 1101 971 1156 si
985 1101 998 1156 l
1013 1099 1046 1157 di
1059 1114 1143 1157 mue

88 1205 100 1233 e
117 1199 190 1242 uere
207 1186 248 1242 du
262 1185 404 1259 peine-ipit
418 1182 551 1256 penecoii
565 1184 628 1238 noti
642 1197 694 1254 pec
714 1181 775 1237 loco
789 1183 870 1238 stessi
887 1183 1044 1253 [emmone
1064 1183 1082 1239 l'
1093 1199 1143 1257 np-

87 1291 98 1317 ·
112 1268 290 1342 plicatione
305 1267 426 1338 opunti
445 1264 653 1330 determinati,
671 1279 685 1319 c
703 1263 840 1335 procedes
859 1265 917 1320 cosi
932 1280 952 1321 a
966 1265 1145 1323 conclusioni

84 1372 98 1400 α
112 1353 180 1424 pile
201 1348 380 1422 perticoloci
398 1363 412 1404 e
431 1347 472 1404 do
491 1353 589 1420 queste
607 1347 645 1404 ed
666 1347 742 1403 olore
760 1361 813 1403 con
832 1346 893 1403 loro
912 1362 1060 1403 manasse:
1075 1347 1145 1404 Pro-

85 1459 97 1484 «ι
115 1447 226 1491 cessus
241 1431 367 1489 collocas
379 1430 577 1506 provenientis
591 1432 630 1488 od
645 1430 838 1504 sepultionem
852 1430 948 1503 ipnoti
957 1429 991 1486 in
1000 1429 1146 1487 'inveniens

46 1550 50 1556 ·
87 1541 99 1568 e
121 1516 165 1575 do
183 1523 228 1573 cst
241 1515 439 1590 estprincipio
449 1515 682 1588 commu-ntapcr
696 1530 725 1572 se
738 1522 809 1572 noto
824 1513 947 1588 applicet
961 1511 1001 1571 od
1015 1511 1147 1570 determi-

88 1625 100 1653 ι
118 1607 219 1660 nolas
233 1599 387 1673 materies,
404 1607 430 1658 et
448 1598 517 1657 inde
533 1599 669 1674 procedat
683 1599 718 1656 in
736 1598 857 1672 aliquos
867 1595 1069 1672 particulares
1083 1611 1146 1656 con

91 1707 102 1736 l
117 1683 273 1743 alumenu
287 1691 313 1742 ct
328 1699 362 1743 ea
377 1683 423 1742 itis
438 1684 472 1741 in
488 1683 565 1742 alies
580 1684 588 1757 l
597 1683 634 1741 Dc
646 1683 787 1757 anistro
803 1686 856 1740 art.
876 1682 907 1754 it
924 1683 949 1739 l.
969 1705 980 1732 ι

126 1769 165 1828 te
185 1769 244 1842 Age
260 1785 335 1840 vero,
352 1768 532 1827 ratiocinium
542 1767 690 1838 eiusmodi,
709 1767 782 1824 idest
795 1766 898 1840 quoda
913 1765 997 1824 certis
1007 1765 1144 1825 evidenti-

93 1853 212 1926 busque
222 1849 349 1926 pro'cedit
362 1852 519 1926 premissis,
534 1851 730 1925 apodicticam
740 1867 791 1909 seu
807 1851 1072 1909 dcnwnstrotiounn
1086 1851 1143 1910 dici

90 1937 258 1995 solet.Sunt
267 1951 334 1994 vero
344 1937 428 1995 buius
437 1951 541 2008 genera
552 1941 682 2008 quatuor:
694 1935 1072 2010 illemonstretiooptioci,
1080 1951 1145 1994 cum
1172 1925 1177 1936 ’

92 2021 218 2079 effectus
232 2019 333 2078 notitia
346 2035 383 2078 ex
396 2021 495 2078 notitia
510 2035 612 2078 causae
624 2020 829 2094 suppeditatur,
841 2024 874 2078 ut
887 2020 911 2077 si
922 2019 1084 2080 libertatem
1097 2019 1146 2078 bo

91 2106 183 2164 minis
199 2119 237 2162 ex
253 2104 314 2163 ciue
329 2104 517 2163 rationalitate
536 2101 777 2177 demonstres311.
795 2105 1001 2163 Demonstratio
1020 2119 1039 2161 o
1056 2112 1145 2177 poste

91 2189 182 2261 cuci,
201 2194 381 2246 cumcontra
400 2202 487 2245 causa
500 2187 637 2260 probatur
656 2205 693 2246 ex
712 2188 825 2257 ellectu,
843 2193 875 2246 ut
894 2190 919 2246 ei
939 2193 1038 2247 extare
1057 2188 1146 2245 Deum

92 2273 223 2331 ostendis
238 2287 254 2330 e
268 2287 365 2330 rerum
380 2277 541 2330 creatarum
556 2272 723 2344 existentia3
740 2273 783 2330 lll.
799 2271 1005 2330 Demonstrati>
1023 2270 1144 2342 directo,

93 2356 295 2428 coniminum,
313 2371 385 2429 quae
405 2371 442 2414 ex
460 2371 518 2413 una
538 2356 658 2414 subiecti
676 2356 791 2415 notione
811 2356 846 2414 ad
863 2357 949 2415 eliam
968 2354 1147 2413 inferendam

93 2441 206 2515 pergin
222 2445 254 2498 ut
268 2440 292 2498 si
303 2455 340 2498 ex
352 2440 441 2498 animi
451 2439 650 2513 spiritualitate
661 2440 790 2498 eiusdem
802 2440 1020 2514 perpetuitatem
1034 2435 1144 2509 eliciae3

93 2523 136 2582 tt.
153 2525 364 2584 Demonstrabo
380 2525 542 2598 opnpopico
558 2529 607 2582 aut
621 2523 778 2590 indirecto,
795 2539 868 2596 quae
882 2538 945 2582 rem
959 2538 997 2580 ex
1015 2520 1147 2579 absurdis

98 2608 170 2668 alins
185 2608 404 2681 consequuluris
418 2608 549 2680 ostendit,
567 2613 599 2665 ut
614 2608 637 2666 si
650 2610 775 2667 futuram
784 2609 873 2666 utam
887 2623 925 2667 ex
936 2606 1148 2680 perturbatione

95 2694 217 2765 ordinis,
234 2695 269 2750 de
281 2709 337 2767 que
353 2709 435 2750 secus
445 2693 542 2750 divina
557 2692 735 2764 providentia
744 2692 934 2761 incusaretur,
950 2691 1084 2747 deducas.
1095 2689 1148 2746 ila·

95 2789 163 2836 rum
178 2777 423 2852 praestantissima
438 2781 481 2834 est
495 2771 699 2834 demonstratio
715 2790 732 2828 a
752 2774 856 2844 priori3
873 2773 1104 2846 quandoquidem
1117 2770 1149 2826 in

96 2859 259 2935 ipsumam
274 2861 357 2934 plene
379 2859 568 2930 conquiescit;
589 2861 620 2913 in
641 2856 762 2910 caeteris
782 2855 876 2910 adhuc
895 2852 1049 2922 irrequieta
1063 2850 1150 2923 persi-

94 2946 158 3017 stit,
179 2959 238 3001 non
262 2943 379 3014 qlridem
400 2942 493 3011 quoad
511 2937 709 2995 exclusionem
731 2933 826 3003 dubii,
848 2935 899 2991 sed
922 2932 1017 3005 quoad
1038 2931 1148 2990 sciendi

96 3026 287 3100 cupiditatem
302 3023 407 3080 exinde
426 3021 565 3088 obortam,
586 3017 661 3088 quod
682 3015 725 3072 rei
743 3015 870 3074 nundum
888 3017 1044 3091 perlectam
1059 3015 1149 3074 scien-

97 3111 170 3170 tiam
189 3107 244 3166 sibi
259 3102 477 3177 comparaverit.
494 3102 571 3160 Tunc
586 3099 672 3172 enim,
691 3103 723 3156 ut
736 3100 881 3174 praeclare
895 3099 1065 3174 turmales,
1082 3115 1149 3162 vere

99 3195 220 3266 scimus,
237 3205 303 3250 cum
318 3189 362 3248 rei
377 3201 493 3247 causam
515 3185 717 3259 dignoscimus.
733 3185 809 3244 Haec
829 3187 1025 3262 appellabatur
1043 3193 1148 3249 arete·

100 3281 182 3340 dhus
197 3273 400 3337 demonstratio
412 3280 533 3350 propter
551 3269 641 3346 quid;
655 3285 728 3344 quae
743 3278 838 3330 autem
857 3287 875 3331 a
888 3271 1037 3352 posteriori
1051 3289 1148 3350 proce

103 3363 153 3438 dit,
169 3359 373 3422 demonstratio
383 3359 459 3434 quie
472 3355 629 3434 dicebatur.

137 3449 199 3508 Alia
220 3448 306 3507 etiam
327 3445 440 3520 partitio
459 3443 557 3518 magni
583 3441 722 3501 momenti
748 3445 801 3516 est,
826 3459 883 3518 qua
900 3443 1084 3504 radocinium
1099 3444 1147 3504 tri·

104 3530 202 3594 buitur
215 3533 247 3593 in
261 3545 385 3608 purum,
401 3530 577 3604 empiricam
590 3531 620 3587 et
633 3527 773 3586 mutum.
784 3527 911 3588 Primum
921 3533 973 3601 eet,
990 3528 1066 3606 quod
1080 3527 1149 3590 solis

145 3705 274 3840 &abab
289 3715 417 3769 cumulet
436 3715 533 3766 Socanda
553 3715 631 3778 sats,
648 3713 692 3765 rol.
709 3713 749 3778 tt,
766 3717 808 3764 art.
831 3715 901 3763 belin
921 3713 1150 3778 cummunione

105 3801 129 3834 a.
197 3827 204 3838 .
