2767 4492
494 283 740 364 senousonoom
1087 301 1178 382 raes

96 421 151 481 pro
167 403 293 464 eliioitnr
309 407 342 462 nt
363 402 544 478 philosopho,
564 417 661 461 rerum
678 408 797 462 naturas
815 403 1021 478 perscrutanti,
1041 403 1143 464 relatio

93 489 243 563 eiusmodi,
260 490 380 548 adentm
390 489 694 562 verimtemrequisita,
706 490 736 547 in
746 489 873 548 ueritatis
884 489 1050 548 delinitione
1062 501 1144 564 prae·

12 582 16 607 ¹
94 572 275 633 termittenda
289 588 347 632 non
361 572 406 631 sit.
423 573 479 631 llec
495 575 591 630 omen
604 573 763 645 putandum
778 578 821 632 est
835 589 885 632 cns
900 589 1006 632 aarum
1020 573 1057 632 ad
1071 573 1144 633 divi·

94 675 163 717 num
181 659 333 717 dumtaxat
350 657 526 716 intellectum
544 657 675 715 ordinem
693 658 853 728 includere,
875 659 911 718 ad
930 663 1060 718 nostrum
1075 673 1143 719 vero

93 757 284 818 amnequam.
296 743 366 802 Nam
375 742 452 800 entia
462 743 516 800 elsi
525 757 584 801 non
595 742 692 800 omnia
701 757 755 800 nec
770 759 882 818 semper
892 749 956 803 actu
972 759 1038 803 cum
1049 749 1143 804 mente

93 834 190 888 nostm
203 828 432 900 conformantem
444 833 539 887 tamen
553 828 695 887 eiusmodi
711 833 777 886 sunt
786 833 817 886 ut
826 831 919 888 eidem
935 835 1002 904 apta
1012 830 1069 888 sint
1079 845 1144 888 con-

92 913 224 987 formari,
240 929 275 973 ac
288 928 387 974 veram
402 913 447 971 sui
466 913 592 972 tnbnem
609 913 812 986 cognitionem.
830 915 934 988 Quare,
955 921 987 974 ut
1002 915 1144 990 sapienter

91 998 224 1058 observat
238 999 265 1058 S.
282 999 415 1071 Thomas,
432 1013 483 1057 ens
496 1013 603 1056 verume
621 998 727 1056 dicitur
745 998 924 1071 potissimum
944 1004 972 1058 et
987 999 1080 1072 primo
1093 1015 1144 1074 per

88 1083 223 1141 ordinem
232 1084 269 1143 ad
278 1084 408 1142 divinum
421 1083 608 1156 intellectum,
619 1083 747 1141 mundo
758 1087 854 1140 autern
863 1084 1015 1157 minusque
1029 1084 1142 1158 proprie

87 1172 224 1241 respectu
241 1168 402 1227 intellectus
420 1169 517 1226 creati.
544 1167 603 1224 Etsi
626 1168 704 1224 enim
723 1179 851 1239 quaeque
875 1168 952 1226 enda
969 1167 1037 1226 hnic
1055 1169 1142 1226 etiarn

89 1253 247 1327 adaequari
261 1254 381 1328 possint,
398 1268 486 1325 aquo
499 1257 577 1310 certe
594 1259 660 1323 apta
673 1256 740 1309 sunt
755 1251 863 1324 attingi,
880 1253 1066 1312 nihilominus
1076 1267 1144 1312 non-

86 1338 149 1395 nisi
164 1339 201 1394 ad
214 1342 343 1394 mentem
362 1337 491 1393 divinam
508 1335 677 1393 relationem
695 1334 802 1392 habent
824 1337 1002 1407 laesionum,
1020 1351 1145 1394 accesso

86 1423 178 1480 riom
192 1425 278 1492 atque
293 1419 483 1477 monimum.
500 1418 654 1477 Maximam
673 1418 805 1492 quidem,
822 1419 889 1492 quia
904 1435 921 1476 a
935 1419 1033 1477 divina
1049 1424 1144 1477 mente

86 1509 206 1564 mntem
219 1505 269 1563 tali
284 1505 445 1578 cognitione
460 1504 650 1578 continentur,
666 1510 698 1563 nl
713 1521 747 1562 ea
760 1505 911 1578 perfectior
926 1507 1050 1576 nequeat
1063 1519 1145 1562 eaeo

88 1590 192 1665 gitari3
205 1589 401 1665 necessariam
415 1605 491 1661 soro,
502 1588 570 1662 quia
580 1589 657 1647 nulla
666 1605 714 1647 res
724 1589 849 1662 elingere
861 1588 935 1648 valet
945 1588 1059 1646 divinae
1068 1601 1146 1648 men·

90 1676 128 1733 lis
146 1673 301 1732 interitum:
321 1674 502 1732 essentialem
517 1673 657 1746 denique,
680 1674 829 1747 quiscum
844 1674 921 1732 entia
940 1677 1048 1746 creata,
1066 1677 1146 1747 quot·

89 1763 161 1833 quot
174 1762 250 1831 sunt,
267 1774 285 1816 a
299 1757 404 1817 divinis
418 1758 491 1817 ideis
505 1758 659 1832 pendeant,
675 1759 705 1817 vi
716 1773 785 1818 suae
799 1764 918 1818 naturae
933 1763 1094 1833 respectum
1106 1757 1142 1816 ad

9 1850 10 1907 ξ
90 1843 367 1902 diuinam-mentem
391 1843 509 1917 habent,
534 1859 600 1902 cum
622 1860 679 1917 qua
697 1861 749 1919 per
770 1845 962 1918 cognitionem
982 1844 1143 1902 necessario
1246 1857 1249 1864 ·

9 1946 10 1983 1
89 1929 296 2002 adaequantur.
313 1929 355 1986 En
371 1930 398 1988 S.
414 1930 541 1989 [lectoris
555 1931 656 1989 uerbo:
677 1954 688 1982 ι
708 1931 820 2004 Verum,
878 1936 922 1990 est
935 1931 1042 1988 bonum
1062 1930 1144 1990 intel·

93 2039 105 2065 ι
123 2014 223 2073 lectus.
240 2013 319 2087 Unde
333 2014 369 2072 de
384 2029 564 2088 quocumque
578 2015 690 2073 dicatur
704 2031 813 2088 verum,
826 2019 936 2089 oportet
950 2015 1025 2088 quod
1038 2015 1092 2074 hoc
1107 2017 1144 2074 sit

92 2124 103 2150 ι
122 2113 175 2172 per
188 2093 348 2171 respectum
364 2099 400 2156 ad
414 2099 599 2172 intellectum,
617 2115 700 2159 voces
715 2101 832 2174 quidem
847 2101 921 2159 sicut
931 2100 1022 2172 signa,
1038 2115 1084 2158 res
1094 2115 1143 2158 au-

91 2209 102 2234 «
121 2188 179 2242 tem
189 2182 263 2240 sicut
277 2198 320 2255 ea,
338 2198 460 2256 qtrorum
474 2183 638 2242 intellectus
647 2191 715 2243 sunt
729 2184 940 2243 similitudines.
960 2184 1143 2244 Consideran-

92 2292 104 2319 «
122 2269 192 2326 dum
206 2272 302 2325 summ
316 2267 393 2340 quod
407 2267 504 2340 aliqua
518 2284 564 2326 res
579 2275 761 2342 comparatur
776 2270 812 2326 ad
826 2270 1004 2328 intellectum
1023 2267 1142 2342 duplici·

92 2380 104 2406 .
123 2360 176 2425 ter,
191 2368 249 2410 uno
263 2351 348 2409 modo
363 2350 437 2410 sicut
451 2367 587 2411 mensura
601 2354 637 2411 ad
657 2359 863 2424 mensuratum,
881 2360 909 2412 et
924 2355 965 2412 sic
980 2367 1145 2425 cornparan·

91 2464 103 2492 a
124 2446 170 2496 tur
178 2453 225 2496 res
233 2437 384 2508 ‚naumles
400 2439 436 2496 ad
450 2437 626 2498 intellectum
641 2442 857 2513 speculativum.
870 2441 975 2499 Etideo
986 2437 1145 2496 intellectus
1184 2483 1190 2492 .

91 2523 226 2581 «dicitnr
239 2537 324 2581 verus
339 2523 497 2582 secundum
512 2523 863 2598 quodconlormaturre13
881 2525 970 2582 falsus
985 2527 1091 2594 atatem,
1104 2536 1145 2580 se

91 2607 248 2667 «erundum
261 2607 339 2681 quod
359 2607 500 2666 discordat
515 2623 533 2667 a
550 2625 591 2668 re.
608 2610 662 2669 iles
682 2615 778 2670 autem
797 2609 936 2669 naturalis
957 2623 1016 2666 non
1039 2607 1144 2666 dicitur

91 2719 103 2744 ι
120 2708 183 2751 esse
198 2707 266 2751 sera
279 2707 331 2767 per
346 2695 587 2767 comparationem
603 2696 639 2753 ad
658 2697 835 2755 intellectum
851 2699 991 2767 nostrum,
1008 2695 1082 2752 sicut
1095 2709 1145 2767 po

90 2802 102 2830 a
120 2781 239 2836 suerunt
249 2777 365 2851 undam
375 2779 485 2851 antiqui
501 2779 700 2838 existimantes
714 2791 812 2837 ronam
822 2780 969 2836 ueritatem
981 2794 1043 2835 esse
1053 2778 1145 2834 solum

89 2861 151 2920 «in
164 2861 219 2920 hoc
241 2862 317 2934 quod
338 2867 381 2919 est
395 2862 496 2920 videri.
521 2863 686 2920 Secundum
707 2863 762 2918 hoc
784 2861 861 2916 enim
882 2865 1049 2931 sequeretur
1071 2859 1146 2929 quod

89 2972 100 2999 ι
118 2945 338 3004 contradictoria
352 2949 448 3001 essent
461 2946 547 3001 simul
561 2959 639 3015 vera,
653 2944 721 3015 quia
737 2941 956 2998 contradictoria
970 2941 1076 2997 cadunt
1091 2941 1145 2997 sub

89 3030 301 3088 «diversorum
320 3024 512 3096 opinionibus.
532 3025 672 3081 Dicuntur
697 3029 793 3078 tamen
811 3037 857 3080 res
882 3023 995 3097 aliquae
1017 3037 1102 3080 uerae
1120 3029 1148 3080 et

88 3139 99 3167 ι
118 3112 211 3171 falsae
226 3124 277 3182 per
291 3107 532 3179 comparationem
546 3106 583 3163 ad
598 3105 775 3164 intellectum
784 3111 995 3180 nostrumnon
1010 3105 1146 3166 essentia-

87 3223 98 3251 .
117 3199 187 3257 liter
201 3192 248 3254 vel
263 3191 430 3260 formaliter,
448 3190 498 3250 sed
512 3191 651 3264 effective,
663 3193 693 3251 in
705 3195 847 3265 quantum
862 3192 971 3251 scilicet
985 3197 1069 3250 natae
1081 3196 1148 3250 sulit

88 3307 100 3334 .
119 3284 216 3340 lacere
230 3278 266 3336 de
281 3292 312 3336 se
326 3291 425 3335 veram
439 3277 485 3335 vel
498 3276 600 3335 falsam
615 3276 851 3352 aestimationem,
870 3281 898 3336 et
919 3278 1077 3336 secundum
1092 3277 1147 3337 hoc

89 3391 100 3418 ι
121 3365 227 3425 dicitur
240 3377 344 3423 aunam
358 3377 459 3422 uerum
474 3363 520 3421 vel
534 3361 648 3423 falsum.
664 3363 725 3422 illio
747 3367 843 3422 autem
858 3364 944 3423 modo
964 3379 1010 3423 res
1034 3379 1147 3438 compa-

89 3475 101 3502 «
120 3456 221 3509 rantur
235 3449 272 3508 ad
290 3447 465 3508 intellectum
481 3449 555 3508 sicut
569 3455 767 3508 mensuratum
784 3449 820 3508 ad
833 3463 1009 3522 mensnram,
1021 3454 1054 3507 ut
1068 3451 1145 3523 patet

90 3561 101 3587 a
121 3536 153 3593 in
167 3535 312 3593 intellectu
327 3535 466 3608 practico,
483 3535 533 3608 qui
548 3539 592 3593 est
607 3551 694 3594 causa
713 3549 819 3593 rernm.
838 3533 915 3594 Unde
934 3549 1006 3608 opus
1026 3533 1144 3595 artificis

90 3645 102 3671 a
122 3618 226 3678 dicitu
240 3633 302 3678 esse
315 3634 425 3691 serum,
443 3618 474 3677 in
488 3625 627 3691 quantum
643 3619 756 3692 attingit
770 3619 806 3676 ad
826 3619 968 3678 rationem
990 3619 1076 3694 artis,
1094 3620 1145 3678 tal-

89 3731 101 3754 u
120 3719 186 3762 sum
200 3703 306 3763 veroin
322 3709 460 3777 quantum
474 3704 599 3763 deficite
612 3705 723 3763 ratione
735 3703 813 3762 ortis.
824 3705 857 3762 Et
871 3705 939 3777 qiua
949 3703 1046 3764 omnia
1055 3705 1142 3764 etiam

89 3814 101 3841 a
120 3789 263 3847 naturalia
281 3794 483 3862 comparantur
501 3790 537 3847 ad
556 3789 733 3849 intellectum
752 3789 883 3848 divinum
902 3787 976 3848 sicut
994 3790 1146 3849 artificiata

88 3899 102 3928 ι
121 3875 160 3935 ad
173 3879 274 3948 artem,
291 3889 468 3948 consequens
482 3879 571 3935 estut
585 3875 731 3950 quaelihet
745 3889 791 3936 res
805 3875 917 3936 dicatur
931 3889 994 3937 esse
1007 3889 1086 3947 sera,
1104 3888 1145 3932 se
