2767 4492
161 273 293 358 'tas'
425 314 429 318 ·
554 303 780 354 mariammes
794 303 940 353 sermacia

263 397 335 455 ilino
349 399 467 470 apparet
480 401 544 454 eam
558 392 780 454 intellectualem
790 391 1090 466 quamdamessevim
1104 401 1124 449 a
1136 392 1280 453 sensibili

142 529 150 539 .
229 485 286 539 tate
300 479 417 538 omnino
437 478 610 538 distinctam.
633 477 705 536 Nam
723 481 756 534 ut
774 475 853 534 ideas
876 480 1079 549 recognoscat,
1102 490 1137 532 ac
1158 476 1281 549 proinde

228 570 340 637 tempus
355 567 496 637 praesens
506 562 542 620 ab
556 561 652 634 elapso
667 565 806 632 secernat,
824 559 889 618 idea
903 558 1029 633 generali
1043 559 1179 632 temporis
1193 559 1279 618 inlor·

227 647 302 706 mari
316 647 399 706 debet
413 661 533 718 eamque
547 645 578 702 in
592 644 738 718 praesenti
750 657 784 702 ac
794 643 947 717 praeterito
959 643 1097 702 muman.
1112 643 1157 702 Ex
1168 659 1225 718 quo
1239 644 1281 703 dl·

228 731 341 790 slinctio
355 729 511 788 memoriae
526 727 562 786 ab
572 727 788 801 imaginatione,
805 743 880 801 quae
893 727 925 786 in
939 726 1079 786 concretis
1093 731 1205 787 tantum
1218 741 1280 786 mo
1382 780 1383 787 ,

226 820 315 887 ratur,
326 817 454 887 patenter
465 811 566 886 elucet,
582 813 759 886 notescitque
770 813 899 886 praecise
908 811 1078 885 differentia,
1090 827 1164 886 qnae
1172 817 1279 870 utram-
1382 834 1383 851 κ

228 913 283 972 qne
293 897 470 956 determinat.
483 895 651 969 Imaginatio
662 896 741 955 enim
753 895 822 955 solis
832 895 1015 955 sensibilibus
1025 895 1204 968 terminatur,
1220 911 1279 954 me

228 981 319 1041 moria
332 981 369 1038 ad
384 981 503 1054 quodvis
516 980 660 1038 obiectum
674 996 706 1039 se
719 981 880 1054 protendit,
907 979 1076 1053 imaginatio
1090 979 1186 1038 ideam
1201 983 1277 1036 tran

228 1066 299 1125 sacti
313 1077 371 1124 non
385 1069 507 1137 revocat,
529 1070 613 1138 atque
628 1064 708 1125 ideas
722 1065 836 1138 proprie
850 1079 908 1123 non
923 1063 1118 1137 recognoscit,
1138 1063 1276 1122 memoria

227 1165 296 1209 vero
308 1149 398 1223 elapsi
413 1148 548 1222 temporis
563 1149 710 1208 notionem
726 1149 826 1222 exigit,
842 1153 875 1207 ut
888 1149 1057 1208 relationem
1070 1145 1199 1207 eiusdem
1212 1147 1275 1206 snb
1383 1201 1384 1204 ,

227 1233 294 1294 lecti
310 1237 339 1291 et
352 1233 434 1291 ideae
449 1232 485 1290 ad
499 1232 611 1290 diversa
625 1232 704 1291 illius
718 1232 869 1291 intervalla
881 1233 1029 1306 percipiat.
1286 1255 1293 1265 ·

264 1317 308 1376 74.
325 1316 358 1374 lt
371 1317 450 1374 enim
465 1316 489 1374 si
504 1316 642 1375 memoria
658 1317 695 1374 ad
708 1317 928 1376 sensibilitatem
941 1332 1001 1375 non
1015 1316 1157 1389 pertinet,
1179 1315 1229 1388 qui
1243 1317 1276 1374 lit
1383 1349 1384 1386 ,

208 1405 259 1465 ‚ut
273 1401 304 1459 in
317 1400 409 1458 brutis
423 1400 511 1458 etiam
531 1401 712 1474 reperiatur?
730 1402 845 1475 Repono
865 1401 897 1459 in
915 1400 1007 1459 brulis
1025 1399 1194 1460 memoriam
1211 1414 1275 1472 pro

226 1485 289 1558 prie
304 1485 419 1558 dictam,
436 1484 529 1558 qualis
544 1499 561 1542 a
575 1484 658 1544 nobis
671 1486 813 1559 descripta
829 1491 880 1558 est,
900 1500 959 1544 non
972 1485 1086 1556 inesse,
1110 1483 1162 1542 sed
1175 1482 1273 1556 imagi-

227 1570 374 1628 nationem
390 1569 555 1642 dumlaxat3
577 1585 659 1643 quae,
677 1577 818 1644 quatems
833 1571 985 1630 accedente
999 1569 1136 1628 instinctu
1150 1572 1179 1625 et
1193 1572 1274 1625 nato·

228 1653 282 1711 rali
302 1653 425 1728 quadam
447 1653 633 1712 associatione
652 1654 902 1727 phantasmatum,
922 1654 1091 1712 memoriam
1104 1651 1219 1726 proprie
1233 1651 1274 1708 dl-

227 1741 303 1795 etam
318 1731 463 1810 imitatur,
483 1737 630 1796 macoma
643 1739 757 1796 senatis
772 1738 916 1797 nominari
929 1741 1031 1811 potest.
1050 1738 1122 1796 Nam
1135 1735 1273 1808 imagina-
1383 1771 1384 1810 3

227 1821 275 1895 tio,
293 1825 324 1879 nt
338 1837 424 1894 supra
438 1820 509 1894 dixi,
529 1821 725 1894 perceptiones
739 1822 859 1880 sensiles
874 1821 1054 1896 reproducit,
1071 1819 1201 1892 quamvis
1215 1835 1274 1878 non

226 1909 418 1978 recognoscat,
430 1920 463 1963 eo
473 1903 549 1978 quod
558 1903 770 1963 universalibus
782 1904 947 1963 notionibus
955 1903 1124 1962 destituitur.
1141 1901 1210 1959 llum
1220 1902 1273 1974 igi-
1382 1918 1383 1921 ¹

226 1993 274 2048 tur
287 1989 403 2047 brutum
417 1987 563 2047 reminisci
577 1988 699 2060 videtur,
717 1988 747 2046 id
761 2003 819 2047 non
833 1989 897 2046 ideo
912 1993 964 2060 est,
981 1987 1048 2062 quia
1060 1993 1161 2059 reapse
1173 2000 1275 2058 perce-
1382 1990 1383 1995 ’

225 2072 337 2146 ptionas
352 2072 441 2131 semel
454 2071 567 2130 habitas
582 2076 728 2144 tamquam
752 2071 868 2131 easdem
882 2076 967 2145 atquc
981 2070 1061 2143 illas,
1086 2069 1193 2143 quibus
1207 2074 1276 2126 antc

229 2157 363 2216 aflectum
378 2162 429 2230 est,
445 2161 638 2230 recognoscat.
654 2157 713 2216 Hoc
727 2157 804 2216 enim
818 2156 955 2215 intuitum
964 2154 1109 2215 relationis
1118 2154 1238 2211 involvit
1247 2158 1275 2210 et

228 2239 324 2298 ideam
335 2241 496 2312 generalem
507 2241 649 2315 temporis,
669 2256 742 2314 quae
751 2240 812 2299 vim
821 2240 956 2298 sensilem
964 2255 1080 2313 prorsus
1089 2242 1272 2312 exsuperant.

228 2324 282 2382 Sed
298 2324 389 2382 solnm
402 2325 571 2398 phantasma
585 2325 656 2383 allas
671 2324 804 2382 habitum
820 2325 990 2398 reproducit,
1010 2340 1046 2383 ex
1062 2339 1117 2397 quo
1132 2323 1161 2380 vi
1175 2321 1274 2380 instin-

227 2412 289 2466 ctus
305 2409 352 2466 vel
366 2409 452 2467 eliam
471 2409 661 2468 desuetudinis
684 2409 721 2466 nd
741 2410 917 2482 operandum
937 2408 1102 2482 impellitur.
1126 2406 1171 2466 Sic
1185 2405 1271 2478 feles,
1308 2471 1311 2475 ,

226 2507 299 2566 quae
313 2493 414 2552 baculo
430 2493 518 2552 semel
532 2491 638 2550 alicubi
653 2507 788 2566 percussa
798 2500 850 2567 est,
868 2494 893 2552 si
902 2494 1037 2567 deinceps
1052 2493 1083 2550 in
1097 2493 1220 2551 eundem
1235 2491 1274 2550 lo-

226 2591 293 2634 cum
308 2577 427 2650 incidit3
446 2577 644 2651 phantasmate
667 2576 771 2635 doloris
785 2576 827 2635 ibi
841 2577 960 2650 inflicti,
980 2581 1090 2635 etcum
1105 2575 1166 2635 loco
1181 2575 1228 2634 illo
1242 2575 1273 2632 iu

225 2675 278 2718 sua
292 2660 494 2733 imaginatione
509 2660 674 2733 coniuncti,
701 2661 883 2735 percellitur,
904 2677 961 2736 quo
978 2662 1069 2735 posito
1083 2676 1122 2719 ex
1140 2659 1274 2718 instinctu

225 2743 323 2816 lugam
339 2743 446 2817 arripit.
462 2744 540 2802 idem
555 2743 600 2801 dic
615 2743 650 2802 de
667 2745 768 2803 ceterb
783 2746 939 2819 exemplis,
956 2746 1061 2818 quibus
1075 2743 1214 2803 declarari
1227 2757 1274 2800 res

223 2833 327 2900 posset.
343 2828 374 2886 ld
388 2842 455 2886 vero
471 2841 555 2886 omne
570 2826 804 2901 imaginationem
822 2845 881 2889 non
895 2829 1078 2887 transcendit.

264 2911 308 2970 75.
328 2911 482 2985 dupliciter
496 2913 651 2971 memoriae
662 2914 802 2986 contingit
812 2913 948 2987 operatio.
964 2912 1121 2986 Aliquando
1134 2911 1212 2970 enirn
1226 2925 1271 2968 co·
1382 2896 1383 2901 ¹

227 2995 376 3066 gitationes
391 2996 503 3069 elapsae
518 3001 618 3069 sponte
633 3013 684 3056 sua
699 3013 730 3056 se
744 2998 827 3056 nobis
842 2998 975 3071 olierunt,
987 2997 1058 3071 quin
1071 2988 1172 3055 curam
1187 2994 1274 3053 ullam

227 3077 262 3134 ad
277 3093 326 3136 eas
340 3079 504 3138 excitandas
519 3081 723 3152 adhibeamns;
744 3082 897 3155 aliqnando
911 3098 992 3141 secus
1007 3097 1057 3155 pro
1072 3081 1218 3140 voluntate
1231 3094 1274 3136 re-

226 3166 364 3221 vocantur
378 3167 406 3221 et
420 3169 523 3222 conatu
538 3165 632 3238 aliquo
646 3166 760 3224 mentis.
778 3166 871 3225 Prima
884 3175 1047 3240 spootooeo
1060 3164 1197 3239 appellari
1210 3177 1274 3236 pos·

225 3255 285 3322 set,
306 3248 395 3307 altera
408 3248 592 3308 uoluntario.
610 3251 699 3308 Immo
715 3266 782 3309 vero
796 3251 862 3309 addi
875 3267 933 3310 non
948 3252 1092 3310 immerito
1106 3254 1200 3324 posset
1212 3262 1274 3304 me·

223 3333 345 3394 moriam
361 3334 512 3407 aliquando
527 3336 563 3394 ad
578 3335 673 3394 ideam
696 3337 885 3396 revocandam
907 3338 1123 3396 ratiocinatione
1136 3328 1229 3392 iuvari
1244 3337 1275 3389 et

194 3460 198 3464 -
224 3417 354 3476 discursu
369 3419 492 3492 quodam
508 3434 558 3492 per
573 3420 645 3478 alias
661 3421 824 3478 interiectas
838 3421 926 3494 ideas,
943 3438 981 3480 ex
995 3417 1207 3495 quibusultima
1222 3414 1275 3473 illa

223 3509 361 3562 nectatur.
376 3503 508 3562 llemoria
518 3505 658 3562 eiusmodi
668 3506 841 3578 praestantis
853 3506 962 3580 ingenii
973 3522 1058 3580 saepe
1068 3501 1209 3564 indicium
1218 3505 1273 3574 est,

224 3598 281 3642 non
296 3587 365 3645 item
379 3588 490 3660 prima3
511 3603 528 3645 a
543 3604 599 3661 qua
617 3589 737 3663 proinde
759 3594 792 3646 nt
809 3590 1018 3664 distinguatur,
1040 3585 1277 3648 rentiaiaccotioc
1382 3578 1383 3663 f

225 3668 340 3727 nomine
354 3671 498 3744 designari
512 3677 615 3745 posset.
632 3673 665 3732 llt
682 3672 758 3731 unde
773 3673 806 3731 fit
815 3679 847 3732 nt
856 3674 931 3733 inter
944 3679 986 3734 tot
999 3675 1077 3734 ideas
1092 3672 1197 3747 quibus
1210 3684 1276 3743 per·
1382 3698 1383 3717 κ

223 3755 309 3825 petuo
322 3766 503 3830 occupamur,
521 3755 631 3829 aliquae
646 3762 757 3816 tantum
771 3758 958 3832 retineantur,
975 3766 1088 3818 ceterae
1099 3757 1218 3817 omnino
1227 3769 1279 3812 va·
1382 3804 1383 3807 ,

224 3835 365 3896 noscant?
379 3835 448 3897 lum
462 3840 548 3899 etiam
563 3839 632 3913 quid
645 3842 682 3900 ad
696 3856 745 3900 eas
754 3842 928 3907 revocandas
942 3842 1099 3905 subvenit?
1114 3842 1148 3903 Ut
1162 3839 1280 3932 boanda
