2767 4492
364 353 437 426 rins
450 371 941 426 mauu-moneamurrnnnms
1116 357 1170 426 iti
1204 361 1209 372 '

136 461 184 556 qui
202 463 289 525 etiam
309 469 421 540 exstare
446 463 594 524 deberent.
611 461 757 548 Existendi
778 463 854 524 enim
873 463 1026 524 necessitas
1039 462 1094 523 lroc
1107 463 1169 539 ipso

135 550 209 626 quod
224 549 329 610 laceret
342 553 374 608 ut
387 549 506 624 quisque
521 542 604 627 esset,
620 547 727 606 taceret
741 547 827 606 etiam
851 553 883 606 ut
897 555 992 614 essent
1010 547 1121 624 reliqui.
1138 547 1170 608 ln

134 621 197 778 ippa'
209 633 295 710 igitur
309 633 460 696 existentia
474 634 620 710 cuiusque,
632 633 800 718 existentias
809 639 966 713 ceterorum
980 635 1103 694 conditio
1118 634 1170 694 im·

133 717 298 796 p‘caretur3
317 720 400 794 atque
424 719 487 778 ideo
507 717 682 800 singulorum
697 715 849 803 eristentia
866 733 924 777 non
938 725 1012 778 esset
1030 719 1167 779 absoluta.

133 798 228 887 Quare
238 803 300 866 iure
320 800 480 887 meritoque
498 801 683 863 Tertullianus
699 803 759 863 loco
774 804 972 878 supracitato:
993 826 1004 855 ι
1021 803 1108 880 lleus,
1124 803 1169 865 irt-

135 885 246 966 «puit,
260 891 284 970 si
299 906 357 950 non
372 887 445 962 unus
460 896 516 964 est,
533 906 589 949 non
604 895 655 953 est.
669 887 740 957 Ouia
749 887 863 967 dignius
877 888 1018 948 credimus
1027 904 1084 948 non
1095 905 1166 965 esse,

135 997 145 1025 o
165 975 362 1063 quodcumque
377 991 436 1034 non
450 967 595 1050 ita'luerit,
612 980 644 1034 ut
654 989 717 1033 esse
732 972 856 1032 debebit.
875 995 899 1031 ι.

167 1056 279 1135 Quarto,
295 1077 332 1120 ex
347 1055 482 1136 conceptu
496 1073 644 1135 supremae
659 1074 762 1118 causae
779 1059 809 1118 id
818 1074 916 1118 rursus
935 1058 1035 1118 elucet.
1046 1060 1117 1118 Nam
1131 1059 1168 1118 ad

129 1161 226 1210 rerum
242 1144 456 1212 universitatem
472 1143 649 1206 condendam
664 1150 749 1221 atque
764 1143 1018 1202 administrandam
1034 1144 1078 1203 rel
1093 1159 1167 1203 unus

130 1229 237 1308 suflicit
249 1229 337 1305 Deus,
354 1229 399 1314 rel
409 1225 539 1306 pluribus
553 1244 623 1304 opus
638 1233 689 1287 est.
707 1228 735 1288 Si
748 1229 851 1288 dicitur
862 1228 1003 1302 primum,
1020 1229 1106 1289 ceteri
1122 1246 1166 1290 su·

129 1313 298 1388 pervacanei
309 1317 393 1373 erunt
407 1319 435 1371 et
445 1311 568 1372 inutiles.
579 1311 653 1372 llihil
663 1321 759 1372 autem
769 1319 827 1372 tarn
841 1313 996 1380 absurdum
1005 1319 1065 1388 est,
1081 1329 1168 1388 quarn

129 1398 220 1477 [teum
233 1398 363 1464 inutilem
378 1397 565 1458 comminisci.
583 1398 632 1458 Sin
651 1399 780 1474 alterum,
796 1414 895 1458 eorum
909 1413 994 1458 nemo
1010 1398 1063 1458 erit
1076 1401 1166 1459 omni·

130 1489 239 1560 potens,
250 1498 315 1542 cum
325 1481 443 1560 qouque
455 1481 575 1542 aliorum
585 1498 670 1561 opera
682 1481 822 1558 indigeat,
838 1499 872 1542 ac
881 1483 999 1558 proinde
1008 1482 1103 1542 nullus
1113 1483 1167 1542 erIt

130 1567 217 1644 Deus,
228 1567 300 1642 Deus
311 1568 389 1628 enim
398 1565 557 1626 imbecillus
567 1573 596 1624 et
605 1567 746 1641 impotens
761 1572 871 1627 nonest
883 1563 967 1626 Ileus.
983 1565 1109 1642 denique
1123 1581 1167 1625 sc-

130 1651 233 1714 cedunt
252 1653 308 1711 huc
327 1667 481 1711 consensus
500 1655 529 1710 et
543 1651 695 1710 auctoritas
716 1651 876 1724 sapientum
889 1651 967 1710 omni
982 1659 1072 1711 aetate
1089 1667 1168 1726 prae·

129 1735 279 1811 stantium,
297 1752 417 1814 quorum
429 1731 589 1795 testimonia
602 1732 678 1812 apud
688 1735 833 1799 Petarium
841 1734 900 1810 legi
914 1741 1032 1811 possunt
1045 1735 1077 1794 in
1091 1735 1165 1806 loco,

129 1838 215 1920 quern
229 1821 511 1912 supralaudarimus.
656 1817 657 1824 ’

433 1988 680 2076 nopstootsmor
694 1990 859 2069 impetitio.

162 2161 222 2224 154.
241 2160 469 2237 Manichaeorum
492 2166 634 2240 systema,
656 2162 724 2238 quia
738 2161 794 2222 duo
808 2160 963 2248 principia,
983 2161 1103 2223 alterum
1118 2159 1166 2226 bo

122 2262 235 2321 norum,
252 2247 372 2326 atterum
381 2247 521 2324 malorum
535 2233 653 2322 inducit,
669 2247 775 2306 idcirco
785 2244 952 2307 duclismos
963 2250 1126 2309 nominatur
1141 2252 1167 2297 t.

122 2329 218 2406 Ipsum
240 2337 335 2393 autem
349 2327 454 2405 duplici
469 2329 648 2408 potissimum
663 2333 773 2404 ratione
787 2332 913 2392 reiicies:
932 2333 1071 2410 primum,
1089 2335 1164 2410 quod

122 2415 339 2490 repugnantiam
354 2412 416 2476 sibi
429 2415 570 2494 implicet,
589 2415 781 2504 deindeuquod
800 2418 902 2492 origini
920 2421 1060 2477 malorum
1075 2418 1165 2492 expli·

123 2501 230 2581 candae
240 2497 482 2581 accommodatum
490 2499 608 2561 minime
615 2499 661 2576 sit,
671 2505 756 2576 atque
762 2501 826 2562 ideo
834 2517 887 2561 nec
897 2503 947 2561 lini
957 2508 1071 2576 propter
1080 2516 1166 2574 quern

122 2586 277 2668 assumitur
291 2585 435 2667 inserviat.
795 2591 802 2605 ’

155 2671 244 2750 litque
260 2671 296 2730 ed
311 2664 436 2753 primunt
451 2671 526 2748 quod
540 2671 654 2748 attinet,
670 2672 845 2748 principium
859 2685 970 2751 suntme
990 2670 1098 2738 malurn
1112 2686 1164 2746 pu·

120 2753 273 2831 guantibus
288 2755 362 2832 inter
376 2749 406 2816 s'e
422 2748 609 2831 conceptibus
624 2751 781 2815 coalescere
791 2753 972 2831 perspicuum
987 2761 1038 2814 est.
1055 2755 1125 2814 llam
1140 2755 1165 2814 si

119 2841 284 2914 proprietati
304 2839 455 2904 verborum
470 2841 603 2898 standum
624 2845 684 2912 est,
705 2839 844 2897 eiusmodi
859 2838 1032 2913 principium
1052 2838 1165 2898 infinita

118 2921 254 2995 honitatis
269 2923 395 2983 carentia
409 2924 637 2982 constitueretur.
654 2921 768 2980 Infinita
780 2928 875 2982 autem
890 2923 1015 2982 carentia
1030 2921 1165 2983 honitatis

118 3005 276 3088 realitatem
290 3019 404 3063 ornnem
422 3005 548 3082 respuit,
569 3018 651 3064 secus
664 3005 777 3080 infinita
790 3022 848 3068 non
862 3013 944 3066 esset.
963 3007 1040 3076 Quod
1054 3023 1121 3068 vero
1135 3023 1163 3068 o

118 3104 216 3160 mrem
231 3088 388 3149 realitatem
398 3084 537 3164 excludit,
549 3087 623 3170 nihil
637 3095 698 3162 est3
711 3088 821 3164 sienim
832 3097 905 3151 esset
916 3092 1037 3168 aliquid,
1054 3093 1164 3151 realita-

118 3173 347 3248 teminvolreret,
357 3179 440 3248 etque
450 3174 513 3233 ideo
524 3172 635 3233 infinita
646 3172 785 3234 realitutis
794 3176 935 3236 vacuitate
945 3195 1002 3237 non
1010 3183 1160 3237 constaret.
1187 3171 1193 3186 ’

155 3257 270 3328 Quodsi
289 3257 459 3334 principium
474 3248 544 3318 illud
567 3274 625 3318 non
648 3257 765 3334 perinde
779 3260 888 3320 dicotur
903 3278 1016 3321 summe
1037 3261 1160 3334 malum,

117 3343 199 3426 quasi
214 3343 251 3404 sit
259 3343 371 3436 infinita
380 3341 514 3404 bonitatis
527 3342 645 3420 privatio
656 3346 726 3422 (quo
741 3360 827 3404 sensu
836 3343 922 3434 nimis
937 3345 1083 3406 euidenter
1092 3359 1159 3404 con·

161 3491 172 3536 l
194 3489 293 3538 Amarda
308 3489 361 3536 brae
376 3489 502 3554 hypothesis
517 3494 589 3537 ortum
605 3489 782 3554 rntiqniosinront
797 3491 874 3555 habuit
889 3492 948 3556 apud
964 3507 1040 3539 omnes
1050 3490 1096 3540 lero
1108 3505 1161 3553 pon-

115 3567 165 3614 utos
180 3568 287 3632 notiones,
304 3567 383 3614 olonna
398 3571 470 3615 ouum
486 3567 556 3630 riguit
570 3568 628 3632 opud
643 3569 725 3618 Persas.
742 3569 849 3632 Doinoops
866 3570 988 3617 inuuunt·
1002 3574 1036 3616 ost
1049 3585 1062 3615 ι
1076 3569 1162 3617 llanoto

114 3645 232 3692 bromos
247 3644 383 3709 philosophia
403 3645 495 3694 imbuto.
512 3644 610 3695 Tandem
620 3661 676 3694 noro
686 3652 792 3709 apparitu
802 3645 904 3695 roborato
919 3652 953 3694 ost
969 3663 982 3693 ι
996 3645 1070 3711 Baplo,
1082 3645 1119 3708 qui
1134 3645 1161 3692 il·

114 3718 158 3773 lun
174 3721 214 3768 stri
228 3736 243 3768 o
256 3722 337 3782 priori
350 3721 507 3770 consideratam
521 3721 637 3773 osorem
652 3721 722 3770 rideri
736 3720 840 3786 tronto,
857 3704 932 3786 duran
949 3739 965 3771 o
978 3723 1106 3786 poturion‘
1122 3722 1159 3768 in-

114 3801 210 3859 spectant
222 3797 377 3862 approbatione
390 3797 479 3862 dignam
494 3814 541 3846 osso
555 3797 674 3846 contendit.
688 3799 741 3848 Eius
751 3800 811 3862 oripo
825 3787 943 3862 repetenda
957 3806 989 3850 ort
1003 3815 1016 3845 ι
1030 3798 1104 3858 pitirto
1114 3803 1158 3844 tro·

115 3871 198 3942 duone
214 3874 319 3922 malornm
341 3873 479 3942 spirituum,
496 3879 518 3924 ot
532 3877 617 3952 peceati
634 3858 747 3940 oripintiia
762 3875 821 3958 prod
835 3874 969 3939 prindtirtnt
983 3873 1120 3924 harmoniam
1135 3872 1160 3920 in

114 3949 193 4030 reu
207 3949 284 4032 ru·
299 3950 441 4037 reuul-
456 3941 459 3949 ·
591 3945 596 3955 “
614 3935 617 3954 ’
