2767 4492
525 291 752 378 rrsmimsreun
766 326 913 377 memus

604 571 783 633 Puerosruro
802 573 845 632 iil.

359 829 484 890 Animus
497 835 652 904 soporatus
667 843 687 886 o
701 841 820 903 corpore
836 825 962 902 spetiosa·
977 825 1083 900 mouit

641 913 804 973 eoiatcetio.

217 1170 230 1216 i
238 1169 299 1230 ree.
314 1167 441 1243 nouique
463 1167 591 1227 animum
606 1165 768 1226 seiunctum
782 1181 800 1225 a
821 1180 938 1242 corpore
952 1177 1101 1240 nunquam
1119 1164 1245 1224 existen·

202 1255 243 1315 tia
256 1255 421 1314 destitutum
434 1253 471 1314 irl
485 1252 631 1313 evidenter
640 1250 829 1310 conuincitur.
842 1251 919 1310 Tunc
928 1251 1007 1309 enim
1020 1264 1078 1309 non
1088 1248 1170 1308 aliter
1183 1248 1244 1307 exi·

203 1341 334 1399 stentim
348 1339 478 1397 emittere
502 1343 604 1411 posset,
621 1337 677 1396 uisi
693 1336 873 1411 qnatenusin
886 1336 1009 1395 nihilum
1027 1334 1114 1394 alteo
1135 1333 1246 1406 redige·

202 1429 289 1483 retur.
309 1423 342 1482 itt
352 1437 417 1482 vero
433 1422 523 1480 Deum
537 1421 566 1479 id
581 1437 730 1496 nunquam
744 1436 807 1479 esse
822 1419 965 1479 iacturum
981 1423 1127 1494 comperta
1141 1423 1170 1476 et
1186 1432 1247 1476 ma·

202 1507 306 1566 niiests
320 1521 366 1565 res
384 1510 437 1564 est.
457 1505 531 1563 Deus
552 1505 629 1564 euim
644 1511 771 1564 servator
794 1510 914 1563 naturae
934 1507 986 1577 eet,
1007 1519 1064 1562 non
1083 1501 1244 1573 demetitur,

202 1605 305 1664 resque
319 1591 454 1664 singulas,
471 1595 554 1663 prout
568 1590 736 1648 earumdem
752 1588 876 1648 conditio
890 1588 953 1661 iert,
970 1588 1149 1647 administrat
1159 1590 1188 1646 et
1203 1601 1247 1644 re·

202 1675 252 1748 git.
273 1674 373 1746 Quare,
398 1688 465 1732 cum
479 1673 592 1732 animus
613 1673 788 1747 principium
802 1673 833 1730 in
852 1689 883 1732 ee
897 1673 1008 1731 nullum
1028 1670 1147 1743 habeat,
1170 1669 1248 1729 unde

202 1763 399 1831 corrumpatur
413 1763 441 1816 et
454 1756 573 1830 desinat,
590 1761 674 1830 atque
688 1757 752 1816 ideo
766 1757 960 1830 sempiternus
982 1770 1044 1816 esse
1059 1754 1197 1830 postulet,
1214 1753 1248 1812 ii

203 1841 263 1900 lum
277 1842 351 1900 Deus
367 1845 501 1916 perpetuo
518 1841 708 1900 conservabit.

239 1926 386 1984 Praeterea
400 1925 529 1984 animum
546 1924 571 1982 vi
586 1930 706 1984 naturae
729 1930 897 1999 perpetuam
920 1924 1099 1984 durationem
1112 1925 1142 1983 et
1156 1923 1246 1982 eitam

204 2007 318 2081 exigere
332 2007 489 2068 inculemer
512 2008 634 2066 ostendit
653 2009 801 2081 ingenitus
815 2008 862 2067 iile
877 2009 1036 2082 appetitus,
1062 2020 1119 2081 quo
1141 2007 1173 2066 in
1187 2007 1250 2065 exi-

206 2092 338 2150 stantiam
353 2092 439 2150 nuliis
464 2092 643 2150 terminatam
658 2092 799 2151 limitibus
814 2092 1063 2152 vehementissime
1077 2093 1175 2150 fertur.
1198 2090 1248 2148 So·

205 2175 250 2232 lus
259 2176 337 2233 enirn
347 2176 432 2234 homo
441 2175 515 2234 iuter
528 2175 623 2234 omniu
639 2176 797 2234 animantia
812 2177 840 2235 vi
850 2175 1052 2249 intettigentiae
1065 2175 1247 2234 durationem

206 2263 234 2317 et
249 2260 335 2318 vitam
350 2259 538 2334 apprehendit
552 2260 729 2318 immetetam
743 2275 778 2318 ac
787 2262 844 2319 tine
859 2275 974 2335 prorsus
989 2260 1152 2332 carituram,
1169 2273 1247 2318 eanr-

206 2359 262 2418 que
276 2345 317 2404 sic
327 2345 533 2419 apprehensam
545 2345 602 2403 acri
614 2347 793 2419 prosequitur
802 2345 956 2419 desiderio;
972 2359 1038 2404 cnm
1053 2349 1152 2403 contra
1164 2343 1250 2403 bruta

206 2428 385 2510 animantia,
410 2435 506 2503 utpote
525 2445 597 2503 quae
619 2429 763 2487 intellectu
786 2431 919 2488 destituta
940 2435 1006 2488 sunt
1029 2435 1057 2488 et
1078 2428 1137 2488 solo
1160 2440 1249 2487 sensu·

206 2512 357 2587 dueatur,
382 2515 471 2573 vitam
486 2528 542 2572 non
555 2513 716 2587 percipiant
733 2513 788 2571 nisi
804 2519 887 2587 prout
911 2513 959 2573 iric
973 2517 1002 2572 et
1015 2527 1116 2587 nuuc,
1136 2517 1169 2570 ut
1191 2511 1249 2570 dici

205 2597 285 2670 solet,
302 2598 442 2672 hahetur,
459 2603 543 2672 etque
559 2597 701 2671 praesenti
718 2602 842 2670 tempore
857 2597 1001 2656 definitur·
1017 2597 1183 2657 Huiusmodi
1198 2610 1249 2654 au·

207 2685 265 2740 tem
288 2682 460 2742 desiderium
480 2683 576 2740 animo
590 2683 717 2739 humano
737 2682 865 2740 naturaie
890 2687 948 2756 est3
974 2696 1040 2740 cum
1055 2681 1248 2740 necessarium

207 2764 280 2824 sitet
293 2771 435 2840 cenetens,
451 2771 535 2840 atque
551 2781 589 2825 ex
603 2765 702 2824 innate
716 2771 843 2840 emergat
857 2767 1026 2826 conditione.
1043 2765 1115 2840 Ergo
1125 2766 1248 2825 inditum

207 2848 249 2908 iiii
264 2863 282 2907 a
295 2850 351 2909 Deo
360 2855 420 2924 est;
438 2865 471 2910 ac
486 2856 634 2925 propterea
648 2851 749 2925 nequit
763 2865 825 2909 esse
840 2851 1048 2924 frustraneum,
1075 2851 1126 2909 sed
1140 2851 1248 2909 bonum

206 2932 321 3006 respicit
337 2935 414 3007 quod
431 2934 512 2993 iuxta
526 2934 656 2993 ordinem
670 2940 790 2993 naturae
805 2935 1013 3008 assequendum
1032 2948 1132 3007 reapse
1147 2934 1193 2993 sit.

244 3015 320 3081 Ques
335 3032 400 3076 enm
415 3019 455 3077 ite
469 3019 545 3092 sini,
572 3019 603 3077 in
618 3019 741 3078 nihilum
755 3018 847 3092 redigi
862 3018 975 3080 animus
994 3017 1083 3076 alteo
1107 3017 1250 3092 sapienter

208 3103 341 3172 operante
363 3101 482 3160 minime
505 3108 606 3176 potest.
632 3103 662 3162 ld
684 3103 762 3162 euim
778 3103 803 3162 si
818 3103 1029 3177 benefaceret,
1060 3101 1175 3160 sibimet
1187 3101 1250 3175 ipse

207 3183 352 3243 evidenter
366 3185 578 3246 contradiceret.
595 3188 666 3246 Num
681 3203 718 3247 ex
733 3203 792 3246 uua
806 3193 904 3262 parte,
921 3188 1019 3246 divina
1036 3186 1175 3261 sapientia
1189 3187 1250 3243 ani-

207 3267 249 3326 mi
263 3267 381 3328 humani
394 3271 610 3344 perpetuitatem
625 3273 759 3345 dictaret,
777 3272 918 3345 siquidem
928 3271 1064 3346 quioquid
1079 3275 1181 3330 natura
1195 3283 1250 3327 sua

208 3352 413 3426 sempiternum
427 3369 489 3412 esse
503 3355 602 3428 poscit,
616 3355 678 3414 eins
687 3356 862 3430 perpetuitas
871 3355 908 3414 ab
918 3355 981 3429 ipsa
989 3353 1088 3414 didus
1098 3352 1246 3428 sapientia,

208 3451 246 3494 ex
260 3451 316 3510 qua
330 3437 467 3496 naturalis
492 3439 560 3496 ordo
583 3446 724 3497 resumet
741 3439 892 3513 propensio
916 3440 1062 3512 dimanat,
1082 3439 1248 3512 imperatur.

209 3519 251 3576 Ex
266 3520 322 3579 alia
336 3537 412 3594 vero,
429 3521 452 3578 si
468 3521 582 3580 animus
596 3521 626 3578 in
641 3520 764 3579 nihilum
779 3523 962 3596 redigeretur,
978 3523 1041 3581 eius
1055 3522 1186 3580 interitus
1199 3534 1250 3577 ne·

211 3602 295 3659 iurati
309 3605 402 3662 ordini
412 3619 508 3662 rerum
522 3610 550 3661 et
564 3605 677 3666 divinae
693 3605 849 3677 sapientiae
863 3607 1036 3665 conveniens
1046 3619 1108 3664 esse
1123 3605 1247 3676 deberet,

210 3683 350 3756 siquidem
372 3689 510 3762 quidquid
525 3688 597 3747 Deus
612 3695 643 3746 ut
656 3695 776 3747 naturae
790 3695 888 3748 auctor
902 3692 961 3764 agit
976 3737 984 3765 ,
1015 3690 1045 3750 id
1068 3689 1183 3748 divinae
1206 3703 1249 3747 aa·

208 3767 333 3844 pientiae
354 3771 514 3832 natmaiem
527 3787 624 3833 rerum
639 3772 769 3833 ordinem
781 3773 900 3835 dictanti
919 3775 1027 3837 auctiva
1050 3779 1079 3835 et
1102 3776 1251 3835 consenta-
