2767 4492
522 374 729 441 pronuper
1109 352 1146 437 tt

138 457 186 520 ts.
204 457 276 532 Hinc
289 455 439 522 maniiestc
452 460 634 536 conseqrutu
647 477 705 523 non
718 474 800 542 porse
813 456 988 527 monento
1002 457 1145 533 tiudflodi

99 543 217 605 iudiciis
228 545 405 620 proferendis
414 560 518 616 enare,
528 544 583 606 nisi
594 561 651 606 una
660 546 751 606 extis
763 545 853 607 tribus
862 543 1069 622 hypothesibus
1079 544 1143 606 liat:

98 628 244 690 nimirum
262 631 307 690 uel
322 631 397 708 quod
412 631 474 705 ipsa
487 645 569 692 mens
582 629 683 692 uitiosa
702 630 739 690 sit
750 636 779 690 et
791 632 828 708 ad
846 645 974 693 errorem
992 629 1143 704 inclinata,

98 711 143 777 tel
153 717 237 790 quod
247 711 420 776 conscientia
429 721 477 774 aut
487 731 586 774 sensus
596 715 698 777 falsam
711 715 766 790 ipsi
773 716 985 792 perceptionem
994 713 1143 779 obiiciant.

95 801 129 860 lt
141 800 355 863 conscientiam
370 800 401 860 in
414 800 528 876 propria
542 800 722 876 perceptione
739 799 813 874 falli,
833 817 870 862 ne
883 801 940 878 ipsi
954 801 1069 877 pidem
1084 815 1144 861 sce·

94 885 169 960 ptici
184 901 290 944 revera
305 890 433 960 mentor,
446 885 495 959 qui
506 885 592 944 etiarn
602 900 668 949 cum
680 886 878 951 certitudinem
887 901 1004 948 omnem
1012 885 1146 960 ablegant

95 986 131 1030 ac
147 970 233 1032 solas
247 971 424 1044 apparentiae
438 970 605 1040 admittant,
627 970 820 1030 testimonium
840 971 940 1032 saitem
955 969 1145 1032 conscientiae
1177 1035 1183 1048 ,

93 1056 288 1130 apparentiae
305 1055 367 1114 illas
385 1055 533 1116 referentis
548 1056 705 1116 detrectare
722 1070 780 1114 non
793 1062 918 1129 possunt.
940 1057 1048 1118 Sensus
1061 1070 1143 1131 vero,

94 1141 192 1200 etiam
209 1155 276 1200 cum
289 1140 346 1200 sint
358 1140 412 1200 rite
426 1139 555 1214 dispositi
568 1145 702 1214 recteque
717 1139 838 1200 adhibiti
850 1142 928 1201 circa
943 1141 1054 1202 obiecta
1067 1139 1104 1200 ad
1114 1153 1147 1200 sc

92 1225 287 1300 pertinentia,
303 1225 394 1286 errori
407 1240 468 1284 esse
484 1224 626 1285 subiectos
638 1239 724 1284 nemo
737 1224 827 1293 dicet,
853 1225 909 1286 nisi
924 1226 950 1286 is
964 1227 1014 1300 oui
1027 1229 1146 1286 natirae

92 1311 253 1373 incassum
267 1309 433 1370 reluctando
442 1323 477 1370 ea
490 1307 614 1366 inficiari
627 1307 711 1382 velit,
726 1323 799 1383 qnae
808 1309 938 1368 maxima
946 1309 1147 1384 perspicuitate

92 1397 268 1454 notescunt.
285 1393 357 1460 Quid
367 1392 445 1450 enim
453 1391 545 1464 magis
554 1391 735 1464 perspicuum
749 1397 793 1450 est
806 1397 834 1451 et
846 1393 985 1452 maiorem
996 1393 1083 1450 iidem
1092 1391 1148 1454 sibi

92 1479 159 1554 ipsi
175 1478 301 1550 faciens,
319 1491 406 1551 quam
419 1475 448 1534 id
463 1475 538 1550 quod
551 1491 603 1536 nos
616 1475 740 1550 propriis
753 1476 885 1536 sensibus
900 1476 1088 1552 usurpamus?

136 1563 205 1632 Quo
222 1567 304 1636 pacto
319 1559 463 1620 idealistae
476 1560 565 1620 refelli
579 1560 702 1635 possint,
714 1562 897 1622 veracitatem
907 1576 1043 1622 sensuum
1057 1559 1149 1634 quoad

95 1647 209 1708 mundi
220 1645 347 1720 corporei
357 1646 536 1706 existemiam
547 1645 755 1720 impugnantes,
767 1647 799 1706 in
810 1646 985 1721 Cosmologia
995 1645 1153 1704 videndum

97 1733 170 1807 erit,
195 1731 387 1807 inpraesenti
405 1731 582 1790 considerare
599 1731 722 1791 sufficiat
740 1747 797 1791 non
817 1747 901 1805 posse
915 1731 1100 1791 veracitatem
1114 1729 1147 1790 il·

97 1819 160 1878 lam
175 1817 356 1895 impugnari,
369 1816 439 1894 quin
452 1816 514 1889 pari
524 1816 633 1876 ratione
641 1817 779 1878 veracitas
787 1815 910 1879 marum
919 1815 1087 1879 tactdtatum
1101 1831 1148 1889 pc·

97 1901 254 1962 riclitetur.
275 1902 332 1960 Hoc
346 1915 413 1960 saro
434 1901 459 1960 si
473 1901 567 1973 fieret,
583 1901 642 1960 iam
660 1901 745 1960 bomo
758 1917 816 1960 uon
830 1907 862 1960 ut
882 1917 934 1961 ens
946 1899 1077 1960 nnttualc
1095 1899 1146 1960 sed

96 1991 130 2045 ut
146 2003 203 2046 ens
217 1991 409 2047 mostruosurn
422 1991 451 2045 et
463 1987 674 2059 praeposterum
693 1991 881 2060 spectaretur,
898 1987 934 2045 de
951 2001 1009 2060 quo
1022 2000 1077 2044 nec
1089 1998 1143 2043 nos

97 2087 154 2131 neo
165 2071 326 2131 adversarii
339 2071 415 2145 loqui
431 2075 480 2129 aut
493 2071 648 2146 disceptare
658 2086 818 2146 passerum,
828 2085 897 2131 nam
905 2071 1044 2146 loquendo
1059 2075 1087 2129 et
1100 2069 1142 2128 di·

7 2227 13 2243 .
98 2157 262 2232 sceptando
279 2156 452 2214 laberemur.

138 2243 234 2316 Atque
248 2241 277 2299 id
291 2241 379 2300 multo
393 2239 483 2314 magis
497 2239 648 2302 dicendum
665 2245 752 2314 esset,
769 2242 794 2302 si
807 2240 901 2318 prima
917 2238 1083 2316 hppotliesis
1098 2253 1142 2298 se·

99 2326 230 2401 ligatur,
245 2341 346 2400 nempe
362 2325 436 2400 quod
446 2341 526 2386 mens
540 2326 602 2402 ipsa
620 2327 650 2386 in
665 2341 790 2387 errorem
813 2327 918 2389 nudat.
935 2326 965 2384 ld
980 2325 1058 2386 enirn
1072 2321 1143 2396 tingi

100 2411 222 2484 nequit,
239 2410 296 2469 uisi
309 2410 474 2470 universalis
492 2411 634 2472 tendentia
652 2411 687 2470 ad
702 2426 826 2472 errorem
841 2411 872 2470 in
889 2409 1005 2471 homine
1019 2407 1147 2466 adstrua-

107 2501 169 2569 tur;
183 2495 414 2570 quandoquidem
423 2511 504 2556 meos
513 2497 631 2558 facultas
639 2496 808 2558 universatis
817 2492 1007 2568 cognoscendi
1018 2495 1069 2564 est,
1082 2503 1148 2548 cum

100 2581 204 2640 omnia
222 2580 328 2640 iudicia
345 2581 509 2641 immediata
527 2581 662 2655 proterat,
687 2587 717 2640 et
732 2578 941 2640 ratiocinationi
959 2573 1102 2651 principia
1120 2578 1148 2636 et

100 2666 292 2726 fundamenta
306 2666 456 2725 ministret.
477 2666 567 2734 Quare
582 2667 645 2726 eius
663 2667 699 2724 ad
716 2666 820 2726 falsum
833 2663 1018 2724 inclinatione
1038 2660 1147 2720 adsuu-

101 2755 162 2825 cta,
179 2749 255 2811 nibil
273 2767 387 2825 prorsus
407 2749 542 2809 scientiae
557 2756 730 2824 superesset,
747 2754 831 2822 atque
844 2749 974 2808 homines
992 2761 1051 2806 non
1063 2745 1147 2806 modo

101 2833 197 2898 brutis
213 2837 264 2897 sed
278 2837 348 2912 ipsis
362 2835 505 2910 stipitibus
519 2835 668 2894 inferiores
677 2833 868 2893 efficerentur.

444 2973 606 3062 solamine
620 2997 817 3072 difficultates.

140 3173 189 3238 lb.
206 3171 286 3233 Licet
295 3169 493 3232 difficultatum
504 3167 644 3228 soluboin
654 3167 708 3228 hac
717 3169 837 3228 matam
845 3182 1017 3243 magnopere
1026 3168 1149 3243 pendeat

107 3277 145 3321 ex
159 3257 339 3321 distinctiora
353 3255 454 3316 notitia
467 3253 633 3313 tacidumm
654 3254 743 3315 animi
758 3254 848 3330 (quae
861 3269 908 3314 res
920 3254 952 3312 in
968 3253 1147 3330 Psycbologia

106 3344 304 3416 tractabitur),
317 3339 502 3402 nihilominus
511 3353 562 3414 pro
572 3339 694 3399 monum
703 3340 840 3400 exercitio
848 3339 999 3400 nonnullas
1012 3339 1145 3401 obiectio·

108 3441 159 3486 nes
173 3427 222 3486 liic
239 3429 361 3498 tangam,
377 3437 450 3498 quae
464 3421 546 3483 facile
560 3436 729 3496 responsum
739 3421 901 3481 admittunt.

143 3510 282 3571 0biicitur
291 3523 357 3582 ergo
366 3507 505 3583 primum:
516 3508 592 3568 liena
601 3507 728 3566 bumana
737 3505 876 3566 limitibus
891 3506 1145 3568 circumscribitur.

108 3593 178 3655 ilinc
193 3599 294 3668 suapte
307 3598 408 3652 natura
422 3593 548 3652 lallibilis
558 3597 600 3652 est
612 3599 697 3670 atque
711 3591 912 3652 imbecillitatis
926 3594 1019 3668 plena.
1037 3593 1107 3668 Ergo
1116 3594 1147 3652 in

111 3677 223 3740 iudiciis
238 3679 369 3738 omuibus
384 3677 506 3738 ferendis
521 3677 612 3752 decipi
626 3683 726 3754 potest.
739 3677 842 3737 Saltem
856 3677 886 3736 in
901 3677 1021 3754 singulis
1034 3677 1148 3739 casibus

112 3775 262 3832 possumus
278 3764 407 3824 dubitare
422 3768 517 3822 uuum
529 3767 595 3822 tuuc
609 3765 736 3838 praecise
751 3779 831 3822 mens
844 3763 966 3824 fallatur.

117 3846 121 3854 ‘
149 3847 309 3924 despondeo
323 3863 422 3908 revera
437 3863 498 3907 essa
510 3847 710 3908 imbecillitatis
719 3849 833 3922 plenam
847 3847 986 3908 obiectam
999 3849 1149 3910 difficulta-

118 3935 181 3996 tem.
198 3935 259 4000 Etsi
275 3934 353 3996 enim
367 3931 507 3996 limitibus
521 3931 636 3996 definita
653 3932 690 3996 sit
708 3948 790 3996 mens
802 3931 941 4008 hominu,
957 3939 1054 3996 umen
1066 3929 1149 3994 intel·
