2767 4492
212 333 246 400 lo
533 318 922 404 mrumsrmesmuriu

209 452 364 515 eorumque
378 441 517 501 sententia
531 440 692 502 lieoliemoe
708 442 879 500 nominatur.
899 441 953 501 llil
967 444 1066 502 conte
1079 435 1248 502 mundnme

208 539 305 583 rernm
319 524 499 584 existentiam
515 541 633 585 numero
648 527 817 600 auferentes,
835 527 864 584 in
879 525 950 586 ideis
962 531 1074 586 tantum
1084 527 1248 602 relinquen-

209 608 277 668 dum
291 616 434 684 putarunt
455 618 539 685 atque
553 613 654 670 luorum
669 611 796 686 opinatio
810 611 985 671 idealiemuo
1002 612 1114 672 dicitnr.
1140 629 1144 632 ·

244 694 430 755 liealistarum
444 696 550 771 duplex
567 702 610 756 est
624 711 724 770 genus.
741 697 866 755 Primum
882 703 926 758 est
940 713 1048 771 eorum,
1066 699 1115 772 qui
1132 703 1164 758 ut
1188 699 1250 758 Gar-

151 812 154 816 ·
209 778 297 838 tesius
310 780 512 854 etLeihnitius,
528 783 628 840 mnndi
643 782 825 842 existentiam
839 799 896 841 non
912 783 1056 857 iactoipso
1066 784 1249 858 etexperien·

209 862 257 937 tia,
274 865 323 922 sed
336 865 550 925 ratiocinatione
564 874 739 941 compertam
754 883 816 928 esse
830 869 995 941 voluerunt3
1013 869 1062 926 alii
1079 869 1183 942 ipsam,
1206 875 1250 928 ut·

207 955 272 1022 pote
286 951 451 1009 immediata
472 966 608 1010 sensuum
630 953 773 1011 evidentia
791 962 962 1028 perceptam,
979 955 1010 1012 in
1024 955 1176 1013 veritatum
1197 971 1247 1013 ex-

207 1035 435 1109 perimentalium
451 1052 578 1111 numero,
592 1043 737 1111 tamquam
751 1053 812 1096 rem
827 1055 877 1112 per
891 1053 922 1097 se
937 1044 1043 1110 notam,
1060 1038 1247 1098 collocarunt.

246 1122 372 1180 Vicissim
387 1121 526 1181 idealismi
540 1123 647 1197 duplex
656 1123 742 1182 etiam
752 1137 842 1197 genus
853 1129 904 1183 est:
918 1125 1054 1199 autperti
1064 1131 1091 1183 et
1102 1132 1249 1184 traseceo-

208 1207 341 1266 deotolie.
358 1207 406 1267 lile
419 1205 519 1266 mundi
533 1215 615 1267 extra
628 1224 681 1266 nos
695 1209 876 1267 existentiam
886 1215 980 1283 negat,
992 1209 1111 1284 eiusque
1122 1208 1245 1269 idealem

209 1298 318 1351 tantum
341 1293 371 1352 in
393 1293 474 1353 nobie
492 1286 783 1367 repraesentationem
803 1295 910 1366 statuit
932 1300 961 1352 at
985 1294 1073 1353 animi
1099 1294 1250 1368 cogitantis

207 1378 366 1437 realitatem
379 1393 437 1437 non
452 1378 622 1452 aggreditur:
639 1378 686 1437 lric
697 1379 792 1452 ipsum
801 1379 888 1437 etiam
896 1379 1056 1438 subiectum
1070 1381 1195 1454 cogitans
1205 1379 1249 1438 in-

208 1466 251 1521 ter
265 1465 461 1537 phaenomena
474 1471 503 1522 et
512 1479 601 1522 vanas
615 1464 796 1538 apparentiae
810 1464 912 1523 reiicit.
929 1465 1055 1524 Priorem
1069 1465 1250 1524 idealismum

209 1547 327 1621 professi
336 1555 403 1607 eunt
411 1554 520 1608 veteres
529 1547 654 1622 sceptici,
664 1549 714 1622 qui
723 1548 864 1608 mundum
873 1549 1127 1609 exterioremiuter
1135 1551 1250 1624 tigmen-

209 1639 238 1692 ta
252 1634 339 1692 animi
355 1639 383 1692 et
397 1634 497 1692 inanes
510 1632 649 1706 imagines
660 1633 867 1706 emendarunt,
885 1640 936 1692 aut
950 1634 1052 1693 saltem
1066 1635 1173 1694 realem
1189 1635 1250 1694 eui-

209 1719 342 1778 stentiam
356 1734 503 1792 corporum
519 1712 595 1777 c'erto
607 1718 674 1777 sciri
687 1733 745 1778 non
761 1733 841 1792 posse
863 1719 1038 1778 tradiderunt
1053 1723 1077 1778 l.
1094 1721 1172 1780 lianc
1186 1736 1250 1780 sen·

209 1804 326 1863 tentiam
340 1803 509 1862 instauravit
522 1803 665 1878 Berkeley3
683 1803 733 1877 qui
749 1819 867 1877 corpora
881 1804 912 1863 in
923 1805 1072 1886 sensilium
1081 1806 1251 1880 qualitatum

209 1889 360 1962 complexu
382 1904 530 1963 reponens,
555 1894 640 1962 atque
658 1889 711 1947 iras
725 1888 802 1963 ipsas
826 1905 894 1948 cum
908 1891 1119 1950 sensationitus
1133 1892 1250 1950 conlun-

209 1972 288 2047 dens,
301 1989 418 2048 corpora
431 1973 462 2031 iu
475 1973 547 2033 ideis
557 1977 668 2032 tantum
682 1989 745 2032 esse
756 1974 910 2050 contendit;
927 1983 1076 2050 propterea
1094 1978 1171 2051 quod
1186 1993 1248 2036 sen-

252 2258 264 2304 l
282 2256 336 2305 Vide
350 2259 436 2306 Sextum
454 2259 588 2322 Empirioum
602 2260 720 2308 leem
734 2261 833 2321 Lopieoa.
852 2259 962 2308 idealismi
983 2261 1080 2324 permina
1099 2265 1187 2308 mature
1209 2259 1251 2308 ad-

205 2333 294 2380 modum
308 2349 333 2380 ex
347 2334 450 2382 innovata
470 2335 607 2399 philosophia
628 2336 773 2400 pullularant.
797 2338 850 2384 Nam
872 2338 980 2383 Garteeine
995 2345 1016 2384 et
1031 2335 1125 2384 Loeiius
1140 2337 1250 2400 principio

206 2409 245 2456 illo
265 2401 323 2473 qnod
343 2410 484 2459 adstruxero:
500 2426 542 2460 eos
556 2414 660 2460 mantea
674 2427 723 2460 noo
738 2415 851 2472 ettiupere
866 2415 915 2460 nisi
930 2417 1022 2461 ooalres
1048 2414 1250 2474 modificationes,

205 2486 353 2533 sondilleelrio
367 2493 490 2534 amarmunt
500 2489 566 2551 vien,
578 2490 616 2550 qui
627 2489 714 2535 docuit:
726 2503 825 2549 corpora
839 2489 915 2550 quoad
930 2503 972 2537 etos
987 2491 1059 2536 eliud
1068 2503 1117 2536 eoo
1126 2503 1173 2537 esse
1183 2491 1251 2550 qaid·

205 2574 276 2620 quaest
294 2565 343 2610 etet
363 2567 520 2612 semitonum
534 2566 658 2624 eoeperies.
674 2565 796 2611 leibnitius
813 2566 913 2612 notitiam
928 2565 1005 2612 mundi
1020 2566 1117 2627 corporei
1132 2581 1158 2612 ex
1173 2565 1251 2612 evolu-

206 2637 266 2683 tione
279 2639 365 2685 rirtntis
380 2640 493 2686 emusdem
505 2643 725 2701 repraesentatione,
741 2657 796 2704 quaa
811 2641 835 2687 in
850 2641 912 2688 nobis
929 2657 941 2687 a
956 2642 1023 2704 priori
1039 2647 1061 2688 et
1075 2641 1252 2703 independenter

206 2714 235 2760 ab
249 2714 338 2762 obiectis
352 2717 503 2780 explicaretur,
519 2718 657 2781 repetendam
672 2718 741 2764 duxit.
758 2720 785 2764 lt
798 2717 885 2780 longine
900 2733 965 2780 quam
979 2719 1045 2764 ceteri
1060 2718 1165 2780 processit
1180 2716 1250 2764 iiaio-

205 2789 310 2855 ieraneise,
324 2792 362 2854 qni
376 2799 450 2855 aperte
463 2795 613 2857 pronuntiarit
627 2810 741 2857 corporum
756 2795 891 2840 seutentiam
907 2809 951 2840 nen
966 2794 1009 2840 nisi
1024 2794 1063 2839 Dei
1078 2793 1194 2841 revelantis
1210 2808 1250 2838 aa·

206 2868 304 2914 ctoritate
318 2868 381 2915 nobis
396 2875 502 2934 constare,
518 2886 542 2917 ac
557 2877 670 2934 propterea
684 2869 711 2916 e'd
729 2870 849 2916 naturalem
862 2870 1008 2932 cognitionem
1023 2869 1080 2932 quod
1096 2869 1181 2930 attinet,
1199 2883 1243 2914 non

205 2943 270 2990 modo
283 2944 421 2993 vehementer
435 2945 527 2993 arduum
542 2964 588 2994 esee
602 2952 624 2994 at
638 2945 784 3008 periculorum
798 2945 896 3009 pienum,
909 2945 947 2992 sed
962 2947 1022 2992 cerni
1037 2945 1110 2992 animo
1123 2945 1188 3008 piane
1203 2959 1248 2990 non

206 3035 270 3082 posse
289 3021 363 3068 sintne
382 3037 479 3085 corpora.
497 3024 548 3070 iiius
563 3024 615 3069 haec
630 3027 682 3069 aunt
695 3021 777 3070 verba:
797 3043 805 3064 ι
823 3023 915 3068 Nonnisi
937 3022 1021 3068 duobus
1041 3021 1110 3066 modis
1126 3021 1183 3066 Dens
1198 3019 1250 3065 ani-

212 3115 221 3137 ·
240 3111 300 3142 mum
315 3096 442 3161 alloquitur,
458 3100 572 3161 ipsumque
585 3097 613 3145 ad
627 3097 760 3145 credendum
775 3097 854 3159 adigit:
871 3097 980 3145 evidentia
995 3101 1017 3143 et
1030 3095 1080 3143 lide.
1098 3095 1203 3159 Equidem
1217 3111 1251 3142 as-

211 3189 220 3214 ·
238 3174 321 3220 sentior
335 3173 401 3220 idem
416 3190 491 3235 cogere
505 3175 533 3220 ad
546 3175 678 3221 medendam
693 3179 765 3221 entare
780 3189 881 3237 corpora,
898 3173 936 3220 ead
954 3173 982 3220 ad
998 3173 1130 3221 evidentiam
1145 3172 1202 3234 qnod
1218 3175 1251 3216 at·

209 3267 219 3290 ι
238 3249 305 3313 tinet,
322 3249 370 3313 ipsa
383 3250 437 3295 mihi
452 3250 492 3296 itae
507 3252 530 3296 in
545 3267 569 3297 re
584 3267 627 3297 non
643 3254 727 3312 integra
741 3250 826 3297 videtur
834 3286 841 3314 ,
857 3265 925 3312 eaque
939 3264 984 3295 non
999 3250 1026 3295 ad
1041 3249 1101 3295 alind
1117 3247 1249 3295 ineluctabi-

209 3344 219 3367 ι
236 3324 287 3371 liter
302 3326 416 3372 sciendum
429 3325 575 3388 adducimur,
592 3329 635 3374 nisi
650 3328 719 3374 teum
732 3327 872 3390 animamque
895 3333 1001 3373 nostrum.
1018 3326 1098 3371 Verum
1114 3324 1202 3387 quidem
1217 3327 1251 3368 cst

209 3422 219 3445 ι
238 3417 277 3448 nos
291 3403 437 3465 propensione
451 3402 617 3464 murmurent,
633 3409 658 3448 ut
672 3419 775 3466 corpora,
791 3420 845 3465 qaino
861 3419 900 3450 noe
915 3405 1068 3466 circumstant,
1085 3408 1167 3448 exstare
1181 3405 1247 3462 pate-
1296 3451 1300 3459 ,

210 3496 218 3519 ι
237 3493 293 3524 mas.
310 3479 354 3538 Epo
369 3477 392 3522 id
407 3478 501 3524 artesio
516 3477 578 3524 iaciie
593 3477 680 3542 largior.
698 3479 738 3524 Sed
753 3479 805 3526 haec
819 3479 944 3542 propensio,
962 3485 1076 3541 utrumque
1091 3477 1196 3523 naturalia
1211 3475 1248 3538 eit,

210 3573 218 3597 ι
237 3569 277 3599 nos
293 3570 337 3600 nen
351 3555 460 3601 evidentia
475 3556 540 3618 cogit,
557 3555 594 3601 sesi
609 3555 752 3617 impressione
768 3560 852 3601 mntem
868 3555 967 3601 inclinet.
984 3555 1030 3601 iem
1044 3571 1095 3601 uero
1110 3571 1149 3600 nos
1164 3555 1188 3599 in
1204 3567 1247 3598 no-

210 3648 219 3672 ι
239 3629 289 3675 stris
303 3629 389 3676 indiciis
404 3630 479 3677 liboris
494 3646 538 3676 non
552 3628 612 3676 aliud
628 3630 690 3693 aequi
705 3630 807 3676 debemus
820 3665 826 3694 ,
843 3631 885 3676 nisi
899 3631 974 3676 lumen
989 3637 1011 3677 et
1025 3631 1158 3678 evidentiam
1166 3646 1173 3693 3
1191 3627 1250 3674 acsi

212 3725 222 3746 ι
241 3705 327 3766 qnando
341 3707 495 3753 committimus
509 3712 534 3752 nt
547 3707 661 3770 impressio
675 3707 785 3753 sensibilis
799 3723 839 3752 nos
854 3707 926 3772 ducat,
937 3705 982 3754 iere
997 3721 1082 3771 semper
1096 3721 1249 3754 erramus...

213 3800 222 3825 ι
241 3779 338 3828 Proiecto
354 3781 417 3830 itae·
431 3788 463 3830 est
476 3783 605 3846 dumtaxat,
622 3799 677 3846 qnae
691 3783 765 3829 animo
780 3783 908 3831 convincere
922 3787 993 3847 petest
1006 3797 1096 3846 corpora
1109 3788 1181 3829 extare
1200 3795 1252 3828 rea-

214 3877 224 3901 ·
242 3873 282 3922 poe
297 3863 338 3904 ete.
358 3877 368 3900 ι
385 3861 419 3906 De
433 3861 458 3907 to
474 3861 600 3907 neemia
614 3859 642 3910 de
657 3861 683 3911 le
701 3861 774 3912 Vertat
789 3865 806 3908 t.
822 3861 853 3919 i,
868 3859 985 3910 eolmreias.
1002 3860 1025 3907 d.
1044 3858 1099 3906 Vide
1116 3858 1184 3908 etiam
1201 3861 1219 3905 t.
1235 3855 1251 3905 a

211 3935 594 4004 mariammes.
