2767 4492
262 307 312 390 tat·
697 323 859 386 macter

262 423 325 504 tur,
342 421 373 488 ut
392 422 456 488 eam
471 421 583 487 'scivere
598 423 682 484 etiam
699 440 765 484 cnm
783 423 909 500 periculo
923 425 999 486 ritae
1020 419 1070 485 dot
1087 423 1204 487 atteiius
1225 439 1299 503 prae

150 517 155 525 '
263 515 378 591 grandis
393 515 459 573 bont
475 509 583 575 iactura
598 511 819 584 adstringantur.
837 511 1003 570 Contractus
1015 527 1091 586 asro,
1108 529 1176 571 cnm
1191 520 1301 590 propter

263 603 370 662 bonnm
386 601 532 672 utriusque
553 599 640 674 partis
656 597 722 656 iniri
742 598 843 670 soleat;
865 598 965 672 nequit
983 600 1093 658 tantum
1109 599 1215 658 trabere
1230 601 1296 675 vim,

264 695 296 749 nt
310 704 375 763 pars
397 688 545 758 atterutro,
571 700 607 742 ne
623 684 711 758 pactis
725 683 815 757 desit,
832 683 934 743 debeat
952 690 1071 744 mortem
1088 692 1237 759 oppetere,
1253 695 1299 746 aut
1369 716 1370 753 3

265 789 402 847 magnum
417 769 493 830 alind
512 767 619 829 malum
635 766 790 828 incurrere.
808 767 973 828 Praesertim
995 769 1024 827 id
1039 769 1192 829 dicendum
1207 778 1260 843 est,
1275 774 1302 833 si
1369 770 1370 775 ’

266 877 304 921 ex
316 875 371 918 non
392 855 572 917 observantia
587 853 659 930 pacti
675 854 786 913 nuiiom
800 855 830 913 in
848 847 955 929 partem
969 855 1087 913 atteram
1102 856 1299 918 detrimentum

214 1003 216 1008 ,
265 945 421 1014 redundet,
440 949 488 1000 aut
503 942 641 999 damnum
657 940 692 999 sit
706 941 775 1000 adeo
790 940 943 1014 exiguum,
961 947 992 999 ut
1005 942 1149 1000 contemni
1164 942 1208 1000 vei
1222 943 1302 1004 tacite

265 1028 453 1103 redintegrari
465 1029 560 1103 possit.
574 1028 717 1099 Attamen,
736 1031 766 1084 ut
780 1031 908 1100 apparet,
923 1027 953 1085 id
963 1026 1129 1100 neutiquam
1143 1027 1263 1101 valeret,
1276 1031 1302 1089 si

267 1109 1244 1189 oiiiciopraetermittendosatnspubiicareisecuritasdetrimentnm
1255 1129 1303 1172 ca·
1369 1146 1370 1171 1

265 1207 361 1276 peret;
378 1197 423 1257 vel
433 1199 456 1256 si
471 1203 632 1256 contractus
646 1204 721 1256 esset
730 1197 885 1269 eiusmodi,
898 1203 929 1255 nt
943 1197 1043 1271 quovis
1057 1199 1182 1270 nemenio
1191 1215 1305 1259 serram
1369 1194 1370 1209 ³

265 1285 318 1344 iius
333 1291 422 1357 esset,
440 1281 526 1356 idoite
539 1285 567 1340 itt
584 1283 713 1358 pactione
727 1282 789 1356 ipsa
804 1289 949 1356 tamqnam
962 1282 1085 1342 conditio
1100 1283 1305 1344 rationabiliter

265 1366 376 1434 inclusa
396 1363 604 1428 stibaotii'tetnr.
625 1369 702 1427 irinc
721 1370 799 1426 enim
813 1366 939 1426 oitieiom
958 1368 1085 1443 pericuto
1099 1370 1187 1428 'etiam
1205 1371 1305 1430 mortis

265 1449 439 1519 ieddendttiri
456 1463 542 1526 esset;
555 1449 621 1528 quia
637 1455 742 1512 donum
759 1466 910 1512 commune
920 1455 1144 1528 praeponderare
1158 1455 1242 1514 debet
1254 1456 1305 1516 bo
1369 1484 1370 1487 ¹

266 1537 303 1604 iro
319 1537 416 1618 partis,
436 1539 505 1600 tides
521 1535 615 1601 irritem
634 1541 701 1598 data
719 1539 836 1599 omnino
850 1539 1041 1600 remandaret
1056 1540 1206 1618 eidemque
1220 1541 1305 1604 homo

267 1623 329 1694 tine
340 1627 444 1690 scetere
457 1624 554 1688 deesse
569 1624 676 1702 nequit.

601 1805 735 1897 itam
759 1780 979 1900 sannaoon
1069 1845 1073 1852 ’

523 2043 562 2091 DE
578 2043 703 2092 orrtctts
716 2043 842 2092 enatato
856 2045 936 2093 ERGA
949 2046 1042 2093 DEUH.

304 2215 475 2291 Principium
487 2217 646 2276 universate
655 2231 781 2276 morum:
793 2217 927 2276 ordinent
936 2232 1030 2291 servo,
1041 2217 1152 2278 actibus
1162 2220 1306 2296 humanis,

267 2300 351 2378 prout
361 2302 447 2360 Deum
465 2302 628 2375 respiciunt,
640 2303 811 2377 appticatum
823 2301 1017 2377 otiiciagignit
1027 2301 1131 2378 quibos
1146 2305 1311 2379 homoerga

267 2392 410 2448 'summunt
427 2387 503 2446 irnnc
519 2403 614 2446 rerum
629 2389 764 2462 Opittcem
776 2390 944 2447 devincitur.
957 2390 1035 2448 iubet
1045 2390 1122 2448 enim
1132 2396 1165 2449 nt
1175 2391 1310 2451 eamdem

267 2473 485 2547 dependentium
503 2489 520 2530 a
535 2473 589 2534 Deo
605 2475 715 2553 actitrns
731 2475 827 2533 tibetis
842 2475 1039 2549 profiteamur,
1056 2488 1128 2549 qnae
1142 2491 1243 2550 reapse
1258 2477 1311 2535 ha·
1369 2510 1370 2513 =

267 2557 350 2618 betur
365 2559 392 2616 vi
408 2563 538 2630 naturae,
558 2576 612 2617 uon
629 2559 706 2617 enim
717 2560 798 2618 nitier
813 2560 880 2618 ordo
893 2553 1056 2632 prociratnr
1069 2567 1098 2620 et
1112 2561 1267 2619 custoditur
1278 2562 1313 2621 in

266 2644 419 2714 aoinntate,
433 2643 489 2701 nisi
503 2643 564 2702 eins
574 2644 752 2718 operationes
764 2656 857 2702 rerum
873 2649 991 2704 naturae
1006 2651 1034 2704 et
1043 2646 1227 2705 rotationibus
1242 2663 1313 2707 con·

269 2727 435 2789 formentur.
453 2729 591 2798 Quoniam
605 2743 672 2787 aero
687 2729 733 2787 tris
744 2729 846 2788 otttctts
860 2745 927 2804 erga
940 2731 1027 2790 Deum
1039 2727 1182 2790 servandis
1197 2747 1315 2792 norttm
1369 2702 1371 2789 i

268 2815 477 2890 quodammodo
493 2831 557 2872 anm
578 2828 711 2889 suprema
730 2831 815 2873 cansa
831 2816 975 2875 sitientum
990 2816 1315 2893 inimusreiationibns
1369 2866 1370 2893 ,

269 2901 405 2960 nimirum
422 2899 577 2959 moratihns
592 2901 791 2974 constitntnm3
808 2901 874 2959 irinc
889 2902 1054 2962 corumdem
1064 2900 1238 2977 compienne,
1261 2910 1316 2963 ant

269 2986 354 3046 etiarn
370 2988 468 3057 virtus,
485 3001 557 3056 otiare
569 2986 646 3043 adea
655 2985 800 3061 implenda
811 3002 862 3045 nos
872 2987 1003 3063 inclinat,
1015 2987 1115 3060 religio
1127 2987 1316 3063 arettpaacto

268 3073 413 3138 nominata
428 3077 479 3134 est.
501 3069 538 3134 iio
554 3071 607 3134 trec
621 3072 716 3148 itaquo
734 3071 838 3148 triptici
853 3071 972 3136 articulo
987 3073 1170 3136 disseramus.

687 3245 855 3310 dnrrouans
870 3249 890 3309 i.

359 3415 395 3480 Dc
410 3415 548 3496 redipioaa
563 3419 735 3499 pcrtcrottm,
754 3427 780 3478 ct
797 3418 983 3496 potissimum
995 3429 1086 3503 proti-t
1107 3422 1220 3486 cotton

642 3503 758 3583 respicit
771 3503 933 3570 ittttrnttm.

303 3681 347 3742 80.
364 3681 479 3754 ttettpto,
499 3673 533 3739 de
548 3695 603 3755 qna
620 3679 665 3738 iric
676 3680 795 3755 agimus,
812 3681 964 3741 ootttroiis
977 3681 1151 3755 nominatur,
1163 3687 1331 3758 propterea

270 3769 343 3846 qttod
355 3757 458 3840 niticin,
472 3765 575 3840 qrriirua
595 3767 852 3843 comprehenditur,
867 3780 921 3826 non
938 3783 955 3827 a
969 3767 1153 3828 revetationis
1168 3783 1247 3842 penu
1272 3767 1331 3824 de-

270 3853 382 3926 promit,
400 3853 449 3910 sed
464 3869 481 3910 o
496 3853 668 3927 praescripto
685 3853 802 3911 rationis
816 3853 938 3912 naturali
957 3858 1066 3912 tantum
1092 3851 1201 3911 lumine
1227 3851 1330 3911 cotin-

269 3941 381 3999 stratae.
398 3937 458 3998 iam
474 3951 538 3997 tero
553 3953 637 4000 nemo
661 3953 720 4000 non
735 3939 811 4001 ridet
824 3953 889 4001 eam
912 3940 1074 4003 maximum
1097 3932 1159 4001 'esse
1173 3937 1252 4000 iuris
1270 3953 1330 3999 na-
