2767 4492
257 249 294 312 ll
568 297 573 319 ,
720 259 846 303 nooman

254 346 414 421 experiare.
427 342 455 402 Si
465 341 581 400 demum
590 340 681 399 mavis
695 339 922 413 aequivalentem
931 337 1129 410 subalternae3
1147 337 1304 396 eumenid

253 431 341 490 solius
360 427 526 502 quantitatis
547 425 715 498 exquiratur
735 424 871 494 mutatio,
890 437 1031 497 praepone
1048 422 1219 496 particulam
1239 437 1301 479 reon

254 529 321 573 cum
343 512 391 570 toti
410 509 595 584 propositioni
616 515 677 566 turn
699 509 787 566 etiam
803 507 932 580 copulae.
956 505 1001 564 Sic
1024 505 1102 564 enim
1126 506 1176 563 liet
1196 509 1228 562 ut
1243 504 1304 563 sola

256 597 402 670 quantitas
421 595 603 664 immutetur,
620 597 652 650 ut
673 592 791 665 paulum
813 589 969 648 attendenti
988 594 1076 662 patet.
1093 590 1164 647 Nam
1177 589 1203 647 si
1215 588 1303 646 hunus

254 678 469 755 propositionis:
485 676 587 734 nutius
608 676 693 732 torno
711 683 752 733 est
765 675 896 749 sopiens,
920 678 981 730 tum
995 672 1124 731 subiecto
1139 681 1200 730 tum
1214 687 1301 745 copu-

255 766 299 822 lae
318 763 460 838 praefigas
479 759 649 834 particulam
663 775 732 831 raon,
749 759 824 817 hanc
838 757 993 816 oonilahis:
1009 773 1071 814 non
1091 757 1194 814 notius
1213 757 1301 814 tanto

255 849 319 920 (hoc
333 852 376 905 est
390 845 494 917 aliquis
511 845 605 916 homo)
620 859 682 901 reon
692 851 732 900 ert
741 843 858 917 sopiens
866 861 876 914 ,·
885 857 958 914 quae
973 840 1138 899 subalterna
1148 843 1192 898 est
1201 839 1301 913 priori.

289 931 363 988 liaeo
385 927 563 988 dialecticam
579 932 751 984 structuram
766 926 935 1000 respiciunt3
953 939 1021 982 nam
1035 924 1071 982 ad
1093 938 1210 982 sensum
1226 923 1302 996 qnod

253 1015 365 1085 attinet
379 1011 602 1086 aequipollentes
616 1009 802 1068 nominantur
814 1008 1022 1084 propositiones
1043 1007 1128 1080 illae,
1144 1022 1218 1080 quae
1233 1006 1303 1066 licet

254 1094 374 1158 dirersis
387 1097 483 1156 verbis
497 1097 629 1156 eamdem
643 1095 761 1155 omnino
774 1094 946 1154 sentemiem
959 1092 1108 1152 exhibent.

610 1253 947 1360 onenr'rnnrmn

441 1516 488 1562 nn
513 1479 760 1562 annnorionn
781 1510 945 1567 elusone
968 1507 1106 1556 sionis.

680 1675 883 1732 larissensi.

293 1843 369 1912 (lntd
382 1842 564 1902 deductionis
574 1851 673 1900 actum
690 1843 857 1915 constitu-ot,
875 1851 941 1900 tunc
959 1843 994 1900 dc
1009 1841 1267 1917 orporacntoliooc

560 1941 593 1984 oc
606 1925 640 1984 rlc
655 1934 809 1985 structura
822 1927 1002 2000 Syliopisrni.

291 2096 335 2153 tl.
354 2097 386 2155 Ut
400 2097 458 2153 iem
473 2095 553 2154 initio
569 2096 697 2169 exposui,
709 2111 744 2154 ea
758 2096 892 2170 operatio,
906 2111 1051 2169 quomens
1061 2112 1099 2154 en
1109 2111 1167 2153 una
1182 2095 1301 2154 veritate

256 2185 322 2238 nota
336 2181 373 2238 ali
388 2180 504 2238 alterius
526 2180 638 2252 ignotae
653 2180 784 2238 notitiam
799 2181 900 2253 pergit,
917 2180 1049 2238 deductio
1063 2180 1108 2236 vel
1123 2179 1302 2237 ratiocinatio

255 2263 421 2336 appellatur,
438 2279 510 2338 quae
526 2265 643 2338 proinde
659 2264 794 2323 definitur
808 2265 926 2321 alullio
941 2265 981 2321 ita
991 2268 1023 2322 ut
1037 2263 1162 2321 sitrecte
1178 2279 1255 2337 quoe
1266 2279 1301 2321 cc

255 2347 340 2404 rubus
353 2349 491 2422 perceptis
507 2349 546 2406 ac
560 2348 592 2406 id
607 2347 687 2422 quod
700 2365 760 2406 nort
778 2347 994 2421 percipiebatur
1009 2348 1131 2405 oddttmt
1146 2351 1171 2404 t.
1195 2347 1254 2414 Qua
1271 2347 1302 2404 in

253 2445 284 2488 ro
299 2431 355 2491 duo
370 2433 567 2506 exquiruntur,
585 2432 691 2490 iudicia
708 2432 846 2489 nimirum
860 2432 956 2504 aliqua
970 2437 1125 2490 etmntuus
1135 2431 1300 2489 eorumdem

252 2529 354 2573 nexus.
373 2517 480 2575 liuticio
493 2516 608 2589 quidem
623 2531 738 2575 necesso
754 2521 829 2586 sient,
848 2515 953 2589 quippe
968 2531 1034 2573 cnm
1049 2531 1131 2573 mens
1146 2515 1301 2574 indicando

255 2599 405 2656 veritatem
420 2601 559 2672 complete
577 2605 761 2673 assequatun
785 2615 974 2672 nannetem,
991 2599 1059 2673 quia
1079 2600 1180 2673 nequit
1193 2615 1230 2658 ex
1243 2614 1302 2658 uno

255 2681 361 2740 iudicio
377 2683 453 2740 aliud
469 2683 569 2742 inferri
581 2729 588 2755 ,
604 2685 660 2741 nisi
677 2685 730 2742 noc
744 2684 785 2742 ita
799 2683 842 2743 illi
856 2683 1027 2757 implicitum
1041 2689 1070 2742 ot
1085 2683 1225 2742 innexum
1239 2697 1302 2741 esse

255 2765 394 2838 videatur
412 2771 443 2823 nt
458 2767 563 2826 veritas
577 2768 663 2826 unius
679 2769 741 2826 sine
756 2767 873 2826 alterius
887 2768 1006 2826 veritate
1021 2773 1151 2827 constare
1164 2783 1223 2827 non
1237 2783 1301 2841 pos·

254 2849 301 2910 sit.
318 2851 413 2922 Secns,
431 2851 454 2908 si
471 2865 563 2908 nexus
579 2851 626 2909 hic
640 2852 836 2924 desideratur,
853 2852 965 2910 etiamsi
979 2851 1061 2926 plura
1075 2851 1246 2909 obiiciantur
1260 2851 1302 2909 iu·

253 2935 338 3008 dicia,
355 2950 515 3009 numquam
537 2941 633 2996 mmen
654 2951 736 2994 mens
750 2952 787 2994 ex
811 2952 867 2994 uno
888 2937 1010 2994 alterum
1032 2936 1183 2995 derivabit.
1200 2936 1302 3003 Quam·

254 3035 341 3098 quam
356 3019 443 3092 igitur
457 3019 565 3078 indicia
579 3020 758 3093 postulantur
772 3020 855 3094 quasi
869 3020 991 3078 materia
1004 3019 1080 3078 unde
1096 3025 1205 3078 constet
1218 3019 1302 3077 ratio

254 3103 374 3176 cinali03
392 3103 421 3160 id
438 3109 532 3162 tamen
548 3104 623 3178 qnod
644 3104 758 3178 proprie
780 3104 855 3162 lianc
870 3103 1030 3176 constituit,
1048 3118 1099 3162 seu
1113 3104 1177 3178 ipsa
1189 3102 1303 3161 ratioci-

254 3188 377 3246 nationis
393 3189 493 3260 lornm,
505 3203 579 3261 quae
594 3193 659 3246 actu
668 3189 811 3249 inferendi
822 3190 993 3262 continetur,
1006 3190 1037 3249 in
1047 3190 1199 3249 intuitione
1207 3203 1302 3247 nexus

254 3269 328 3327 inter
342 3285 433 3328 unum
445 3271 579 3344 aliudque
594 3271 734 3331 iudicium
749 3273 951 3332 intercedentis
964 3275 1053 3332 situm
1066 3279 1119 3333 est.
1131 3275 1219 3346 litque
1230 3272 1303 3332 haec

254 3354 462 3412 consecutionis
477 3355 680 3429 perspicientia
699 3355 846 3427 illudam,
863 3357 937 3430 quod
956 3358 1135 3417 ratiocinatio
1153 3371 1233 3415 mero
1255 3372 1303 3415 sn·

253 3435 386 3510 perennia
400 3437 515 3496 indicio.
533 3439 624 3508 Quare
639 3445 671 3497 ut
685 3439 826 3498 indicium
835 3456 874 3498 ex
889 3441 1001 3500 duabus
1014 3441 1087 3500 ideis
1101 3443 1177 3501 inter
1191 3457 1221 3500 se
1235 3456 1303 3500 ron·

255 3518 397 3591 terendis,
414 3521 455 3578 sio
470 3522 651 3580 ratiocinium
667 3539 706 3581 ex
719 3523 842 3582 duorum
855 3524 900 3583 rel
913 3525 1042 3598 plurium
1055 3526 1227 3585 indiciorum
1240 3539 1303 3583 mu-

256 3605 304 3660 tua
321 3603 534 3675 comparatione
549 3606 676 3665 resultat.

300 3781 311 3826 a
330 3779 400 3828 Aaou.
418 3782 434 3829 ι.
451 3782 475 3846 2,
491 3799 510 3830 e.
527 3785 550 3829 s.
