2767 4492
275 404 334 475 202
719 416 881 469 mannum

236 551 241 560 .
275 510 381 581 rentes,
396 506 500 567 liberos
513 507 543 564 et
555 505 687 578 iamuloe,
704 506 924 579 societatemque
938 497 1126 576 coniugalem,
1138 500 1286 577 patermm
1295 502 1321 559 et

276 591 394 651 herilem
410 591 623 665 complectatur.
639 592 724 650 Porro
740 590 860 649 societas
874 588 972 647 herilis
986 588 1110 647 describi
1125 588 1239 662 poterit:
1259 602 1321 645 eon·

277 676 390 735 abactio
408 675 566 735 domicum
584 675 664 733 inter
683 684 710 734 ot
730 673 884 748 famulum
902 670 981 731 irrito
999 673 1165 731 commouit
1183 672 1321 731 utilitatis

277 760 389 836 grotta.
400 760 461 819 Non
470 760 555 819 modo
564 760 643 818 enim
652 775 690 819 ex
705 764 852 819 contractu
867 756 1003 832 procedit,
1016 758 1146 831 quoqnis
1159 762 1241 830 pacta
1253 770 1322 814 mer·

277 843 347 903 cede
362 843 478 903 servitio
493 844 612 905 alterins
626 860 657 903 se
671 844 791 917 addicit,
803 856 903 901 verum
913 842 1001 901 etiam
1009 840 1198 901 domationem
1208 840 1325 899 involvit

277 929 408 989 utilitatis
421 928 583 988 communis
592 928 732 1001 lautitiae,
745 944 818 1002 quae
833 942 891 985 non
905 927 989 985 modo
1005 920 1034 985 ln
1054 926 1213 998 dominum,
1231 927 1281 983 scd
1295 925 1324 983 iu

279 1027 394 1072 servum
413 1012 500 1072 etiam
514 1014 675 1073 redundare
688 1014 781 1071 debet.
799 1013 902 1075 Servus
916 1012 995 1071 enirn
1009 1010 1072 1084 elsi,
1089 1017 1173 1084 prout
1192 1010 1256 1068 talis
1274 1015 1324 1081 est,

277 1112 336 1157 non
353 1098 479 1171 seipsum
494 1098 544 1157 sed
559 1098 667 1158 domini
683 1096 835 1155 utilitatem
850 1101 972 1171 spectet;
984 1100 1080 1153 tomen
1094 1111 1151 1154 non
1165 1094 1327 1155 idcircobo

277 1182 366 1241 minis
381 1188 410 1241 et
423 1197 562 1255 personae
576 1181 744 1253 dignitatem
759 1181 872 1254 amittit,
882 1195 970 1255 quam
985 1196 1002 1237 a
1015 1196 1046 1239 sc
1061 1179 1195 1239 abdicare
1208 1179 1327 1238 minime

276 1270 377 1341 potest.
391 1266 483 1335 Quare
494 1266 561 1325 linis
571 1267 710 1325 rationem
721 1266 746 1325 is
760 1267 848 1325 etiarn
862 1264 983 1324 retineat
992 1280 1063 1339 opus
1075 1270 1127 1337 est,
1136 1263 1166 1323 ui
1180 1263 1264 1323 euius
1274 1280 1328 1323 non

277 1350 361 1410 modo
376 1351 408 1409 in
421 1350 553 1425 aliorum,
570 1352 620 1411 sed
634 1351 665 1411 in
679 1366 763 1411 suam
778 1366 892 1425 quoquc
910 1350 1063 1411 utilitatem
1081 1354 1225 1423 operatur.
1243 1351 1328 1423 litque

279 1434 348 1494 hine
366 1450 467 1494 norma
487 1436 657 1510 desumitur,
679 1452 737 1510 qua
757 1436 911 1495 famulatus
932 1434 1108 1494 conditiones
1130 1435 1329 1507 temperandae

257 1522 262 1533 “
282 1528 357 1594 sunt,
373 1536 411 1579 ne
425 1521 462 1579 ab
477 1520 624 1579 honestate
639 1520 783 1581 deliciunt.
941 1572 942 1577 ,

319 1605 380 1665 ill.
399 1604 522 1663 socians
535 1604 634 1663 herilis
648 1621 707 1682 uon
722 1605 834 1680 proprie
845 1620 882 1663 ex
897 1605 977 1665 iussn
991 1610 1112 1665 naturae
1126 1604 1269 1679 originem
1284 1604 1331 1662 ba·

283 1688 341 1763 bet,
352 1688 403 1748 sed
415 1704 453 1747 ex
462 1687 640 1748 institutione
654 1690 790 1748 idumaea.
803 1690 985 1763 linitiplicato
999 1690 1077 1749 enim
1088 1690 1239 1749 hominum
1250 1704 1332 1763 gene

282 1790 324 1848 re,
341 1779 370 1833 et
384 1774 447 1833 inre
460 1774 641 1849 proprietatis
655 1791 672 1833 a
686 1775 807 1849 singuiis
823 1775 971 1849 acquisito,
989 1775 1177 1849 inaequalitas
1197 1775 1332 1837 conditio·

281 1856 329 1917 nis
343 1864 443 1917 exorta
457 1868 500 1917 est
510 1858 546 1917 ob
556 1858 686 1919 fortunae
696 1861 773 1919 uices
783 1866 811 1919 et
821 1860 963 1919 diversam
974 1860 1151 1933 singulorum
1162 1860 1332 1919 industriam

284 1942 331 2001 uel
350 1942 563 2027 parsimoniam.
580 1944 651 2002 ilinc
671 1960 710 2002 ex
729 1958 787 2002 nna
808 1950 887 2018 parto
902 1944 1105 2003 nonnullorum
1125 1944 1333 2017 opulentiam

284 2026 341 2086 alia
355 2026 560 2102 nonnullorum
574 2034 684 2101 egestas
700 2028 829 2101 emersit,
846 2034 930 2101 atum
945 2028 984 2087 ita
1001 2029 1108 2087 iactum
1127 2032 1171 2087 est
1185 2032 1217 2086 ut
1231 2028 1273 2086 illi
1289 2028 1334 2085 bo

283 2126 349 2171 rum
364 2126 459 2185 opera,
472 2111 502 2170 bi
517 2110 630 2171 iliorum
646 2113 773 2174 subsidio
788 2119 817 2171 et
831 2113 934 2187 opibus
942 2113 1127 2186 indiguerint.
1137 2112 1242 2187 Sponte
1251 2112 1335 2186 igitur

287 2212 339 2256 oua
353 2196 466 2269 utrique
477 2198 514 2255 ad
528 2198 756 2257 conveniendum
767 2198 841 2257 inter
850 2214 881 2257 se
890 2198 1004 2257 adducti
1019 2202 1086 2257 sunl
1096 2213 1130 2257 ae
1140 2196 1335 2271 stipulandum

288 2286 320 2339 nt
335 2280 402 2339 bine
417 2281 453 2339 nd
464 2281 581 2341 alterius
590 2282 818 2341 emolumentum
832 2282 982 2343 servitium
992 2282 1185 2355 exhiberetur,
1195 2280 1277 2341 illine
1290 2296 1336 2355 pro

241 2363 244 2365 ’
286 2364 418 2423 mercede
432 2366 576 2439 admenta,
593 2368 725 2440 pecunia,
740 2372 832 2426 vestes
842 2372 927 2440 alque
941 2366 987 2425 his
1002 2366 1108 2425 similia
1122 2364 1337 2439 suppeditaren-

292 2454 347 2506 tur.
369 2450 461 2517 Qnare
480 2450 634 2509 famulatus
652 2452 706 2510 rite
726 2452 905 2511 institutnsa
923 2452 986 2510 iure
1004 2451 1120 2525 quidem
1141 2455 1264 2508 naturae
1284 2466 1338 2509 non

286 2534 472 2609 praecipitur,
484 2550 551 2593 cnm
565 2535 601 2593 ad
617 2536 704 2594 finem
720 2541 839 2596 naturae
853 2536 999 2595 rationalis
1014 2535 1194 2594 necessarius
1208 2535 1338 2594 absolute

286 2634 343 2677 non
360 2619 410 2691 sit3
427 2618 476 2676 sed
491 2618 547 2677 iuri
562 2626 682 2679 naturae
697 2634 754 2679 non
769 2622 945 2695 adversatur,
962 2636 1029 2679 cnm
1045 2620 1168 2679 cundem
1179 2620 1273 2678 linem
1284 2635 1337 2678 nou

287 2702 451 2775 imminuat,
472 2709 501 2760 et
514 2704 642 2762 medium
656 2705 810 2765 honestum
825 2706 967 2768 contineat
981 2706 1056 2765 vitae
1071 2704 1242 2777 indigentiis
1250 2706 1340 2779 opitu·

286 2786 376 2845 laudi.
392 2787 483 2845 immo
497 2792 606 2847 remote
620 2804 657 2846 ex
671 2789 734 2863 ipsa
755 2796 859 2849 natura
877 2791 1016 2864 originem
1036 2788 1141 2848 babere
1156 2789 1215 2848 dici
1237 2796 1337 2863 potest,

287 2876 429 2945 quatenns
439 2885 477 2929 ex
487 2871 536 2930 illa
549 2872 596 2932 ins
611 2874 720 2933 stabilis
735 2876 914 2949 proprietatis
929 2875 1058 2949 emergit,
1075 2880 1104 2934 et
1117 2874 1273 2934 diversitas
1284 2880 1341 2933 tnm

288 2953 397 3029 ingenii
412 2961 474 3013 tum
484 2958 652 3030 prudentiae
664 2965 725 3017 tum
739 2965 899 3020 ceterarum
912 2960 1027 3035 virium,
1044 2960 1149 3035 quibus
1163 2960 1301 3019 homines
1310 2960 1341 3019 ai·

288 3055 325 3101 re
336 3038 431 3114 quoad
446 3055 550 3114 corpus
564 3042 624 3102 sive
640 3044 733 3117 quoad
747 3045 877 3105 animum
890 3045 1077 3106 multifariam
1094 3045 1293 3104 instruuntur.

320 3124 399 3184 Unde
413 3124 446 3183 in
459 3124 569 3185 bonurn
583 3143 641 3186 non
657 3128 750 3188 solnm
765 3129 874 3189 domini
889 3130 938 3189 sed
954 3130 1257 3204 etinaipsiuslamuli
1273 3130 1343 3189 iteri·

287 3206 325 3271 lis
340 3209 461 3271 societas
475 3211 624 3286 redundat,
642 3213 731 3273 immo
746 3213 775 3271 in
791 3213 1017 3273 emolumentum
1035 3215 1120 3274 totins
1134 3214 1285 3274 societatis
1295 3214 1342 3271 bn·

288 3308 402 3354 manae.
419 3294 492 3353 ilinc
508 3296 586 3354 eninr
600 3296 734 3371 allicitur,
753 3304 783 3356 ut
798 3298 847 3357 aiii
862 3298 1010 3358 vilioribus
1027 3304 1112 3373 atque
1130 3300 1344 3374 operosioribus

292 3378 420 3439 familiae
433 3380 603 3439 muneribus
616 3380 729 3441 liberati
744 3383 850 3442 artium
859 3389 887 3444 ot
896 3384 1070 3443 scentiarum
1081 3384 1184 3459 studio,
1197 3386 1278 3458 quod
1292 3392 1346 3443 tan·

237 3472 241 3479 “
294 3469 392 3537 topera
412 3465 525 3538 generis
545 3464 664 3524 hnmani
683 3467 809 3541 interest,
832 3484 933 3528 vacare
951 3468 1074 3543 possint3
1096 3473 1195 3529 contra
1218 3469 1281 3543 aiii,
1301 3468 1347 3543 qni

291 3548 396 3624 opibus
410 3553 439 3607 el
454 3548 571 3624 ingenio
589 3555 697 3620 carent,
713 3551 825 3611 felicius
841 3553 894 3611 sub
916 3554 1003 3613 tutela
1024 3562 1052 3613 et
1070 3554 1219 3628 opulentia
1238 3553 1349 3614 domini
1382 3548 1383 3551 ’

295 3636 384 3696 vitam
399 3641 493 3709 agant.
996 3660 1005 3667 ·

330 3720 439 3795 Optime
453 3721 482 3778 in
494 3737 555 3781 rem
565 3722 640 3782 banc
654 3724 795 3799 quadrant
809 3740 882 3799 qnae
898 3723 1048 3787 Rosminns
1059 3726 1189 3787 disserit:
1211 3752 1223 3783 ι
1247 3730 1347 3791 Ariste

297 3824 309 3859 ι
327 3802 382 3863 tele
397 3802 671 3882 delinisceiiaerv03
689 3809 1074 3872 unanimatoinstrnmenlo.
1086 3812 1346 3887 Eglidclriarodu

292 3909 304 3947 ι
321 3888 439 3961 qualora
453 3904 511 3948 nna
524 3892 582 3950 tale
591 3894 699 3967 quatita
716 3897 790 3956 iosos
805 3896 833 3955 la
843 3898 903 3977 ¹sola
917 3899 970 3957 ebe
984 3897 1098 3957 vennae
1112 3898 1307 3961 considerata
1323 3900 1346 3958 io

293 3984 365 4046 ,aun
380 3984 476 4049 tomo,
493 3977 674 4051 malcomo
688 3980 810 4043 sarebbe
823 3982 987 4061 ingloriato·
998 3984 1043 4046 lto
1053 3983 1166 4047 l’uomo
1176 3988 1241 4065 pub
1256 3996 1346 4051 esan
