2767 4492
485 357 728 407 manuacense
827 397 832 407 .
1080 335 1131 410 lle

81 444 338 506 noriaresarcieudi
362 443 581 504 adminiculum.
599 445 726 504 lamucro
740 443 1000 506 rnomnrbnshrsce
1010 444 1133 521 arcibus

82 531 251 604 quassabilt,
267 531 394 589 duellum
425 530 557 589 absurdis
570 536 797 604 superstructum
820 530 909 591 luisse
922 533 1072 646 principiis
1085 547 1136 592 ne·

84 607 436 692 ΜΜΜΜΜΜ.
572 659 576 666 .

113 701 232 761 Exordio
255 703 333 761 enirn
344 702 478 761 delectu
469 701 541 761 ruris
556 705 584 760 el
598 699 848 760 demonstrationis
863 701 961 776 legalis
975 702 1132 777 nitebatur,

82 801 113 844 ac
126 785 244 846 stultitia
264 786 454 846 barbarorum
471 786 596 860 propria,
613 785 664 860 qui
678 786 737 844 um
752 786 855 845 rationi
870 787 1067 846 sustituebant.

115 869 192 944 llpud
207 872 326 946 equites,
339 877 456 946 praeter
475 871 577 929 uitium
592 871 688 944 legum
703 876 732 929 et
746 870 903 945 regiminis,
920 885 993 945 quae
1019 885 1076 930 non
1091 886 1134 930 sa·

83 952 117 1012 tls
129 954 308 1015 innocentiae
333 955 530 1028 consulebant,
548 955 578 1013 in
594 955 794 1029 superstitione
817 956 967 1030 fundatum
987 961 1057 1029 erat,
1076 970 1134 1030 qua

82 1039 163 1097 rudes
177 1040 308 1100 homines
326 1045 354 1099 et
368 1039 502 1114 imperiti,
527 1045 682 1113 utcumque
706 1055 825 1098 auorum
839 1030 1132 1114 nobilitate'gloriosi,

84 1122 271 1196 opinabantur
289 1125 380 1184 Deum
399 1123 558 1198 prodigiose
573 1121 743 1184 concurrere
757 1130 789 1182 ut
806 1140 873 1199 pars
886 1125 936 1186 illa
946 1125 1132 1199 praevaleret,

88 1223 136 1280 pro
151 1224 207 1282 qne
217 1209 325 1268 institia
339 1214 367 1267 et
383 1209 486 1268 recitas
500 1208 644 1268 militaret.

117 1293 241 1367 lienique
254 1293 278 1352 si
294 1295 328 1352 de
344 1299 435 1352 aetate
451 1293 554 1352 ultima
568 1294 736 1368 loquamur,
754 1294 961 1368 praeiudicium
975 1293 1029 1353 boc
1043 1293 1137 1354 mulli·

87 1377 176 1435 modis
193 1383 298 1450 peccat.
321 1379 456 1452 Primum,
474 1378 542 1453 quia
561 1379 685 1438 uindicta
706 1381 816 1454 privata
835 1380 945 1439 nemini
965 1378 1041 1438 licet.
1066 1381 1138 1440 Nam

85 1475 174 1533 poena
185 1461 277 1535 indigi
292 1462 495 1522 debellatione
511 1463 628 1536 ordinis,
649 1464 701 1538 qni
715 1479 779 1522 eam
795 1465 910 1538 exigat3
932 1470 1017 1538 atque
1030 1465 1137 1524 idcirco

86 1545 129 1603 ius
144 1545 222 1603 illam
233 1547 366 1604 sumendi
381 1547 494 1607 nonnisi
504 1548 633 1620 publicae
645 1549 806 1607 auctoritati
817 1549 961 1623 competit,
975 1548 1057 1608 cuins
1067 1563 1132 1624 pro·

86 1629 179 1702 prium
193 1635 237 1688 est
250 1631 344 1690 ordini
358 1635 386 1689 et
400 1631 507 1689 inrium
524 1631 626 1691 tutelae
637 1633 808 1706 prospicere.
824 1633 931 1691 Deinde
946 1633 1059 1692 etiamsi
1075 1633 1138 1692 uin-

86 1713 160 1772 dicta
177 1713 284 1787 flagitio
310 1719 440 1787 vacaret3
468 1720 563 1774 manen
579 1715 724 1789 singulare
752 1727 898 1774 certamen
914 1716 1041 1776 medium
1064 1722 1139 1776 esset

86 1797 297 1872 ineptissimum
313 1799 349 1858 ad
367 1813 432 1858 eam
446 1798 654 1873 obtinendam3
680 1805 765 1874 atque
780 1800 821 1858 ita
834 1800 948 1859 tertiam
970 1801 1056 1859 ctiam
1074 1816 1140 1874 par·

88 1887 143 1942 em
158 1883 322 1943 assertionis
338 1890 451 1942 nostrae
466 1883 661 1942 demonstrare
677 1884 856 1944 inchoamus.

121 1969 155 2026 lit
169 1983 238 2027 sane
253 1968 378 2027 vindicta
391 1967 689 2042 includitcouceptum
705 1984 822 2043 poenae,
838 1974 867 2028 et
880 1969 926 2028 ius
941 1969 1029 2029 unius
1048 1971 1138 2045 partis

89 2069 174 2127 supra
187 2053 283 2112 aliam.
294 2053 327 2111 lt
340 2051 467 2111 duellum
480 2052 509 2111 vi
519 2069 587 2111 suae
602 2060 720 2111 naturae
736 2059 829 2127 partes
841 2055 941 2113 ambas
951 2055 1138 2128 confligentes

89 2138 255 2212 aequiparat
268 2139 344 2196 inter
357 2153 398 2210 se,
416 2141 445 2196 et
459 2152 525 2196 carn
544 2139 636 2211 quoad
653 2139 765 2196 exitum
779 2139 861 2196 ualde
876 2140 998 2213 pendeat
1011 2155 1048 2198 ex
1059 2141 1141 2200 robo-

89 2238 120 2281 re
135 2228 164 2280 el
177 2223 345 2280 dexteritate
356 2221 553 2300 pugnantium,
570 2221 697 2280 maxime
708 2237 775 2280 uero
785 2238 823 2280 ex
837 2225 960 2297 fortuna,
973 2239 1064 2298 aeque
1074 2239 1140 2299 pro·

88 2304 185 2363 babile
203 2306 272 2364 lacit
286 2310 317 2363 nt
332 2304 420 2362 victor
438 2310 530 2363 exsut
557 2320 622 2364 reus
637 2311 687 2364 aut
707 2305 854 2365 innocens.
878 2307 957 2374 Quod
979 2308 1005 2366 si
1025 2307 1092 2382 lric,
1109 2312 1141 2367 nt

90 2402 176 2461 saepe
190 2387 342 2460 intercidit,
360 2387 536 2462 succumbat,
553 2389 667 2447 videant
682 2389 768 2448 buius
782 2389 925 2448 barbarici
936 2391 1023 2449 moris
1033 2398 1140 2451 amato·

89 2488 238 2548 nosquam
248 2474 362 2548 egregio
377 2478 492 2532 uantur
507 2473 662 2531 ulciscendi
677 2475 789 2532 medio!
811 2475 866 2533 llcc
881 2475 978 2531 minus
992 2474 1077 2533 labile
1097 2482 1141 2535 eat

91 2563 293 2632 argumentum
307 2558 428 2616 alterurn
443 2558 477 2616 dc
492 2557 598 2616 bonore
605 2557 796 2617 resarciendo.
807 2557 877 2616 llam
886 2557 975 2615 istaec
983 2557 1056 2616 ratio
1067 2559 1143 2631 apud

92 2643 267 2717 equestrium
282 2643 378 2718 legum
393 2642 536 2702 consultos
550 2643 603 2702 hoc
619 2643 804 2700 laudamento
826 2639 978 2698 nitebatur:
1004 2640 1144 2699 lucerent

90 2744 268 2803 supremam
283 2744 339 2788 esse
355 2729 464 2788 bonum
479 2728 619 2801 bominis,
642 2729 723 2802 quod
736 2726 836 2785 ceteris
860 2725 1006 2799 multae,
1021 2741 1058 2783 ue
1081 2726 1145 2784 vito

91 2812 214 2886 quidem
229 2821 354 2887 eccepto,
370 2813 514 2888 praeponi
533 2811 640 2870 debent.
663 2813 766 2868 Verum
781 2810 810 2868 id
825 2825 881 2866 nou
898 2825 955 2867 uno
970 2808 1084 2868 vacillat
1107 2826 1145 2870 cx

93 2896 196 2968 capite.
214 2896 339 2953 Primum
361 2896 440 2954 enlm
455 2894 512 2953 dici
527 2909 642 2967 prorsus
666 2894 765 2966 nequit
779 2906 946 2966 supremum
969 2894 1076 2952 bouum
1095 2895 1145 2954 ho·

92 2979 182 3038 minis
197 2994 260 3038 esse
276 2981 421 3038 bonorem.
439 2979 508 3038 Nam
533 2983 623 3037 bonor
637 2979 817 3037 extrinsecus
841 2978 987 3037 bonnnem
1001 2979 1100 3052 arbeit,
1116 2984 1145 3040 et

93 3064 258 3124 duellorum
272 3064 404 3138 opinione
419 3064 534 3123 residet.
558 3063 649 3131 Quare
673 3062 736 3121 siue
759 3063 846 3136 culpa
866 3063 959 3122 minui
984 3071 1033 3123 aul
1057 3066 1145 3123 etiam

94 3151 188 3208 amitti
205 3155 314 3223 potest,
339 3148 415 3223 quod
430 3163 499 3206 sane
515 3147 756 3222 praestantissimo
772 3149 912 3206 bonomm
930 3155 1078 3223 repugnat.
1096 3149 1146 3207 Su·

95 3249 230 3308 premam
245 3234 333 3308 igitar
348 3234 455 3292 bonurn
472 3233 619 3293 bominis
612 3249 643 3292 ιιι
658 3234 712 3291 bac
728 3233 793 3306 uita,
813 3241 846 3291 ut
860 3234 1032 3307 supradixi,
1049 3239 1092 3292 est
1102 3249 1147 3292 or·

95 3321 134 3378 do
153 3319 268 3378 moralis
282 3334 316 3378 ac
332 3319 439 3393 rirtns3
456 3319 503 3378 cui
518 3325 621 3391 cetera,
638 3334 674 3377 ue
690 3318 922 3391 honorequidem
933 3327 1063 3392 excepto,
1075 3323 1150 3391 post

98 3405 171 3479 poni
186 3404 300 3463 debent.
317 3403 422 3463 Deinde
438 3405 549 3463 etiamsi
564 3405 654 3462 bonor
670 3403 830 3461 maximum
846 3412 920 3461 esset
935 3402 1042 3461 bonum
1058 3403 1150 3463 horni-

93 3491 143 3548 nis
158 3536 166 3562 ,
183 3495 278 3548 tamen
296 3487 348 3548 boc
364 3484 483 3562 intelligi
500 3494 640 3564 oporteret
654 3489 689 3546 de
705 3487 812 3545 bonore
826 3485 952 3560 genuino
966 3490 996 3544 et
1009 3502 1086 3546 uero.
1103 3488 1153 3546 ie·

67 3626 71 3632 .
93 3588 147 3631 rus
158 3580 254 3632 autem
270 3573 361 3632 honor
374 3573 422 3630 ille
433 3581 485 3646 est,
497 3575 546 3647 qui
561 3574 591 3632 iu
607 3572 728 3631 subiecti
747 3570 918 3645 perfectione
938 3570 1082 3644 fundatur,
1108 3567 1145 3630 ab

94 3658 190 3730 lisque
205 3658 339 3717 tribuitur
355 3657 405 3730 qui
420 3657 472 3716 rite
488 3661 551 3716 eam
567 3661 717 3716 aestimare
726 3662 854 3730 possunt.
866 3654 940 3714 llaec
954 3655 1011 3714 duo
1020 3656 1051 3714 iu
1063 3657 1150 3715 lrono·

94 3754 139 3813 re,
157 3742 206 3814 qui
222 3758 273 3815 pen
287 3743 415 3823 ducllum
431 3743 597 3817 acquiritur,
614 3743 732 3802 omnino
747 3741 860 3799 desunt.
880 3737 987 3813 Ecquid
1009 3739 1087 3798 enim
1111 3740 1151 3800 ri·

96 3825 191 3890 cloria
205 3826 343 3899 singulari
358 3829 515 3888 ceramina
529 3827 689 3902 conquisita
704 3824 860 3900 patefecit?
880 3823 1064 3883 Fortunatam
1082 3825 1151 3885 luis
1252 3845 1257 3854 ’

100 3925 135 3976 tte
151 3923 229 3986 eum,
246 3911 296 3984 qni
308 3911 388 3988 vicit,
404 3923 454 3976 aut
469 3914 611 3980 suenum
624 3911 745 3985 uiribus,
761 3916 812 3997 out
824 3908 857 3972 in
870 3908 996 3995 equesm
1009 3915 1069 3970 orte
1079 3911 1153 3996 peris
