2767 4492
246 242 300 304 tat
686 252 848 303 eoeneum

248 365 261 392 α
276 341 353 414 genii
368 340 413 399 vel
427 340 499 415 patri
510 340 594 415 panio
603 339 761 399 carioribus
771 341 919 399 succenset
936 340 959 397 l.
975 336 1151 406 »onareetsi
1162 336 1191 397 in
1201 331 1293 397 veteri

247 432 414 484 testamento
428 427 464 483 ad
480 426 590 483 saletam
607 426 741 499 ptrpnlum
754 424 999 497 multiplicandum
1013 420 1201 495 pluralitatem
1220 438 1293 481 uxo-

246 526 322 582 rum,
333 511 490 585 utpoteinri
502 518 619 568 naturae
630 524 687 567 non
702 512 813 583 penitas
823 517 1040 583 repugnantem,
1050 507 1291 579 [teusindnlseric

249 600 343 653 mmen
358 601 454 668 utpote
464 596 565 653 rationi
576 610 633 653 non
643 594 712 653 satis
723 595 907 656 coritorrnem.
918 593 946 651 in
960 610 1031 651 noto
1041 594 1124 667 plane
1137 591 1292 669 probibuit:

247 680 427 754 potissimum
442 682 510 753 quia
525 696 574 754 per
589 680 679 751 legem
696 680 894 747 nranpettram
910 680 1124 737 matrimonium
1145 679 1179 736 ad
1195 678 1295 752 primi·

250 765 336 823 livam
351 770 379 822 et
390 763 559 837 completam
573 764 618 822 sui
635 765 835 837 praelectionem
849 766 973 823 restituit
982 771 1010 821 et
1024 765 1057 821 ad
1071 762 1206 821 unionem
1217 762 1292 821 Cbri·

249 849 284 909 sti
300 864 365 908 com
376 848 514 920 Ecclesia,
531 865 605 922 quae
621 857 744 921 noceat,
766 849 983 915 significandam
998 839 1103 907 'evexit

284 933 411 1007 Denique
424 934 614 1004 advertimus
631 934 844 991 matrimonium
857 934 883 991 vi
895 950 963 993 suae
974 941 1092 991 naturae
1102 933 1254 1005 exquirere
1266 938 1298 990 ut

249 1018 338 1077 libere
354 1019 466 1077 ineatur
485 1025 513 1077 et
527 1024 625 1077 mittito
640 1020 795 1089 contupum
812 1035 962 1077 ttotrsensn.
980 1020 1077 1077 'lotum
1093 1018 1185 1089 enim,
1207 1033 1296 1089 ottan-

251 1110 312 1162 tnm
327 1111 385 1175 est,
402 1105 431 1161 in
448 1120 544 1162 amore
566 1104 700 1161 tundatur
716 1104 863 1177 utriusque
884 1105 979 1176 parus,
997 1104 1046 1175 oui
1061 1109 1136 1161 certe
1157 1118 1222 1159 cnm
1242 1102 1298 1159 rid

250 1188 339 1247 lentia
357 1189 393 1247 ad
413 1189 586 1247 iunctionem
603 1195 720 1257 cogente
741 1197 769 1247 et
785 1190 914 1247 dissensu
935 1190 1020 1247 unius
1041 1188 1141 1245 saltem
1166 1186 1299 1259 coniugis

251 1274 397 1333 conciliari
411 1274 516 1347 nequit,
530 1274 577 1332 Cui
594 1274 708 1332 accedit
718 1275 790 1347 qnod
805 1276 879 1332 eirca
891 1290 950 1332 rem
967 1280 1107 1344 versatur,
1124 1288 1197 1345 quae
1209 1271 1243 1327 ad
1255 1272 1300 1329 ius
1371 1342 1372 1351 χ

252 1359 425 1417 individuale
437 1361 568 1417 innatum
583 1358 709 1418 maxime
722 1360 856 1432 pertinet3
869 1376 903 1417 ac
914 1359 1030 1431 proinde
1041 1359 1153 1417 nonnisi
1165 1373 1301 1431 persona·

252 1444 287 1502 lis
303 1444 440 1501 libertatis
453 1445 589 1502 exercitio
604 1445 731 1503 matrabi
744 1452 843 1518 potest.
861 1445 947 1515 itone
959 1446 1027 1501 baec
1042 1444 1077 1501 de
1095 1444 1203 1515 primae
1215 1443 1301 1499 buius

253 1529 395 1589 societatis
412 1536 529 1603 patrna,
541 1546 614 1603 qnae
625 1530 709 1589 totius
726 1530 849 1589 familiae
860 1532 1078 1589 fundamentum
1088 1535 1140 1600 est,
1157 1528 1228 1586 satis
1240 1527 1301 1600 qtri·

201 1665 205 1672 .
253 1614 319 1672 dem
334 1614 491 1672 dictasint.

671 1786 839 1845 damoetas
854 1784 885 1845 ll.

549 1952 587 2013 Dc
601 1958 702 2015 motai
717 1957 877 2032 coaiupurn
891 1956 1001 2032 officiis.

296 2122 354 2182 tat.
372 2124 579 2183 llalrimoninm
596 2126 738 2199 inprimis
754 2128 795 2185 sic
811 2126 966 2185 ineundum
982 2133 1036 2199 est,
1058 2131 1091 2184 ut
1105 2142 1244 2199 personae
1255 2121 1305 2185 ba·

257 2209 328 2267 biles
339 2209 396 2267 sint
410 2210 445 2266 ad
461 2204 547 2279 fierem
568 2210 643 2268 illins
657 2212 898 2284 consequendum.
915 2213 1079 2271 Utrdeaetas
1095 2211 1194 2269 idonea
1210 2211 1305 2284 rentii·

256 2294 344 2363 citur,
362 2310 435 2367 quae
460 2296 623 2353 tirmitatern
643 2304 672 2353 at
691 2298 880 2357 evolationem
895 2306 989 2370 aptam
1004 2297 1131 2355 includat
1147 2311 1203 2353 non
1220 2297 1306 2355 modo

258 2379 391 2450 corporis,
408 2379 455 2437 sed
473 2380 558 2437 etiam
575 2381 687 2439 mentis.
712 2383 770 2439 b'on
788 2384 864 2441 enim
887 2385 921 2439 ad
947 2382 1051 2453 prolem
1068 2383 1217 2439 dumtaxat
1243 2398 1305 2455 pro·

257 2464 420 2537 creandam,
438 2466 487 2523 sed
501 2467 586 2523 etiarn
602 2468 655 2524 rite
671 2467 847 2525 educandam
862 2488 869 2538 ς
889 2476 945 2525 tnnr
962 2468 995 2525 ad
1012 2477 1145 2525 mutuum
1160 2467 1214 2525 sibi
1232 2466 1306 2524 iera·

257 2548 534 2622 monendomum,
555 2559 583 2607 et
597 2552 730 2620 domum,
749 2566 833 2624 onom
858 2552 1006 2625 inclinant,
1029 2553 1170 2625 sapienter
1184 2550 1306 2610 adnnni·

260 2636 404 2693 strandam
421 2636 566 2693 advertere
582 2636 711 2693 animum
727 2636 861 2707 coniuges
872 2638 984 2693 debent.

292 2719 369 2791 Opus
383 2727 426 2777 est
439 2724 525 2777 etiam
542 2727 572 2778 ut
587 2720 683 2793 aliqua
703 2720 789 2777 ninus
808 2729 887 2777 arcta
905 2720 1043 2779 naturalis
1058 2720 1219 2779 coniunctio
1235 2736 1301 2795 eos,

258 2804 306 2876 otti
322 2806 501 2863 matrimonio
517 2807 590 2864 inter
604 2823 635 2864 se
652 2806 726 2863 uniri
739 2805 874 2878 cupiunt,
893 2817 959 2863 ante
974 2822 1030 2864 non
1048 2807 1127 2878 lipet3
1141 2822 1178 2863 ex
1192 2820 1249 2879 oua
1260 2822 1306 2864 re·

259 2886 405 2945 lationect
418 2890 512 2946 ollicia
528 2892 691 2963 dimanant,
710 2890 895 2948 relationibus
918 2898 946 2949 et
960 2891 1062 2949 olliciis
1079 2891 1232 2963 coniugum
1248 2904 1305 2948 non

258 2972 327 3029 satis
340 2980 539 3031 consentanea.
558 2976 644 3033 Secus
662 2976 740 3035 enim
756 2976 824 3033 ordo
840 2983 957 3033 naturae
975 2974 1201 3047 pertnrbaretur3
1219 2990 1305 3047 aqtro
1371 2996 1372 3007 ¹

260 3055 408 3113 discedere
423 3056 495 3115 nulli
512 3074 638 3131 unquam
655 3062 728 3119 iicet.
746 3061 816 3118 Hinc
827 3060 888 3119 inre
907 3066 1026 3119 naturae
1040 3062 1156 3117 omnino
1175 3065 1306 3117 vetantur

258 3141 376 3214 nuptiae
390 3143 465 3199 inter
480 3141 611 3215 parentes
629 3151 658 3203 et
677 3146 796 3219 liberos;
815 3146 910 3205 allicia
925 3147 1001 3203 enim
1016 3144 1191 3203 reverentiae
1202 3148 1231 3203 et
1241 3142 1306 3201 snb·
1371 3148 1372 3151 ’

223 3229 227 3240 “
259 3224 406 3299 iectionis,
424 3242 497 3299 ottae
512 3228 616 3286 liberos
626 3230 757 3287 alliciunt
771 3246 838 3303 erga
850 3234 990 3303 parentes,
1003 3228 1189 3287 relationibus
1202 3242 1307 3303 aequa·

260 3307 347 3367 litatis
365 3311 578 3384 contradicunt,
595 3329 668 3385 qnae
683 3314 758 3372 inter
772 3316 907 3387 coniuges
921 3314 1016 3387 vigere
1027 3313 1139 3372 dehent.
1153 3312 1250 3381 Quoad
1262 3328 1306 3371 ee·

257 3396 330 3451 leros
344 3408 411 3453 nero
433 3397 539 3465 modus
560 3398 814 3470 consanguinitatis
835 3404 883 3457 ant
902 3398 1061 3469 abiunetis,
1087 3398 1140 3457 elsi
1160 3398 1242 3456 initio
1260 3412 1306 3469 ge·

258 3480 336 3537 neris
360 3480 493 3551 bomani,
518 3482 672 3539 necessitas
692 3483 865 3556 propagandi
884 3483 1010 3557 speciem
1026 3483 1139 3557 nuptias
1161 3483 1236 3541 inter
1258 3498 1307 3541 eos
1371 3546 1372 3555 χ

259 3564 351 3623 ordini
365 3582 423 3624 non
438 3574 630 3640 renuntiantes
645 3567 788 3640 effecerim
807 3576 917 3641 tameo,
939 3569 993 3627 bac
1007 3570 1141 3641 deinceps
1163 3574 1306 3627 summota
1371 3634 1372 3637 Ἴ

260 3650 445 3719 necessitate,
473 3652 646 3711 contrarium
661 3652 778 3711 omnino
793 3652 947 3714 dicendam
962 3660 1014 3715 est.
1031 3654 1090 3723 Oua
1105 3654 1135 3713 in
1149 3669 1182 3713 re
1196 3652 1309 3729 prolixa
1371 3674 1372 3681 ¹

304 3826 316 3879 l
333 3830 368 3879 Dc
382 3832 437 3881 iere
450 3837 551 3883 cataroe
567 3838 588 3883 et
600 3834 706 3895 petatem
719 3832 735 3883 l.
753 3831 777 3901 Ἄ,
794 3849 814 3884 e.
831 3834 857 3895 ²«
