2767 4492
268 281 321 344 252
595 287 984 340 unnaenrsrcassrscrams

267 380 325 438 nisi
339 379 513 438 admittatur.
531 377 588 438 Eue
607 377 750 451 quoddam
768 377 897 436 maxime
910 377 941 434 in
957 380 1032 449 actu,
1053 377 1129 452 quod
1146 378 1317 448 immediate

268 465 312 522 rel
327 464 467 538 mediate,
484 479 535 537 pro
550 461 728 536 singularum
743 461 923 535 conditione,
940 476 986 520 res
1010 460 1081 520 alias
1102 477 1221 538 omnes,
1237 482 1317 540 quae

267 553 423 621 mutantur,
440 547 476 606 ad
491 552 586 606 actum
600 551 723 604 moveat.
740 546 836 620 ipsum
850 561 931 617 vero,
949 560 1015 603 cum
1029 545 1070 604 ila
1084 546 1165 606 sitin
1181 554 1265 623 actu,
1283 556 1318 610 ut

269 631 444 692 nullomodo
467 631 504 690 sit
523 631 554 688 in
573 629 716 704 potentia,
732 629 842 689 moneri
864 629 983 703 nequit3
1005 629 1146 703 siquidem
1168 637 1212 691 est
1235 636 1317 694 solus

269 721 366 788 actus,
384 719 412 774 et
426 714 565 788 quidquid
583 723 734 788 moretur,
751 723 794 774 est
807 714 887 788 prius
902 713 934 772 in
947 714 1074 787 potentia
1088 714 1168 774 adid
1182 717 1218 775 ad
1236 719 1316 792 quod

268 803 405 859 moretur.

303 883 377 944 lleus
391 883 477 956 igitur
492 887 598 955 exstat,
616 883 675 942 sive
690 882 831 942 rationem
844 883 962 957 primae
976 898 1082 942 causae
1098 883 1314 960 tuaproductoe,

269 969 329 1028 sive
348 969 487 1027 rationem
508 969 622 1028 summi
640 969 714 1027 eatis
733 967 969 1044 imparticipati,
985 967 1200 1030 strenationem
1217 971 1317 1046 princ

268 1052 409 1112 moventis
424 1052 583 1112 tmotobllls
598 1052 833 1126 contemplemur.

628 1223 813 1296 Argumenta
823 1220 959 1297 physico.
1020 1223 1025 1230 ’

307 1389 368 1452 146.
389 1391 468 1451 Nunc
484 1391 519 1450 ad
535 1395 704 1464 argumenta
724 1391 845 1464 physica
863 1389 1046 1450 devenientes
1062 1396 1101 1450 tot
1116 1389 1147 1451 in
1162 1407 1196 1451 eo
1210 1407 1313 1467 genere

270 1477 371 1536 alierre
388 1491 544 1551 possemus,
557 1481 625 1549 quot
640 1481 707 1534 sunt
721 1477 799 1534 entia
813 1476 947 1548 organica
962 1476 1129 1550 praesertim
1143 1481 1172 1535 et
1187 1478 1312 1537 animata

269 1579 343 1636 quae
357 1559 482 1619 mirabili
498 1565 648 1630 structura,
669 1575 756 1632 quam
770 1559 886 1632 habent,
904 1575 1071 1633 supremum
1084 1561 1239 1634 quemdam
1253 1563 1312 1634 opi·

270 1648 353 1704 licem
368 1651 396 1705 et
411 1644 654 1719 sapientissimum
668 1644 862 1704 manifestant.
874 1645 963 1716 htque
974 1645 1003 1700 id
1013 1645 1141 1716 plerique
1155 1645 1314 1720 philosophi

269 1731 443 1801 factitarunt,
452 1729 501 1803 qui
511 1729 555 1786 rel
566 1744 604 1786 ex
616 1727 788 1800 plantarum,
798 1727 842 1784 vel
854 1743 892 1784 ex
902 1728 1028 1804 corporis
1037 1727 1166 1799 hnmani,
1178 1730 1220 1788 rel
1228 1730 1314 1787 eliam

270 1830 307 1872 ex
318 1813 406 1871 solius
421 1813 495 1871 oculi
512 1819 561 1871 aut
577 1810 687 1870 cerebri
703 1817 752 1869 aut
766 1827 868 1869 manus
883 1811 956 1869 miro
971 1811 1092 1869 artificio
1107 1813 1233 1886 supremi
1243 1813 1314 1871 Arti-

270 1897 334 1954 ficis
355 1897 538 1954 existentiam
559 1896 800 1953 demonstrarunt.
817 1895 905 1953 Immo
920 1895 950 1952 in
965 1895 1024 1952 sola
1042 1896 1160 1954 materie
1179 1895 1265 1954 bruta
1279 1895 1316 1954 si·

271 1985 378 2038 stenles
394 1979 542 2050 verimoem
558 1979 633 2036 hanc
648 1994 733 2050 saepe
752 1977 917 2057 derivarunt
933 1977 976 2035 vel
990 1993 1028 2036 ex
1044 1978 1153 2050 pluviae
1167 1986 1219 2036 aut
1233 1995 1315 2052 gran-

271 2063 347 2120 dinis
362 2063 539 2136 aliarumque
554 2068 746 2120 meteorarum
768 2062 968 2135 generatione,
984 2063 1030 2120 vel
1046 2079 1084 2120 ex
1096 2061 1315 2136 chrystallorum

271 2147 437 2220 compagine
454 2154 503 2208 art
517 2153 658 2205 astrorum
672 2146 856 2220 dispositione
866 2152 895 2204 et
905 2163 1001 2206 cursu.
1013 2148 1067 2206 Nos
1078 2151 1171 2204 lamen
1181 2162 1314 2222 compen·

271 2231 317 2290 llio
336 2231 480 2289 studentes
491 2237 560 2289 haec
576 2231 690 2303 singula
704 2246 760 2288 non
777 2230 1020 2303 consectabimur3
1038 2231 1087 2288 sed
1105 2232 1263 2304 generatim
1278 2247 1315 2289 ex

273 2316 373 2374 ordine
383 2316 484 2372 mundi
494 2315 529 2372 ad
540 2315 569 2373 id
580 2315 782 2388 praestandum
797 2314 947 2373 enitemur.
961 2316 999 2373 hc
1010 2330 1078 2373 sane
1088 2330 1174 2388 quent
1185 2331 1244 2374 non
1256 2331 1315 2373 nro·

272 2404 318 2458 vet
332 2399 362 2457 in
381 2404 457 2457 tanta
471 2414 567 2458 rerum
587 2398 812 2472 discrepantium
833 2398 1015 2456 multitudine
1036 2399 1175 2456 mirificus
1190 2399 1238 2457 ille
1252 2415 1315 2458 con·

271 2490 386 2556 centus,
404 2498 459 2556 quo
476 2482 535 2540 suis
551 2496 680 2555 quaeque
695 2481 765 2541 locis
780 2483 1049 2555 commmodautur,
1067 2483 1097 2540 in
1113 2484 1242 2556 proprios
1257 2499 1316 2556 spe·

271 2573 348 2626 etant
359 2569 440 2639 lines,
454 2566 650 2625 constantibus
663 2565 774 2637 legibus
790 2572 992 2640 temperantur,
1004 2566 1114 2625 idoneis
1125 2568 1160 2625 ad
1171 2583 1238 2641 suos
1247 2583 1315 2626 usus

271 2651 374 2709 mediis
389 2659 456 2709 sunt
470 2651 616 2721 instructa,
635 2650 858 2709 intorsemuluo
874 2652 913 2709 ita
928 2658 1090 2724 nectuntur,
1103 2651 1175 2709 utin
1187 2658 1312 2710 tamum

271 2751 327 2808 gna
336 2735 541 2793 contrariarum
553 2749 648 2792 rerum
660 2735 794 2792 varietate
808 2737 905 2794 omnia
915 2737 952 2794 ad
963 2751 1147 2794 communem
1158 2736 1312 2809 quemdam

272 2819 359 2878 linem
375 2820 480 2893 optime
503 2819 672 2877 conterunt‘.l
686 2820 783 2878 Nonne
804 2821 893 2892 haec,
911 2837 1032 2894 quorum
1052 2822 1253 2892 contemplatio
1272 2835 1314 2878 sa-

271 2905 382 2975 pientes
404 2918 503 2960 omnes
523 2903 648 2962 marimo
668 2910 781 2978 stupore
805 2904 933 2978 percellit
947 2911 974 2962 et
989 2903 1098 2977 expleri
1114 2905 1183 2962 satis
1198 2905 1313 2978 nequit,

272 2986 500 3058 potentissimum
513 2987 663 3059 quemdam
676 2989 816 3046 artlticem
826 2995 853 3046 et
863 3003 977 3047 summa
990 2989 1130 3062 sapientia
1144 2989 1314 3061 praeditum,

273 3069 321 3142 qui
336 3084 370 3127 ea
385 3070 552 3143 disposuerit
567 3086 600 3128 ac
615 3077 703 3144 regat,
721 3078 817 3143 aperte
832 3072 996 3130 declarant?

307 3153 437 3231 hpposlte
458 3155 583 3227 Tullius,
601 3155 682 3212 cuius
705 3162 840 3214 sexcenta
854 3156 916 3214 loca
931 3156 1050 3229 proferri
1068 3162 1200 3230 possent:
1220 3181 1232 3208 «
1251 3157 1317 3224 Ouis

276 3265 287 3292 a
304 3240 401 3312 enim,
419 3239 477 3312 ait,
496 3240 572 3298 hunc
588 3240 734 3298 hominem
749 3241 854 3299 dixerit
871 3242 920 3314 qui
936 3256 1002 3300 cum
1016 3251 1108 3300 certos
1122 3241 1190 3300 coeli
1210 3250 1316 3312 molus,

277 3348 287 3375 l
306 3331 364 3382 tam
378 3329 453 3382 ratos
469 3331 610 3381 astrorum
625 3324 749 3397 ordines,
769 3331 884 3398 tamque
897 3327 995 3386 omnia
1008 3326 1085 3384 inter
1099 3343 1129 3385 se
1144 3340 1278 3384 connexa
1291 3332 1318 3384 et
1370 3318 1378 3343 ⁸

277 3432 287 3460 l
306 3414 372 3481 apta
387 3407 497 3480 viderit,
510 3413 594 3476 neget
604 3407 632 3465 in
645 3407 689 3465 his
700 3407 788 3466 ullam
802 3409 896 3468 inesse
911 3411 1051 3469 rationem
1065 3426 1156 3485 eaque
1171 3426 1242 3469 casu
1256 3409 1319 3469 fieri

278 3514 288 3541 ι
306 3493 392 3563 dicat,
409 3505 482 3564 quae
497 3497 602 3564 quanto
617 3492 734 3550 consilio
749 3500 884 3566 gerantur
899 3494 977 3553 nullo
993 3494 1111 3553 consilio
1126 3495 1241 3568 assequi
1257 3510 1320 3568 pos·

279 3598 289 3622 l
306 3575 423 3633 sumus?
433 3575 474 3632 hn
484 3589 550 3633 cunr
565 3575 778 3635 machinatione
793 3579 916 3651 quadam
930 3578 1037 3638 moveri
1053 3579 1161 3652 aliquid
1177 3579 1318 3650 ridemus,

279 3677 289 3706 l
307 3663 337 3714 ut
351 3658 515 3738 sphaeram,
532 3663 563 3715 nt
579 3659 679 3730 horas,
696 3665 729 3717 ut
742 3661 799 3718 alia
817 3665 978 3737 permulta,
994 3677 1052 3721 non
1067 3663 1233 3722 dubitamus
1249 3663 1319 3736 quin

278 3738 355 3797 «illa
373 3757 459 3815 opera
473 3741 529 3800 sint
543 3742 676 3814 rationis3
695 3755 761 3800 cum
783 3753 878 3805 autem
899 3748 1038 3821 impetum
1060 3748 1133 3806 coeli
1155 3745 1320 3806 admirabili

279 3845 289 3868 a
308 3836 373 3906 cum
388 3825 530 3894 celeritate
543 3825 652 3894 moneri
667 3827 796 3904 rertque
815 3829 963 3898 rideamus
982 3830 1214 3897 constantissime
1233 3829 1321 3902 conte
