2767 4492
703 255 834 303 1000!OE

281 343 315 403 Ut
328 343 381 402 hos
392 342 481 402 animi
496 343 585 401 status
595 340 1033 413 definias,ignorantiamdioes:
1048 348 1163 401 statum
1175 345 1299 414 montis,

231 429 283 489 iu
292 444 352 504 quo
362 428 482 487 notium
491 427 639 486 todutmn
650 434 704 485 out
714 425 781 484 idco
790 426 835 484 rei
846 426 980 486 babetur.
991 427 1066 486 Haec
1076 442 1139 486 esse
1148 434 1243 502 potest
1250 430 1299 488 vel

248 513 426 584 universalis,
440 513 464 570 si
479 513 555 570 circa
566 512 661 570 omnia
675 515 813 583 versetur,
827 515 861 569 ut
874 511 1096 583 in'iniantibus3
1112 511 1157 570 vel
1172 513 1300 587 particu-

248 598 317 656 laris
325 597 417 670 magis
426 597 557 654 minusve
569 601 698 668 extensa,
711 595 878 668 siveritates
886 595 999 669 aliquae
1007 595 1155 668 pauciores
1164 597 1301 670 pluresve

247 683 420 754 nesciantur,
430 681 500 739 utin
509 681 610 738 ceteris
624 679 790 737 bominibus
799 678 865 736 etin
877 683 971 737 creata
985 679 1085 752 quavis
1099 679 1298 753 intelligentia.-

248 767 415 826 Statusuero
423 765 502 822 dubii
511 765 536 822 is
547 763 651 834 audiet,
658 779 713 837 por
720 778 808 837 quem
815 778 896 820 mens
907 762 999 820 mnas
1008 762 1299 838 iustorocquispon·

250 849 523 922 deribtuutriuquc
535 847 675 919 libratae,
686 846 791 905 obtecto
809 861 902 920 usquc
912 861 1064 905 assensum
1075 846 1193 905 adhibet
1203 864 1300 922 tuqus

252 935 376 994 inhibet.
393 933 426 990 Et
444 931 557 1004 quidem
578 931 601 988 si
615 929 645 988 id
660 931 765 1001 evenit,
780 930 899 1002 eoquod
914 944 952 988 ex
965 936 1067 988 neuma
1080 936 1160 1003 parte
1174 931 1263 1004 ratio,
1280 948 1299 992 a

249 1035 306 1094 qua
315 1033 397 1076 mens
407 1023 563 1088 moveatur,
576 1015 695 1087 eluceat,
707 1014 826 1072 dubium
836 1015 889 1074 erit
898 1015 1075 1088 negativum,
1092 1016 1168 1089 quod
1176 1016 1298 1091 pminda

250 1104 287 1161 ab
298 1101 474 1176 ignoratione
489 1101 538 1158 vix
553 1105 603 1158 aut
617 1100 655 1158 nc'
667 1098 717 1157 vix
732 1099 847 1172 quidem
863 1099 977 1157 diiierro
991 1099 1178 1162 videturtsin
1187 1099 1299 1159 dubitat

247 1187 315 1261 puis
327 1186 459 1259 utrinque
468 1185 540 1243 ratio
549 1183 644 1257 aiitpro
658 1183 833 1242 intellectum
847 1183 877 1240 in
888 1198 969 1242 suam
980 1189 1090 1257 partem
1103 1184 1230 1257 inclinat,
1247 1185 1299 1243 du·

251 1271 332 1332 bium
349 1269 403 1328 crit
412 1269 573 1343 positivum.
587 1267 733 1341 opinionis
742 1270 842 1339 status,
854 1267 903 1340 qui
917 1267 1028 1325 medius
1040 1274 1084 1326 est
1093 1269 1297 1328 interdubium

250 1361 280 1413 et
294 1354 509 1426 certitudinem,
527 1352 552 1410 is
567 1352 787 1425 nuncupabitur,
807 1352 838 1409 in
855 1367 912 1424 quo
929 1367 1011 1412 uteru
1024 1353 1128 1411 obiecto
1145 1369 1299 1411 assensum

249 1439 369 1513 quidem
389 1438 521 1510 cumbet,
537 1445 568 1495 ot
585 1453 645 1494 oon
661 1437 724 1494 sine
740 1435 901 1507 somnidiuc
917 1436 1041 1510 oppositi
1061 1445 1087 1494 et
1107 1436 1297 1495 haesitatione

250 1523 394 1598 quotient.
411 1523 460 1580 Hic
470 1521 625 1580 statusdici
641 1520 729 1577 etiarn
743 1520 814 1578 solet
823 1520 1037 1593 probabilitatis.
1061 1519 1297 1593 Sedmeiiuspro·

250 1607 405 1666 habilitatis
420 1607 535 1663 nomine
553 1605 664 1677 pondus
681 1609 900 1676 momentorum,
916 1605 1021 1678 quibus
1029 1606 1065 1663 ad
1080 1621 1229 1663 assensum
1238 1615 1296 1662 non

250 1697 360 1749 certum
375 1690 564 1762 impetiturum
582 1703 730 1747 assensum
748 1704 815 1747 vero
824 1688 901 1748 hunc
915 1691 1010 1763 ipsum
1024 1690 1166 1765 opinionis
1175 1689 1296 1748 vocabu·

250 1775 277 1834 lo
292 1773 475 1846 significatus.
489 1773 613 1846 Denique
629 1773 807 1832 certitudinis
822 1779 910 1832 status
924 1775 972 1834 iiie
987 1776 1050 1847 erit,
1060 1776 1094 1832 in
1107 1791 1166 1850 quo
1175 1775 1295 1832 coimus

244 1859 358 1926 ‚obtecto
378 1857 507 1931 truatur
526 1857 679 1931 adhaeret,
695 1858 758 1916 sino
777 1858 842 1917 ulto
853 1857 1035 1918 dubitatione
1044 1856 1232 1934 outoppositi
1244 1858 1297 1917 soi

159 1997 164 2010 ‚
251 1943 411 2002 libitudine.
427 1943 502 2010 Quae
518 1943 632 2018 quidem
652 1943 785 2002 adhaesio
803 1959 855 2017 per
874 1960 904 2002 se
918 1946 1032 2003 nonnisi
1050 1959 1151 2003 verum
1166 1943 1292 2017 respicit;

252 2027 306 2084 boc
323 2026 400 2084 enim
421 2028 613 2087 tantummodo
633 2027 691 2085 vim
709 2027 796 2086 babet
813 2029 973 2086 attrahendi
991 2035 1117 2087 mentem
1131 2028 1187 2100 sic,
1210 2033 1240 2085 ut
1259 2027 1296 2086 ab

252 2111 314 2168 eius
329 2125 445 2168 assensu
462 2125 576 2170 omnem
591 2111 789 2171 titubationem
804 2113 946 2171 excludat.
958 2112 1133 2186 ttqnouiam
1152 2127 1234 2170 mens
1247 2111 1295 2169 ad-

253 2194 371 2252 haerere
387 2195 538 2268 aliquando
550 2201 642 2269 potest
656 2197 742 2269 isiso,
755 2197 831 2270 quod
850 2195 961 2255 debitae
975 2197 1208 2255 considerationis
1222 2196 1296 2254 deis

141 2275 144 2280 '
255 2283 301 2335 ctu
318 2293 418 2336 verum
429 2287 573 2353 appareat,
586 2281 709 2339 efficitur
723 2281 791 2338 irinc
806 2286 837 2340 ut
851 2282 997 2355 persuasio
1012 2283 1153 2355 quaedam
1166 2282 1296 2340 innasca-

252 2365 298 2421 tur
316 2363 344 2420 in
365 2363 468 2436 animo,
485 2380 558 2437 quae
573 2365 649 2423 vocis
664 2366 756 2424 abusu
771 2366 907 2439 appellari
927 2381 1039 2442 quoque
1053 2365 1123 2424 solet
1141 2365 1292 2438 certitudo,

252 2461 318 2504 otim
333 2447 363 2504 in
380 2463 410 2504 se
424 2448 564 2522 opinionis
581 2449 720 2507 ambitum
738 2464 795 2507 non
813 2449 1079 2523 praetergrediatur.
1099 2451 1144 2509 Sic
1160 2450 1298 2522 contingit

251 2530 402 2602 aliquando
416 2538 447 2588 ut
462 2533 525 2604 quis
541 2549 597 2592 non
612 2533 722 2592 dubitet
731 2535 766 2591 dc
777 2549 817 2607 re,
829 2551 903 2608 prisc
917 2536 1083 2609 ceteroquin
1095 2551 1112 2593 a
1124 2535 1242 2594 veritate
1251 2534 1293 2592 di·

253 2614 352 2671 scedit.
381 2613 458 2681 Quod
479 2617 503 2673 si
527 2618 663 2690 perdurat
677 2619 761 2676 firma
784 2619 834 2677 illa
848 2619 937 2678 animi
951 2620 1112 2693 sententia,
1128 2619 1292 2678 etiamcum

250 2697 391 2769 detegitur
405 2713 501 2772 error,
518 2716 572 2759 ncc
587 2703 724 2761 certitudo
739 2717 792 2761 nec
813 2703 908 2776 opinio
923 2703 1051 2762 vocanda
1064 2707 1124 2775 est,
1140 2705 1190 2762 ssd
1208 2702 1295 2784 obsti-

249 2782 328 2840 natio
342 2783 446 2840 mentis
462 2790 490 2842 et
506 2786 670 2857 pertinacia.
690 2787 766 2846 idern
793 2788 974 2862 proportione
988 2789 1112 2862 quadam
1133 2788 1190 2847 dici
1204 2793 1296 2863 potest

254 2866 290 2924 de
300 2865 442 2924 evidentia
456 2883 529 2942 quae
544 2885 594 2943 per
608 2886 639 2928 sc
654 2887 690 2929 ex
702 2872 762 2930 sota
777 2872 895 2930 veritate
909 2871 1039 2944 renidet,
1056 2873 1188 2946 quamvis
1206 2871 1295 2945 negti·

250 2951 346 3030 gentis
371 2953 524 3025 spectantis
545 2955 676 3014 credatur
694 2971 911 3029 nonnumquam
929 2971 992 3016 esse
1009 2957 1127 3015 evidens
1144 2956 1220 3031 quod
1238 2955 1295 3014 evi-

251 3036 322 3094 dens
336 3051 436 3110 reapse
454 3053 510 3096 non
530 3045 582 3097 est.

287 3121 339 3177 Sed
357 3127 416 3178 tum
437 3121 472 3180 dc
486 3123 628 3182 evidentia
643 3127 704 3182 tum
725 3126 812 3184 etiam
827 3125 864 3183 de
878 3123 1063 3197 certItudinc,
1086 3140 1159 3200 quae
1173 3125 1204 3184 in
1217 3125 1294 3184 obic-

255 3201 309 3260 ctis
323 3205 446 3264 naturali
471 3207 574 3266 lumini
596 3210 833 3282 respondentibus
848 3209 991 3284 cumipse
1006 3215 1083 3269 arcte
1096 3210 1292 3282 connectitur,

255 3285 360 3346 fusiore
372 3288 516 3361 aliquanto
526 3306 657 3352 sermone
671 3293 825 3353 dicendum
837 3301 889 3354 est.
906 3295 943 3355 lis
957 3294 1053 3370 itaque
1067 3296 1212 3369 integrum
1227 3293 1295 3352 arti·

252 3369 542 3434 culumdestiuamus.
