2767 4492
521 292 601 339 sums
618 288 760 339 aaronis
1106 272 1164 343 239

168 385 254 460 llesp.
270 378 478 456 Ddteprlmam
491 382 602 455 partam
615 379 751 439 momen.
772 377 842 439 Sunt
855 379 1043 441 essentialiter
1061 392 1163 455 aequa·

121 470 181 545 les,
204 470 277 533 idest
290 482 348 527 uon
368 466 504 525 dilleruut
520 464 550 525 in
560 464 709 540 principiis
725 464 923 527 essentialibus
942 472 991 527 aut
1007 467 1037 525 in
1052 465 1162 525 iuribus

119 557 234 631 inuade,
254 551 394 625 maccam
419 551 510 624 idest,
533 566 571 609 ex
594 550 717 609 essentia
730 551 912 624 consequitur
931 556 962 611 ut
984 550 1098 611 dillsrre
1112 566 1162 612 aa·

9 710 10 719 ,
120 648 226 721 queant
239 641 270 703 iu
284 640 321 701 iis
340 654 414 715 quae
424 638 564 697 amantiae
576 636 815 712 superadduntur,
835 644 883 695 aut
897 638 926 695 in
942 638 1053 697 iuribus
1068 639 1162 713 acqui·

9 765 10 768 =
105 730 198 804 sitis,
212 744 295 804 nepo.
314 726 393 795 duod
407 725 525 785 alteram
536 728 646 798 partam
660 722 792 781 similiter
808 722 968 797 disttopuo.
986 722 1091 783 Natura
1103 738 1162 787 nou

9 843 10 848 κ
120 815 244 889 disignat
256 813 417 873 subiectum
432 808 616 882 auctoritatis,
632 808 725 867 ethos
738 807 992 881 probetneminem
1007 824 1070 867 esse
1084 808 1161 883 prio·

120 901 213 975 clpam
227 899 257 959 vl
275 902 413 970 naturae,
435 894 554 955 macedo
569 915 579 968 ,-
595 898 624 953 at
642 894 697 953 lroc
710 894 811 968 probat
834 893 980 952 neminem
1001 908 1064 953 esse
1085 894 1162 967 prin·

120 987 213 1059 clpam
234 984 320 1045 etiam
343 982 373 1041 ui
397 980 465 1040 lacti
486 980 610 1040 alicuius
630 978 706 1053 qrrod
725 978 771 1039 ius
794 978 953 1053 imperandi
972 978 1003 1037 in
1026 977 1163 1053 peculiari

120 1070 247 1131 soblemo
270 1067 458 1140 determinet,
481 1080 563 1141 nepo.
587 1065 659 1127 luna
681 1064 767 1127 etlam
782 1078 853 1142 nepo
874 1078 1064 1141 compunctis,
1088 1063 1164 1141 quod

122 1155 254 1218 intertur.

173 1240 247 1302 Nihil
262 1240 386 1314 ineptius
407 1239 461 1297 hac
477 1238 644 1299 difficultate
659 1242 711 1297 est.
727 1238 797 1298 Nam
812 1238 835 1296 si
850 1238 908 1295 vim
923 1236 1049 1310 haberet,
1066 1236 1163 1297 omnia

9 1305 10 1334 ⁴
120 1326 183 1387 lura
200 1325 339 1399 acquisita
360 1326 397 1384 ab
425 1325 589 1384 hominibus
619 1325 790 1383 excluderet.
816 1323 879 1383 Pari
903 1323 980 1381 enim
1004 1322 1081 1382 modi
1106 1323 1162 1382 dici

119 1415 227 1486 posset:
243 1426 342 1470 omnes
355 1410 487 1470 nomime
501 1415 569 1469 sunt
582 1410 770 1469 essentialiter
786 1408 926 1482 aeqrrules,
944 1413 971 1466 at
985 1414 1087 1465 ustura
1105 1422 1163 1467 non

121 1496 290 1556 determinat
303 1496 334 1555 in
345 1496 398 1555 hoe
413 1498 458 1556 val
472 1496 520 1556 illo
534 1496 733 1571 paternitatem
748 1494 794 1553 vel
803 1494 970 1553 dominium.
987 1494 1058 1566 Ergo
1072 1493 1164 1567 patria

121 1586 244 1656 potestas
257 1582 302 1639 vel
317 1582 362 1641 ius
377 1582 556 1657 proprietatis
577 1587 725 1641 concretae
748 1596 765 1638 a
783 1596 921 1639 consensu
937 1580 1026 1652 repeti
1049 1579 1161 1638 donent.

121 1666 164 1726 lix
179 1682 212 1726 eo
224 1666 300 1741 quod
314 1666 344 1725 iu
364 1667 410 1725 lris
429 1667 474 1725 vel
489 1666 553 1725 allis
566 1666 653 1724 rebus
671 1664 867 1744 determinatio
882 1668 999 1722 naturae
1014 1678 1065 1738 pro
1081 1678 1164 1736 pecu·

120 1748 184 1809 liari
199 1766 320 1825 persona
333 1752 424 1825 desit3
440 1767 497 1810 nou
509 1751 587 1810 allud
602 1751 747 1825 sequitur,
765 1749 821 1808 nisi
837 1750 917 1823 itera,
934 1764 1006 1825 quae
1025 1748 1165 1807 iudecna·

121 1841 247 1911 scantur,
263 1852 322 1895 non
332 1852 393 1896 esse
407 1838 506 1895 innata
520 1836 570 1894 scd
585 1835 724 1909 acquisita
738 1836 767 1893 vi
778 1836 842 1893 lacti
858 1835 987 1907 alicuius,
1000 1836 1035 1905 acl
1050 1849 1164 1893 concru-

121 1926 183 1979 tom
197 1922 325 1981 ordinem
343 1921 521 1996 pertinentis.
542 1924 602 1980 lam
616 1936 683 1980 uero
700 1922 763 1995 quis
783 1936 908 1995 unqrram
923 1921 996 1979 dixit
1020 1919 1065 1978 ius
1080 1920 1166 1993 irnpe-

121 2006 205 2067 randi
225 2006 255 2066 in
271 2008 324 2067 troo
347 2008 390 2066 vel
410 2008 458 2066 illo
484 2008 612 2067 subiecto
632 2008 763 2067 innatum
785 2008 867 2067 csse?
890 2004 1081 2081 autaliquem
1104 2019 1166 2066 essa

122 2092 281 2167 principem
297 2098 400 2151 natura
413 2093 483 2150 suat

177 2177 267 2234 Obiic.
293 2175 325 2235 ll.
349 2177 475 2248 Suarer,
497 2177 596 2249 quiin
617 2178 671 2234 lrac
689 2193 721 2235 ro
741 2178 853 2236 scholae
872 2178 1029 2236 doctrinam
1053 2192 1165 2250 reprae-

124 2266 234 2333 sentat,
259 2265 355 2333 aperte
369 2262 450 2318 docet
471 2262 666 2320 auctoritatem
684 2262 827 2335 politicam
846 2278 897 2337 per
911 2278 941 2321 se
955 2267 983 2321 ct
1004 2262 1031 2321 vi
1047 2270 1165 2322 naturae

122 2344 247 2414 residere
262 2344 292 2402 io
307 2345 508 2419 multitudiue,
535 2350 618 2419 atque
642 2346 678 2403 ab
698 2363 731 2403 ca
747 2347 836 2405 libero
858 2362 996 2406 consensu
1018 2348 1165 2409 transferri

123 2430 386 2489 indeterminatam
408 2446 559 2505 personam
574 2431 618 2488 vel
633 2432 792 2503 collegium.
819 2432 889 2504 Ergo
914 2432 1109 2491 arroteritatem
1123 2449 1165 2492 ra·

123 2515 194 2593 petit
212 2532 249 2573 ex
263 2524 345 2591 pacto
365 2518 479 2590 sociali,
501 2516 740 2592 praemadmodum
754 2517 897 2575 llonsscnu
916 2522 1000 2590 atque
1019 2516 1076 2574 olli.
1094 2518 1165 2589 Ergo

124 2600 264 2664 eiusmodi
281 2608 393 2675 pactum
418 2603 503 2661 hahet
518 2618 569 2677 pro
589 2618 619 2662 se
634 2602 803 2677 suffragium
827 2607 885 2661 tam
905 2600 1003 2676 magni
1024 2600 1163 2677 ductoria,

123 2687 212 2746 immo
227 2689 312 2747 totins
326 2689 449 2748 scholae.

177 2772 260 2847 Resp.
286 2774 425 2832 Transeat
441 2775 606 2835 antecedens
612 2794 622 2848 ,·
642 2780 671 2833 et
688 2790 761 2847 nego
776 2780 836 2833 tum
850 2776 975 2849 primum
995 2778 1054 2849 tunt
1069 2788 1166 2833 secun·

123 2856 193 2915 dum
205 2873 388 2932 consequens.
405 2858 552 2918 theoriam
569 2860 753 2933 auctoritatis,
770 2860 829 2918 lere
851 2860 900 2919 toti
915 2858 1027 2919 scholae
1042 2874 1167 2919 commu·

123 2955 210 3013 uem,
241 2942 372 3015 exposuit
392 2943 494 3002 Suarez
516 2959 582 3002 cum
602 2945 631 3004 in
651 2945 817 3019 vesontione
839 2944 923 3004 stunt
943 2944 1100 3005 cutltolicao
1119 2946 1167 3005 ad·

123 3041 224 3085 versus
247 3043 345 3100 regem
362 3028 486 3101 dugliaa,
508 3034 569 3086 tum
590 3030 621 3087 in
643 3034 763 3089 tractatu
782 3045 867 3105 quem
885 3031 918 3089 do
933 3030 1053 3106 lepidus
1067 3030 1168 3089 iuscri-

123 3112 189 3186 pslt.
217 3112 258 3170 En
275 3113 339 3171 eius
358 3113 503 3173 doctrinae
522 3128 674 3173 summam.
696 3114 736 3173 ld
754 3116 957 3189 perlectionem
977 3115 1086 3175 homiui
1100 3130 1167 3175 con·

124 3202 274 3271 gruentem
288 3214 345 3257 non
360 3198 466 3258 suflicit
480 3198 598 3272 tamilla,
615 3200 665 3259 sad
679 3200 833 3273 requiritur
847 3200 966 3261 ulterius
976 3204 1165 3263 communitas

123 3283 255 3359 politica,
282 3300 354 3359 quae
373 3287 473 3345 saltem
492 3286 635 3345 ciuitatem
659 3288 820 3346 constituat.
844 3288 935 3357 Quare
951 3290 1035 3350 homo
1054 3290 1165 3349 socialis

124 3368 245 3427 ciuiliter
259 3375 302 3427 est
317 3370 345 3428 vi
359 3377 486 3431 naturae.
504 3372 537 3431 Ul
551 3372 622 3430 haec
636 3372 756 3432 societas
769 3372 867 3433 ordina
882 3374 1001 3434 donetur
1015 3380 1043 3434 et
1056 3376 1163 3435 unitate

124 3455 261 3530 operandi
275 3471 326 3530 pro
340 3456 415 3515 hono
428 3458 574 3516 communi
590 3458 646 3531 (cui
662 3473 823 3532 repugnare
833 3466 951 3533 possunt
965 3460 1056 3519 studia
1070 3462 1165 3535 singu-

123 3540 217 3599 lomm
228 3541 251 3615 l,
272 3542 433 3602 necessaria
448 3549 493 3601 est
510 3548 702 3616 potestas'seu
723 3544 767 3603 ius
782 3559 947 3618 supremum
962 3547 1077 3619 regendi
1092 3562 1164 3605 rem·

123 3626 277 3699 publicam.
295 3627 378 3686 Porro
392 3627 531 3686 eiusmodi
541 3634 663 3703 potestas
677 3644 728 3702 per
742 3644 773 3687 se
789 3630 983 3703 considerata,
1002 3631 1165 3692 abstrahen-

124 3710 161 3768 do
175 3711 211 3769 ab
230 3710 345 3771 haenel
359 3712 409 3771 illa
428 3713 520 3771 torma
534 3713 702 3786 regiminis,
728 3728 786 3771 non
801 3716 927 3787 procedit
940 3716 996 3774 uisi
1012 3718 1098 3776 alteo
1112 3718 1165 3777 im·

124 3796 263 3872 mediato,
279 3803 440 3859 utauctore
458 3803 595 3871 naturae,
617 3803 645 3858 et
662 3798 740 3858 nullo
756 3800 838 3859 modo
850 3806 892 3859 cst
906 3800 934 3861 in
947 3801 1101 3863 indiuiduis
1115 3818 1166 3878 per
