2767 4492
545 282 757 328 uunuenrsrcn
772 270 937 330 eruamus

617 455 788 513 laricanus
807 453 861 513 llll.

634 621 674 682 De
691 623 843 683 relatione.

251 797 296 856 51.
318 795 560 867 Quemadmodum
579 810 632 863 ea,
654 810 728 869 quae
743 793 784 853 ita
797 794 910 870 concipi
924 799 1062 870 possunt,
1085 799 1206 872 utalia,
1228 801 1265 858 ad

214 896 288 956 quae
303 881 375 940 lorte
388 881 560 948 redemtus,
581 877 668 938 simul
682 878 804 952 intelligi
819 894 877 938 non
892 885 1028 954 oporteat,
1052 881 1207 954 absolutc;
1223 883 1264 941 sic

215 981 268 1040 ea,
290 982 364 1040 puae
384 967 501 1040 eogitari
515 971 681 1039 nequeunt,
704 965 774 1038 quin
788 965 904 1023 alterius
918 965 961 1024 rei
976 965 1070 1024 ideam
1086 967 1171 1026 simul
1187 968 1264 1028 exci-

216 1054 285 1123 tent,
304 1066 354 1110 seu
371 1065 493 1124 quorum
508 1056 611 1108 nutura
625 1055 677 1122 est,
699 1057 731 1108 ut
746 1049 782 1107 ad
797 1049 874 1108 aliud
890 1051 1060 1123 referantur,
1081 1051 1208 1110 relatiua
1222 1053 1264 1112 di·

215 1140 329 1194 cunmr.
349 1135 519 1208 Exemplum
532 1134 618 1209 primi
633 1134 746 1206 generis
762 1133 799 1191 sit
813 1133 898 1192 lucmo
911 1153 921 1207 ;
941 1133 990 1208 qui
1004 1139 1037 1191 ut
1051 1135 1262 1209 consideretur,

213 1233 285 1292 opus
298 1234 358 1278 non
371 1224 415 1278 est
428 1234 480 1296 eps
496 1218 582 1291 allud,
599 1232 667 1276 eum
679 1233 736 1291 quo
747 1222 937 1292 comparetur,
954 1233 1013 1275 una
1027 1218 1112 1276 simul
1128 1220 1262 1292 cogitare.

213 1302 383 1376 Exemplum
397 1318 465 1362 uero
479 1302 593 1376 generis
607 1303 772 1380 posterioris
782 1302 819 1360 sit
830 1310 937 1377 pntcr;
952 1301 1002 1376 qul
1016 1309 1092 1360 certe
1106 1303 1264 1376 apprehen-

212 1387 242 1446 di
257 1386 427 1460 cogitatione
441 1402 500 1445 non
514 1392 615 1459 potest,
629 1387 700 1460 quin
715 1387 831 1446 alterius
845 1387 897 1460 rei,
917 1402 1021 1460 nempe
1036 1387 1098 1458 lilii,
1116 1387 1262 1447 notionem

213 1469 300 1530 simul
314 1476 429 1531 revocet
444 1474 469 1528 ⁴.
486 1471 545 1529 lam
559 1486 612 1545 age
627 1471 674 1530 hic
689 1471 767 1544 ordo,
784 1479 839 1546 quo
853 1487 901 1530 res
915 1487 973 1530 una
985 1472 1107 1530 retertur
1118 1472 1153 1529 ad
1164 1472 1260 1545 aliam,

211 1569 264 1615 seu
275 1555 348 1614 haec
362 1556 580 1629 determinatio,
601 1571 659 1629 qua
672 1571 719 1614 res
733 1572 791 1616 non
807 1556 935 1632 absolute
949 1557 980 1615 in
996 1572 1026 1614 se
1041 1557 1091 1614 sed
1107 1555 1135 1614 vi
1153 1571 1265 1630 eompa-

210 1640 330 1698 rationis
344 1653 411 1699 cum
425 1640 482 1699 alia
495 1640 673 1713 intelligitur,
685 1640 790 1699 relatio
801 1642 968 1715 appellatur.
981 1641 1124 1700 Eiusmodi
1135 1642 1265 1701 estnotin

212 1739 259 1781 ex.
274 1739 316 1797 gr.
333 1725 542 1799 aequalitatis,
564 1740 638 1798 quae
660 1731 728 1783 tunc
743 1725 878 1798 habetur,
899 1740 966 1784 cum
980 1741 1027 1784 res
1041 1741 1100 1785 una
1115 1726 1263 1785 confertur

212 1822 278 1866 cum
293 1806 350 1867 alia
364 1825 406 1881 re,
427 1824 514 1882 quam
528 1806 704 1882 aequiparat.
1008 1866 1017 1876 ,

255 1891 287 1949 ln
308 1892 444 1951 relatione
468 1893 522 1952 tria
546 1893 721 1951 considerari
741 1893 863 1951 debent:
886 1893 1067 1962 molentum,
1092 1895 1257 1968 ternanos,

210 1974 451 2047 sundanwntuon.
472 1977 637 2035 Subiectum
653 1976 862 2050 diciturillud,
885 1977 961 2051 quod
978 1979 1100 2037 retertur
1115 1980 1151 2038 ad
1165 1979 1262 2052 aliud3

212 2058 243 2117 id
260 2073 342 2132 rem,
360 2061 397 2118 ad
411 2061 487 2134 quod
500 2062 641 2135 refertur,
661 2066 704 2120 est
720 2062 873 2135 terminus,
894 2063 966 2121 ratio
981 2062 1105 2136 denique
1126 2063 1162 2122 ob
1178 2079 1266 2137 quam

210 2143 343 2217 refertur,
364 2159 416 2202 seu
430 2143 461 2202 id
474 2160 512 2203 ex
526 2160 582 2218 qun
597 2145 697 2205 relatio
712 2146 850 2219 resultat,
873 2146 1092 2206 fundamentum
1113 2148 1261 2207 relationis

210 2228 383 2287 nominatur.
407 2229 462 2302 Sic,
482 2233 514 2288 ut
528 2231 659 2304 exemplo
673 2247 736 2290 rem
752 2231 912 2305 declarem,
934 2233 965 2289 in
979 2232 1116 2292 relatione
1132 2233 1265 2293 similitu·

210 2311 304 2386 dinis,
325 2328 398 2386 quae
421 2312 570 2394 interduo
592 2329 712 2388 corpora
726 2315 792 2372 alba
807 2315 974 2390 intercedit,
998 2331 1117 2390 corpora
1131 2317 1263 2377 albedine

210 2395 319 2455 sullusa
337 2396 501 2456 enimcum
519 2401 548 2455 et
569 2399 723 2470 terminus,
739 2399 803 2472 ipsa
818 2399 938 2474 albedo,
960 2401 989 2459 ui
1004 2401 1086 2460 cuius
1101 2401 1207 2462 similia
1221 2402 1264 2461 di-

210 2488 324 2554 cuntur,
342 2481 576 2555 fundmneotum
590 2481 737 2541 relationis
751 2483 901 2543 diceretur.

248 2564 470 2624 sanctadona
491 2565 614 2638 logicam
636 2570 664 2625 et
685 2567 794 2626 realem
818 2569 998 2642 dispescitur.
1019 2570 1069 2629 Illa
1087 2575 1130 2630 est
1152 2587 1264 2645 quaea

209 2650 315 2708 mentis
329 2649 553 2710 consideratione
577 2652 701 2726 pendet,
723 2653 812 2712 altera
836 2669 909 2727 quae
924 2654 953 2713 in
969 2655 1055 2715 rebus
1074 2657 1143 2731 ipsis
1162 2658 1259 2731 uiget,

208 2736 321 2796 tametsi
343 2737 422 2796 nulla
442 2738 547 2797 mentis
570 2739 686 2798 accedat
700 2739 898 2804 consideratio.
922 2741 961 2799 De
975 2742 1124 2816 utriusque
1143 2744 1263 2802 veritate

208 2819 333 2880 dubitari
353 2837 412 2881 non
430 2827 532 2896 potest.
554 2823 626 2883 llam
645 2823 681 2882 ad
701 2824 826 2897 primam
847 2825 923 2898 quod
944 2825 1062 2900 attinet,
1086 2827 1202 2886 euidens
1217 2832 1262 2889 est

207 2921 291 2980 posse
302 2912 428 2967 mentem
441 2912 589 2982 respectus
602 2909 698 2968 uarios
712 2912 741 2968 et
754 2910 867 2968 ordines
883 2910 1008 2970 invicem
1022 2910 1053 2969 in
1063 2912 1123 2970 suis
1134 2911 1207 2970 ideis
1221 2911 1261 2970 el-

207 2992 340 3065 lomrare,
364 2993 440 3052 uelut
454 2994 479 3051 si
493 2993 638 3053 notionem
653 2993 780 3068 aliquam
795 2995 986 3055 universalem
1002 3011 1069 3055 cum
1083 2996 1258 3071 indiuiduis,

208 3094 281 3152 quae
296 3077 346 3136 illa
359 3077 566 3152 complectitur,
579 3079 652 3138 torte
663 3085 829 3160 comparat,
852 3088 903 3140 aut
916 3080 1060 3140 obiectum
1072 3097 1163 3140 unum
1173 3081 1261 3141 idem·

208 3177 265 3234 que
281 3176 349 3220 cum
366 3161 460 3236 seipso
476 3163 605 3234 conlert,
626 3168 711 3237 adpre
730 3165 773 3222 ita
795 3165 837 3224 illi
857 3164 1013 3224 identitatis
1031 3165 1197 3224 relationem
1213 3166 1261 3223 tri·

208 3243 281 3303 buit.
302 3243 342 3303 nd
356 3245 476 3304 alteram
490 3261 556 3304 vern
570 3248 645 3319 quod
659 3249 792 3321 pertinet,
810 3265 867 3308 non
883 3249 979 3309 miuus
988 3254 1098 3309 certum
1108 3254 1151 3308 est
1161 3266 1259 3322 uuam-

207 3327 291 3404 plura
302 3329 423 3402 reperiri
437 3344 511 3404 quae
525 3335 591 3389 ante
605 3345 722 3390 omnem
735 3334 840 3392 mentis
854 3333 1048 3408 operationem
1057 3339 1218 3408 respectum
1229 3339 1258 3395 et

251 3553 262 3596 l
280 3551 328 3598 ullo
343 3567 409 3600 sensu
423 3553 526 3616 usurpari
540 3554 605 3600 etiarn
624 3553 695 3601 solent
708 3554 749 3602 hnc
764 3571 841 3620 voces,
858 3561 965 3618 qnatenus
980 3559 1069 3606 nomine
1084 3560 1144 3606 entia
1157 3557 1261 3608 absoluit·

203 3625 227 3671 il
243 3625 388 3690 intelligatur,
404 3629 464 3690 quod
479 3627 648 3691 dependentium
664 3631 748 3678 nullam
764 3631 867 3695 involvit,
883 3648 923 3679 nee
938 3639 962 3680 nt
976 3635 1054 3681 existat
1068 3633 1165 3696 exposuit
1178 3631 1258 3694 aliud5

201 3703 330 3749 relativum
347 3719 416 3767 vero,
432 3705 491 3767 qued
512 3709 588 3751 cons·
608 3721 631 3751 ee
649 3705 723 3753 heluat.
748 3707 795 3762 Qua
813 3709 937 3770 acceptioue
958 3725 997 3756 ens
1016 3709 1141 3760 absolutum
1164 3706 1255 3754 nonnisi

202 3776 319 3823 Benedici
336 3783 428 3844 posset3
443 3796 479 3827 res
499 3797 550 3830 sero
573 3785 677 3844 creatae,
693 3781 790 3832 cuiusvis
813 3787 905 3831 naturae
925 3784 987 3848 sint,
1004 3785 1064 3834 entia
1078 3783 1169 3832 relatirn
1185 3782 1260 3830 nomi·

202 3856 315 3902 namntur.
