2767 4492
360 409 938 462 rimaraum-rheumatismum
1114 393 1168 456 tos

130 502 237 562 malum
252 497 678 561 inferendumadversuriorum
696 498 836 557 renuntia
854 513 885 556 sc
903 494 1023 556 intlectit
1035 498 1065 556 et
1077 495 1167 571 appli-

128 593 181 646 cat.
198 587 268 661 lirgu
283 585 446 661 hypothesis
459 584 508 644 illa
520 583 745 644 Manichaeorum
765 597 821 641 non
841 579 923 640 murlo
932 595 1103 657 repugnans,
1116 580 1165 640 sed

129 672 214 732 etiarn
228 673 324 745 inepta
338 675 382 730 est
395 669 456 745 tini,
473 677 587 746 propter
604 681 691 742 quem
704 665 849 726 inducitur
862 667 888 725 ⁴.

462 838 627 900 Solvuntur
644 835 838 913 difficoltotee.

164 1011 224 1071 155.
241 1009 331 1072 Obiic.
342 1009 364 1070 l.
376 1009 462 1070 liutto
476 1015 543 1070 sunt
556 1009 588 1069 iu
601 1007 687 1070 rebus
701 1006 838 1084 physicis,
854 1018 928 1082 quae
941 1018 999 1066 non
1008 1006 1093 1066 modo
1105 1006 1167 1066 inu·

128 1096 188 1154 tilia
199 1095 284 1168 sunt,
301 1109 402 1154 terum
418 1094 504 1154 cham
519 1094 623 1167 noxia3
644 1109 718 1168 quae
737 1093 885 1167 pruinosa
904 1091 1042 1166 principio
1056 1107 1167 1151 summe

126 1179 200 1239 bono
215 1195 331 1240 manare
345 1194 403 1240 nun
419 1183 578 1255 potuerunt.
596 1177 628 1238 ll.
642 1178 669 1236 Si
684 1177 855 1253 principium
871 1181 980 1236 tantum
994 1176 1102 1236 bonum
1116 1189 1166 1236 en·
1230 1201 1239 1218 ·

126 1265 346 1337 scrutantium
361 1262 477 1323 omnino
492 1262 601 1321 mulum
614 1262 820 1321 inveniendum
834 1267 908 1319 esset
921 1261 951 1318 in
966 1262 1081 1321 mundo.
1096 1263 1167 1322 Nam

128 1349 179 1408 uhi
193 1365 209 1406 e
224 1348 333 1407 duobus
348 1347 497 1407 contrariis
512 1361 603 1406 unum
615 1346 760 1405 inlinitum
779 1351 838 1418 est,
854 1353 883 1404 et
900 1346 991 1406 solum
1009 1349 1069 1405 vim
1086 1361 1165 1406 exer·

41 1485 44 1493 ,
130 1438 193 1506 cet3
211 1432 330 1491 murum
345 1447 461 1508 prorsus
476 1431 646 1490 excluditur.
665 1431 700 1489 lt
718 1444 783 1489 vero
797 1429 904 1489 hunum
919 1436 962 1488 est
976 1431 1043 1489 mati
1058 1440 1156 1490 contra

131 1515 217 1590 rium,
234 1516 462 1590 principiumque
476 1516 585 1576 bonum
599 1515 712 1574 inlinita
723 1516 827 1589 gaudet
840 1513 975 1574 bonitate.
993 1515 1063 1589 Ergo
1077 1520 1130 1574 etc.

162 1601 326 1675 Respondeo
350 1600 421 1660 nihil
443 1615 544 1660 revera
566 1599 597 1658 in
622 1594 728 1658 mundo
753 1613 816 1658 esse
840 1614 1102 1674 supervacaneum,
1118 1601 1168 1660 sed

127 1687 223 1746 omnia
237 1699 323 1745 usum
337 1684 461 1760 aliquem
475 1690 504 1743 et
517 1683 605 1742 tinem
616 1683 672 1742 sibi
683 1683 883 1758 praestitutum
894 1682 1008 1742 habere.
1025 1683 1102 1751 Quod
1117 1685 1171 1744 etsi

126 1786 210 1847 saepe
224 1770 306 1830 nobis
320 1784 378 1830 nun
392 1769 551 1842 elucescat,
568 1767 622 1827 hoc
639 1773 736 1826 tamen
751 1767 818 1827 inde
836 1767 966 1842 prouenit
982 1769 1056 1843 quod
1071 1785 1170 1830 omnes

126 1862 245 1914 naturae
259 1854 331 1914 tineo
345 1851 486 1928 perspecti
501 1851 584 1912 nobis
599 1867 655 1911 non
671 1852 740 1911 sint.
760 1852 864 1910 lerum
879 1866 913 1910 cx
929 1851 1105 1926 ignoratione
1119 1870 1170 1914 no

172 2027 183 2073 i
203 2029 231 2074 ht
246 2026 349 2089 inquies:
367 2039 474 2088 quaeum
490 2025 556 2087 ipitur
573 2025 615 2073 erit
630 2023 682 2070 mali
700 2021 784 2072 causat
798 2023 926 2088 iieapoualeo
942 2025 966 2071 iu
982 2025 1059 2088 primis
1080 2041 1171 2088 peom-

124 2103 165 2148 tim
181 2103 232 2148 meli
249 2117 336 2148 eausam
352 2100 417 2147 aliam
434 2116 479 2146 non
495 2116 542 2147 essa
558 2099 601 2146 uisi
618 2099 708 2146 bonum.
721 2100 776 2146 Nam
789 2099 871 2146 malum
885 2099 910 2147 iu
927 2100 1049 2163 privatione
1063 2101 1170 2149 consistit.

124 2179 195 2232 Quare
211 2177 234 2222 in
249 2183 334 2222 tantum
348 2177 487 2239 innascitur,
506 2175 529 2221 iu
544 2183 649 2238 quantum
665 2175 787 2222 subiectam
805 2176 863 2224 reale
877 2175 965 2239 aliquod
987 2178 1120 2240 periochem
1135 2181 1171 2226 ri·

125 2253 222 2316 eluatur,
240 2268 304 2315 quam
321 2252 363 2298 sibi
379 2251 482 2314 postulat.
501 2253 529 2297 ha
544 2267 594 2298 vero
615 2251 719 2314 perfectio
737 2251 880 2316 acubiecto,
900 2254 936 2299 cui
954 2255 1082 2303 naturaliter
1100 2257 1172 2304 inausa

126 2329 198 2390 ‹la-bct,
215 2328 319 2375 remorari
335 2329 419 2390 nequit,
436 2328 478 2373 nisi
495 2330 579 2376 actione
593 2326 686 2392 quadan
702 2328 865 2393 intercedenteq
880 2330 936 2376 actio
951 2337 1024 2378 aatcm
1039 2333 1128 2380 nonnisi
1143 2333 1172 2380 ata

126 2411 176 2450 ento
192 2411 256 2466 atque
272 2403 321 2450 ideo
335 2419 348 2450 a
363 2403 420 2450 hono
433 2401 586 2466 proficiscitur.
603 2405 659 2465 Erpa
675 2403 760 2450 malum
773 2409 848 2466 utpote
863 2405 969 2469 privatio,
984 2421 998 2452 a
1012 2406 1069 2454 hono
1084 2407 1171 2455 damia-

129 2485 165 2525 rat
182 2480 242 2526 clusit
257 2480 371 2541 originem.

173 2558 272 2603 alttarnan
283 2554 500 2603 animadvertendum
515 2561 555 2619 est,
571 2555 652 2604 bonum
667 2571 712 2603 non
728 2555 833 2604 directam
847 2572 895 2604 esse
910 2571 996 2604 canaam
1010 2557 1072 2620 mali,
1084 2558 1122 2604 sed
1137 2559 1171 2604 iu·

130 2631 250 2696 directam,
266 2631 316 2694 rel,
332 2637 356 2678 ut
369 2631 447 2696 aiunt,
463 2647 508 2693 pes·
523 2634 634 2680 cecideras.
653 2632 736 2679 Malum
752 2633 811 2679 enim
828 2647 872 2678 uou
887 2647 926 2694 per
941 2647 977 2694 se,
995 2631 1033 2677 sed
1048 2632 1073 2678 iu
1089 2637 1173 2679 nutum

126 2707 230 2769 gignitur,
246 2708 388 2770 inquantum
404 2722 470 2769 agene
486 2708 554 2756 iertur
570 2710 593 2756 iu
611 2709 692 2755 bonum
709 2709 806 2770 aliquod,
825 2707 863 2770 qui
878 2723 928 2752 cum
943 2707 1050 2754 coutruria
1067 2708 1172 2770 quaedum

125 2783 217 2846 privatio
233 2783 379 2844 coniungitur.
398 2785 433 2830 Sic
450 2785 513 2830 iudex
529 2785 600 2847 capite
614 2783 705 2830 damnat
719 2784 881 2845 facinorosum,
899 2783 950 2845 quia
965 2783 1063 2828 ordinem
1077 2785 1173 2830 iustitiae

125 2865 233 2904 serratum
249 2858 310 2921 vult,
326 2857 383 2917 ignia
400 2859 507 2904 comburit
524 2859 608 2918 liquam
625 2857 806 2902 communicando
822 2855 927 2919 dorem,
944 2873 969 2902 ax
983 2873 1026 2919 quo
1040 2865 1112 2920 partes
1126 2860 1173 2905 eiua

125 2933 277 2994 resolvuntur,
295 2932 436 2995 voluptuosus
452 2935 543 2979 rationis
560 2933 667 2978 dictamen
685 2933 761 2994 viciat,
779 2937 805 2977 ut
820 2932 919 2979 metius
935 2933 1068 2981 blandiatur.

173 3007 256 3052 lleimla
273 3007 392 3052 notandum
406 3011 439 3052 est
452 3007 510 3054 mala
525 3007 616 3070 physica
630 3013 652 3052 et
666 3006 723 3052 mala
737 3023 831 3071 poenaq
842 3009 908 3055 etiam
921 3025 971 3055 cum
984 3011 1082 3072 proxime
1092 3026 1104 3058 a
1115 3027 1173 3060 erea-

127 3084 155 3128 tis
169 3081 281 3142 agentibus
298 3079 430 3142 inieruntur,
443 3081 467 3127 in
478 3082 546 3127 Dema
561 3089 671 3142 umquam
688 3081 711 3126 iu
727 3083 820 3143 primam
836 3099 922 3130 uuum
938 3084 1025 3132 minuati
1039 3102 1110 3148 posse.
1123 3087 1171 3134 Noa

127 3159 186 3205 onim
202 3157 279 3206 citium
293 3162 314 3202 et
328 3155 435 3201 deiectum
451 3156 475 3202 iu
492 3157 538 3220 ipsa
552 3163 638 3219 ponunt
653 3171 726 3220 causa,
742 3157 780 3204 sed
796 3173 842 3204 ram
856 3160 951 3222 aliqum
965 3161 1127 3223 contingentem
1143 3163 1172 3209 ad

126 3233 224 3280 oralinctn
241 3247 280 3278 uec
295 3231 397 3278 moralem
412 3247 452 3278 nec
468 3231 581 3296 physicum
596 3233 739 3280 necessariam
753 3249 765 3280 e
779 3234 850 3282 medic
865 3235 958 3300 polluat,
970 3237 1032 3283 cuius
1047 3243 1121 3283 tamen
1136 3253 1170 3284 rc-

126 3309 201 3372 mutio,
213 3308 247 3356 sel
263 3323 275 3354 a
290 3307 432 3370 prestantium
447 3307 520 3370 aliquo
536 3307 601 3370 bono,
613 3307 648 3355 rel
664 3308 691 3354 ab
707 3309 754 3371 ipsa
769 3309 866 3356 iustitiae
879 3302 953 3371 requie
968 3312 1068 3372 eripitur.
1081 3313 1110 3357 tt
1120 3326 1171 3358 con·

127 3392 159 3432 tra
170 3383 250 3431 malurn
261 3383 342 3430 morale
352 3383 423 3445 ipsum
437 3388 511 3445 turpat
524 3381 663 3447 efficientem,
675 3384 757 3446 quippe
771 3385 830 3448 quud
845 3385 869 3432 iu
883 3386 931 3448 ipse
945 3385 1002 3432 inest
1011 3386 1105 3448 mione,
1117 3402 1173 3450 quae

126 3477 139 3508 a
153 3477 237 3508 morum
253 3459 326 3522 reptata
341 3457 427 3520 deicit3
446 3464 490 3505 traua
508 3459 580 3505 ordini
597 3459 727 3506 contradicit
740 3461 844 3524 iustitiae,
858 3467 880 3508 et
895 3461 982 3509 divinae
996 3461 1122 3508 aiveraatur
1137 3461 1173 3509 li-

125 3537 222 3583 leetioni.
241 3537 311 3592 Quare
326 3535 452 3598 neutiquam
467 3537 524 3582 Deus
546 3536 601 3584 illud
620 3537 691 3602 ralla,
708 3537 746 3584 sed
760 3538 885 3600 permittere
903 3543 989 3584 nutum
1007 3536 1112 3585 dicendus
1130 3545 1171 3585 est.

129 3615 174 3659 Etsi
188 3613 247 3659 cuiun
261 3613 283 3658 vi
297 3611 459 3676 potentissimae
474 3627 526 3658 suae
540 3612 658 3660 voluntatis
674 3613 755 3659 mduut
770 3613 876 3660 eiusmodi
890 3613 996 3676 impedire
1011 3613 1088 3675 possit,
1100 3619 1173 3660 tamen

129 3695 216 3752 propter
230 3688 316 3734 altiores
332 3693 353 3734 at
367 3687 514 3735 sanctissimas
530 3688 624 3734 rationes
641 3704 685 3735 nun
702 3688 813 3752 impertit,
829 3689 867 3736 scd
881 3689 934 3736 uiuit
947 3694 972 3735 ut
985 3689 1071 3750 agentia
1089 3691 1174 3737 mtioue

131 3763 227 3826 praestita
242 3779 281 3826 pro
295 3763 364 3810 lubitu
386 3772 511 3826 operentur.
528 3765 596 3811 Causa
614 3781 665 3812 vero
685 3765 757 3811 omnis
772 3765 838 3811 huius
858 3765 911 3811 mali
924 3765 949 3810 iu
963 3765 1073 3812 voluntate
1089 3771 1174 3812 tantm

131 3844 238 3884 creaturae
255 3839 366 3885 rationalis
382 3841 424 3886 sita
439 3845 483 3887 cst:
502 3856 557 3903 quae
572 3857 623 3887 uum
636 3841 706 3888 libera
718 3841 748 3888 sit
760 3847 784 3887 et
796 3839 903 3888 inmitibus
916 3840 1079 3907 circumscripte
1092 3875 1100 3905 ,
1115 3840 1172 3887 tat-

121 3912 202 3982 ¹cianali
216 3915 354 3976 capacitatem
368 3913 442 3979 halet,
457 3920 521 3978 atque
537 3915 586 3964 ideo
600 3915 702 3965 liicrtate
714 3916 747 3964 uti
763 3915 792 3968 ati
805 3915 901 3982 mum,
915 3916 950 3965 rel
967 3916 1029 3966 etuti
1043 3917 1070 3965 ad
1088 3915 1171 3965 anatum

130 3993 208 4056 potest.
652 3995 655 4003 “
