2767 4492
230 249 268 338 92
687 290 814 334 nootcuu

265 375 327 443 Qua
347 375 379 431 in
398 388 431 432 re
452 371 645 430 animadverte
666 371 864 430 certitudinem
878 369 1017 428 moralem
1030 371 1201 446 quandoque
1215 376 1280 433 stri·

226 459 333 531 ctiore,
357 457 527 531 quandoque
547 456 646 516 latiore
665 455 873 529 significatione
895 455 1037 529 usurpari.
1061 456 1130 515 dnm
1150 457 1279 530 pressius

229 543 369 613 sumitur,
387 548 455 600 tunc
469 556 569 615 reapse
588 542 673 600 talem
688 541 852 600 ttrmttatem
867 545 958 612 sonat,
975 555 1048 614 quae
1067 539 1179 599 nullum
1194 541 1278 600 dubi-

230 627 308 685 medi
328 625 464 699 relinquit
484 626 643 683 arbitrium.
665 626 699 682 tt
713 639 779 682 cunr
798 624 905 682 laxiore
927 638 1014 682 sensu
1033 623 1189 697 accipitur,
1210 631 1279 684 tunc

226 710 341 770 nonnisi
351 724 468 784 gravem
480 708 707 783 probabilitatem
723 708 873 782 signifieat,
890 722 923 765 ae
934 707 1020 766 talem
1034 719 1108 780 quae
1121 706 1159 766 ad
1168 713 1279 768 rectam

225 797 451 869 prudentemque
469 793 662 868 operationem
683 794 746 852 loco
764 792 941 852 certitudinis
956 791 1056 850 baberi
1078 792 1175 866 possit.
1199 793 1278 852 lesu-

226 896 278 953 per
292 879 444 939 auctoritas
459 878 586 936 bumana
603 877 712 936 versari
727 881 818 950 potest
832 875 877 934 vel
892 875 967 934 circa
981 875 1124 950 deputato
1140 875 1185 935 rel
1199 877 1278 937 circa

224 965 314 1037 secto,
332 970 416 1038 prout
428 963 473 1020 rel
488 961 636 1020 veritatem
651 961 688 1018 ad
703 961 851 1019 scientiam
865 958 1065 1034 pertinentem,
1081 960 1127 1019 rel
1141 964 1277 1020 eventum

225 1055 345 1108 testatur
359 1049 495 1121 aliquem.
568 1065 574 1076 ·

261 1133 305 1190 52.
317 1133 366 1190 llis
375 1138 460 1190 antea
474 1131 587 1202 notatis,
604 1131 641 1189 ad
654 1130 830 1205 propositum
844 1129 1004 1189 veniamus.
1020 1129 1163 1204 Principio
1177 1131 1276 1206 itaque

225 1216 347 1274 dicimus
361 1215 392 1273 in
406 1231 438 1273 re
452 1213 610 1274 scientifica
624 1213 819 1273 testimonium
834 1213 1014 1286 sapientum,
1039 1220 1068 1272 et
1081 1214 1111 1271 in
1127 1219 1187 1274 arte
1202 1216 1276 1288 peri·

226 1307 319 1359 torum
334 1310 384 1373 pro
398 1299 518 1358 mdibus
532 1313 664 1357 nonnam
678 1313 755 1370 esse,
772 1298 819 1356 oui
833 1297 950 1356 omnino
966 1297 1204 1371 acquiescendum
1220 1299 1271 1372 sit,

221 1399 274 1457 pro
288 1383 378 1444 doctis
392 1398 459 1441 rero
474 1389 503 1440 et
515 1382 653 1456 eruditis,
670 1383 724 1440 etsi
738 1397 823 1454 grave
841 1381 945 1441 babeat
966 1383 1095 1455 pondus,
1119 1386 1212 1441 mmen
1229 1397 1274 1440 ra·

224 1468 293 1526 boni
307 1468 472 1527 concedere.
493 1468 615 1541 Utraque
630 1483 696 1540 pars
711 1467 874 1524 assertionis
888 1466 1020 1540 prudenti
1034 1465 1150 1524 cuilibet
1171 1467 1274 1540 oppido

225 1551 323 1625 liquet.

260 1637 349 1707 Nam,
365 1636 401 1694 ad
422 1636 636 1710 primumquod
651 1637 769 1708 attinet,
789 1649 855 1693 oum
869 1635 954 1694 rudes
972 1634 1138 1706 redmtem,
1158 1635 1194 1693 de
1216 1651 1274 1708 qua

226 1734 318 1777 sermo
332 1726 394 1790 est,
421 1735 472 1792 per
487 1736 518 1778 se
532 1720 663 1792 detegere
679 1726 729 1778 out
743 1721 936 1779 demonstrare
950 1726 1111 1793 nequeant;
1128 1718 1182 1777 nisi
1196 1719 1273 1779 illius

223 1803 324 1862 notitia
337 1803 451 1861 destitui
464 1804 575 1876 malint,
591 1804 707 1862 omnino
722 1811 831 1878 oportet
845 1811 876 1863 ut
885 1805 914 1863 in
926 1803 1090 1862 auctoritate
1106 1804 1161 1862 noe
1176 1803 1273 1877 digno

223 1900 289 1943 rum
303 1887 513 1961 conquiescant,
530 1889 566 1946 de
580 1903 701 1961 quorum
716 1889 834 1948 scientia
849 1894 878 1947 et
892 1889 1047 1961 veriloquio
1063 1887 1192 1946 dubitare
1208 1903 1271 1961 pru·

223 1970 323 2028 denter
336 1986 394 2029 non
410 1973 527 2046 possint.
543 1973 614 2031 ilinc
628 1978 722 2031 ortum
737 1979 780 2031 est
795 1973 865 2031 illud
878 1973 937 2031 iam
952 1973 1050 2031 tritum
1063 1985 1194 2030 sermone
1208 1987 1271 2046 pro·

222 2055 366 2113 verbium:
381 2056 486 2130 peritis
501 2058 536 2114 in
552 2065 616 2114 arte
630 2057 807 2116 credentium
822 2063 873 2114 ost.

257 2138 349 2197 Altera
366 2155 430 2198 vero
447 2155 511 2213 pars
522 2155 579 2199 non
595 2141 691 2198 minus
706 2146 837 2213 apparet3
849 2140 1082 2214 qnandoquidem
1092 2140 1168 2200 docti
1178 2141 1270 2200 bomi-

221 2238 274 2282 nes
287 2223 317 2282 in
332 2223 508 2297 disciplinis,
525 2224 629 2298 quibus
651 2225 721 2281 dant
735 2239 869 2296 operam,
888 2239 945 2284 non
963 2226 1049 2282 iidem
1064 2231 1205 2298 quaerunt
1220 2227 1271 2284 sed

221 2308 386 2381 scientiam
407 2323 480 2382 quoe
494 2323 552 2366 non
566 2307 735 2366 auctoritate
749 2307 864 2381 nititur,
881 2309 930 2367 sed
945 2311 1089 2368 rationum
1104 2311 1267 2369 momentis.

222 2393 324 2451 Contm
338 2399 435 2466 utpote
449 2393 480 2452 in
495 2409 530 2452 ea
543 2409 641 2451 rernm
656 2393 849 2465 speculatione
865 2394 982 2466 versati,
999 2392 1094 2452 idonei
1110 2400 1177 2453 sunt
1191 2409 1269 2468 pror-

219 2491 267 2536 sus
282 2479 319 2535 ad
333 2483 502 2551 argumenta
519 2479 738 2551 perpendenda,
755 2493 828 2553 qnae
850 2494 899 2551 pro
923 2480 1041 2538 veritate
1063 2479 1113 2538 illa
1132 2479 1267 2538 militant.

220 2562 294 2619 Haec
309 2561 396 2632 igitur
410 2563 565 2634 pmdenter
579 2562 730 2636 exquirere
745 2571 864 2636 possunt
878 2569 907 2620 et
920 2563 1040 2635 debent,
1057 2578 1110 2622 uec
1126 2564 1267 2636 pecudum

218 2643 277 2702 ritu
292 2644 367 2717 duci,
384 2650 434 2702 aut
448 2645 510 2704 sine
524 2661 611 2706 cansa
625 2647 816 2722 pronuntiatis
831 2647 952 2705 aliorum
963 2648 1060 2708 fidere.
1072 2629 1204 2722 tpposie
1216 2647 1268 2706 llu-

220 2731 368 2802 gostinus:
389 2731 452 2790 «ld
468 2731 634 2792 discendum
651 2733 803 2808 dupliciter
816 2732 963 2793 ducimur:
980 2736 1156 2802 auctoritate,
1175 2751 1209 2793 ae
1223 2750 1267 2792 ra·

221 2837 232 2863 a
251 2813 340 2887 tione;
359 2821 483 2888 tempore
498 2817 663 2890 auctoritas,
678 2833 712 2876 re
726 2823 822 2877 autem
837 2819 909 2877 ratio
923 2819 1003 2892 prior
1016 2824 1068 2878 est.
1084 2818 1166 2877 Aliud
1180 2824 1224 2878 est
1239 2835 1267 2878 e·

220 2921 232 2948 a
248 2898 310 2957 nim
325 2898 401 2972 quod
411 2899 441 2958 in
458 2901 568 2974 agendo
579 2901 775 2974 anteponitur3
793 2903 870 2960 aliud
880 2903 996 2976 quodin
1011 2903 1170 2977 appetendo
1181 2903 1263 2962 aesti-

220 2991 351 3042 «matur.
368 2985 464 3058 ltaque
484 3001 659 3060 quamquam
673 2987 815 3046 bonorum
835 2987 988 3046 aucteritas
1007 2987 1267 3061 imperitae-multi-

219 3089 230 3116 ·
248 3067 362 3128 titudini
376 3070 506 3129 rideatur
520 3084 583 3130 esse
597 3070 752 3145 salubrior3
769 3073 842 3132 ratio
856 3087 924 3132 vero
938 3072 1030 3147 aptior
1044 3071 1164 3132 eruditis
1179 3074 1205 3129 ⁴.
1221 3094 1231 3122 ι

245 3153 289 3209 53.
299 3153 426 3213 Secundo
441 3155 628 3226 assero,inrc
636 3157 710 3228 fecti
719 3158 916 3216 auowdtatem
926 3156 1084 3231 generatim
1094 3156 1263 3230 inspectam,

212 3233 266 3292 etsi
275 3235 425 3308 plenanon
435 3237 589 3311 sit,haberi
599 3245 728 3312 oportere
737 3245 768 3298 ut
778 3255 909 3300 normam
918 3240 1124 3316 approbatione
1134 3239 1263 3314 dignam,

216 3332 359 3391 quemque
373 3320 404 3378 in
418 3321 572 3380 iudicando
586 3321 648 3395 (ubi
662 3323 735 3382 ratio
750 3323 863 3384 interna
876 3325 977 3384 baberi
991 3325 1102 3400 nequit)
1114 3324 1183 3384 etin
1197 3338 1264 3398 ope·

215 3404 305 3460 raudo
319 3417 483 3476 sequamur.

251 3484 566 3548 Demonstratnrzillud
585 3489 640 3549 tale
659 3491 836 3552 censendum
850 3498 909 3562 est,
926 3495 1002 3568 quod
1014 3497 1184 3571 plerumque
1204 3509 1264 3554 non

214 3569 288 3627 laitit
301 3575 330 3629 et
343 3577 447 3630 natura
460 3588 513 3632 sua
526 3576 723 3634 necessarium
736 3581 780 3635 est
793 3582 825 3635 ut
843 3577 993 3640 bominum
1007 3580 1067 3640 rita
1085 3579 1263 3642 coniunctio-

215 3667 272 3726 que
290 3661 427 3715 serretur.
448 3657 532 3731 ltqtri
549 3658 692 3721 eiusmodi
706 3666 751 3721 est
771 3660 933 3724 auotoritas.
950 3664 1021 3726 llam
1036 3665 1113 3739 quod
1134 3665 1260 3726 testim

258 3833 478 3884 tbeordtaettb.
497 3837 603 3900 aet,
