2767 4492
241 309 297 376 lib
568 319 779 371 rmrmansms
793 316 958 368 1111111111

236 413 385 473 notionem
397 409 592 486 procedimus.
605 409 676 468 tium
685 406 764 468 enim
777 403 891 464 realitas
905 408 934 461 et
947 400 1084 476 perfectio
1094 400 1195 472 suapte
1208 395 1238 456 vi
1252 395 1291 456 ad
1375 436 1376 478 ,

238 498 317 556 bunc
331 496 426 570 potius
441 495 564 554 aliumve
578 493 700 567 gradum
711 506 769 554 uon
780 488 990 561 adstringatur3
1007 501 1025 545 a
1038 485 1154 544 notione
1168 483 1242 541 entis
1256 482 1292 541 li-
1375 489 1376 494 ’

238 582 324 640 mites
339 596 533 655 quoscumque
548 584 598 637 aut
614 578 741 636 defectus
761 573 956 646 secernimus,
973 577 1058 645 atque
1076 585 1128 628 cns
1147 568 1291 642 quoddam

239 666 324 725 nobis
338 670 603 740 repraesentamus,
620 662 697 738 quod
711 673 827 720 omnem
841 672 944 732 puram
958 655 1162 730 perfectionem
1176 653 1291 712 realita-

240 741 355 824 t'emque'
377 749 408 807 in
429 764 460 807 sc
481 748 521 807 ita
542 745 754 822 simplicissime
776 742 997 816 complectatur,
1013 745 1045 798 ut
1060 737 1189 796 terminis
1203 737 1291 795 nullis

241 839 409 894 coarctetur.
426 833 515 892 liuius
528 847 596 891 uero
610 830 747 904 deinceps
762 825 869 887 realem
884 823 1067 884 existentiam
1081 839 1118 881 ex
1133 821 1243 880 entium
1258 820 1291 878 sr-

240 920 369 978 nitorum
382 917 534 976 existentia
547 915 692 977 evidenter
707 913 869 983 inferimus,
882 907 1122 984 quemadmodum
1136 907 1168 965 in
1177 905 1292 966 Thecla

242 1003 290 1076 gia
304 1003 429 1062 naturali
443 1000 562 1077 patebit.
1197 1057 1204 1064 ,
1378 1030 1379 1056 1

278 1084 467 1148 Nihilominus
481 1101 564 1144 mens
578 1089 677 1144 nostra
690 1087 782 1160 potest
796 1082 850 1140 bac
865 1080 896 1140 11
910 1094 941 1140 11
957 1079 1071 1138 inverso
1086 1077 1172 1138 etiam
1185 1076 1291 1136 itinere

241 1171 394 1246 progredi3
410 1174 553 1248 qnatenus
567 1175 719 1244 postquam
739 1167 835 1226 ideam
853 1165 927 1224 entis
945 1161 1152 1238 generalissimi
1167 1159 1291 1220 atinde

243 1255 415 1316 terminatio
429 1254 516 1314 rebus
532 1252 713 1326 abstraxerit,
729 1266 797 1310 mox
813 1247 849 1308 ab
864 1249 964 1310 illaad
978 1245 1293 1308 infinitumetiinibrm
1379 1230 1380 1254 ¹

244 1339 331 1399 simul
346 1339 566 1414 concipiendum
585 1336 726 1396 deveniat.
744 1335 813 1394 ilum
832 1334 911 1392 enim
929 1349 947 1392 a
964 1333 1093 1391 maxima
1106 1329 1156 1390 illa
1167 1328 1291 1388 indeter-

242 1424 400 1484 minatione
414 1423 518 1483 obiecti
533 1422 569 1482 ad
583 1421 692 1496 aliquid
707 1419 890 1494 cogitandum
904 1434 934 1476 se
949 1417 1045 1489 flectit,
1058 1415 1133 1490 quod
1146 1411 1292 1489 possibilis

244 1510 345 1568 saltem
358 1510 505 1569 notionem
520 1507 655 1578 obiiciat,
674 1504 769 1564 statim
784 1503 840 1563 sibi
854 1501 998 1578 duplicem
1011 1499 1148 1562 resbatis
1161 1497 1294 1558 ordinem

244 1595 390 1655 obuersari
404 1594 560 1670 conspicit:
577 1592 707 1650 ordinem
722 1590 794 1648 entis
809 1588 964 1648 necessarii
979 1593 1008 1646 et
1021 1587 1145 1660 infiniti,
1162 1583 1294 1644 ordinem

245 1681 320 1738 ontis
334 1678 527 1752 contingentis
546 1683 574 1734 et
592 1675 685 1748 finiti;
702 1680 786 1749 prout
800 1673 908 1734 notioni
926 1672 968 1732 illi
984 1669 1228 1732 abstractissimae
1243 1683 1294 1727 no·

167 1821 171 1827 .
246 1765 353 1822 tionem
368 1761 604 1836 independentiae
620 1764 705 1834 atque
726 1757 790 1818 ideo
805 1757 947 1819 carentiae
969 1757 1111 1830 limitum,
1128 1761 1177 1816 aut
1191 1756 1295 1840 depen-

246 1847 359 1905 dentiae
373 1850 402 1905 et
416 1845 594 1904 limitationis
608 1843 748 1918 adiungit.

283 1930 327 1987 37.
343 1930 491 1989 Notionem
505 1929 611 1988 intiniti
627 1927 832 2004 simplicissimi
846 1934 875 1988 et
889 1931 1088 2002 undecumque
1101 1926 1221 2002 perfecti
1235 1940 1295 1986 non

229 2014 301 2071 ‘nisi
315 2014 373 2072 enti
389 2013 549 2073 necessario
564 2019 725 2086 competere
737 2013 858 2088 quisque
872 2030 923 2088 per
937 2029 967 2072 sc
981 2013 1065 2072 facile
1079 2009 1225 2070 iudicabit.
1237 2007 1296 2068 llus

246 2097 325 2155 enim
340 2098 528 2172 contingens,
544 2105 577 2157 ut
598 2114 635 2157 11
656 2098 852 2172 superioribus
873 2104 968 2173 patet,
986 2113 1043 2156 non
1066 2095 1158 2154 solum
1179 2111 1217 2154 ex
1239 2093 1295 2152 alio

246 2183 338 2255 quoad
355 2183 536 2242 existendum
550 2183 673 2258 pendet,
690 2183 741 2242 sed
761 2183 847 2244 etiam
861 2183 971 2243 ratione
986 2181 1136 2256 multiplici
1150 2177 1295 2240 mutabili·

246 2271 335 2324 tatem
350 2267 478 2340 includit,
496 2273 581 2342 atque
593 2267 658 2327 ideo
673 2267 820 2341 augmenti
834 2273 863 2326 et
880 2267 1055 2326 decrementi
1070 2270 1113 2324 111
1127 2263 1294 2340 1111111111-

247 2350 337 2409 cludit
349 2351 436 2424 igitur
450 2353 612 2410 necessario
627 2368 645 2410 a
659 2367 689 2409 se
704 2351 956 2426 independentiam
971 2366 1003 2410 ac
1018 2350 1220 2408 necessitatem
1234 2345 1296 2406 1111-

247 2433 339 2494 stendi
348 2439 377 2493 et
386 2434 656 2508 immutabilitatem,
664 2451 738 2508 quac
750 2441 816 2493 sunt
827 2435 1013 2510 perfectiones
1022 2433 1181 2505 maximam
1191 2432 1298 2492 ideam·

250 2535 306 2591 que
321 2519 483 2593 suppeditat
497 2520 655 2580 confinium
669 2521 858 2594 quorumdam
868 2520 972 2594 quibus
982 2525 1121 2591 teneatur,
1133 2523 1162 2576 11
1176 2533 1213 2576 ex
1228 2533 1297 2592 quo

247 2618 314 2660 rum
328 2603 415 2660 ueluti
430 2602 589 2662 mutatione
605 2605 667 2682 liat,
685 2611 717 2664 ut
731 2604 904 2678 perfectione
919 2604 1013 2678 aliqua
1029 2604 1144 2678 spoliari
1159 2607 1208 2661 aut
1222 2617 1297 2660 nova

249 2685 347 2758 augeri
362 2686 462 2759 possit.
478 2687 626 2748 Praeterea
640 2689 785 2762 quodlibet
794 2704 846 2747 ens
860 2687 1027 2762 contingens
1041 2703 1100 2746 non
1115 2693 1158 2746 ost
1171 2686 1234 2762 ipsa
1248 2685 1297 2744 ab

247 2769 340 2828 soluta
353 2771 482 2845 restitas,
503 2772 553 2832 sed
566 2771 653 2832 huius
666 2773 846 2847 participatio
862 2779 890 2832 et
904 2774 985 2848 quasi
1003 2773 1126 2846 rivulus,
1143 2775 1297 2845 conceptus

247 2861 344 2914 autem
358 2857 499 2916 eiusmodi
513 2858 660 2917 notionem
675 2859 731 2917 sibi
749 2858 877 2934 implicat
895 2859 1102 2932 coarctationis,
1119 2855 1296 2929 confinium,

247 2955 411 3000 mensurae.
429 2941 485 3000 Ens
499 2958 566 3017 ergo
582 2945 763 3017 contingens,
776 2957 834 3002 non
849 2943 905 3002 nisi
921 2943 1049 3002 numeris
1061 2941 1234 3016 quibusdam
1248 2941 1299 2998 ad·

247 3025 378 3085 strictam
392 3025 552 3086 realitatem
566 3028 662 3088 babet.
679 3028 770 3095 Quare
785 3028 920 3102 perfectio
930 3028 1043 3086 infinita
1056 3027 1081 3085 si
1095 3025 1239 3102 possibilis
1253 3028 1299 3082 est

251 3111 333 3184 (esse
347 3117 444 3171 autem
457 3113 623 3186 possibilem
638 3129 674 3172 ex
690 3129 723 3172 eo
738 3117 824 3188 patet,
836 3113 912 3188 quod
922 3112 1031 3172 nullam
1041 3117 1231 3186 conceptuum
1244 3125 1298 3184 pu·

249 3209 337 3267 gnam
351 3194 500 3270 includit),
517 3196 632 3256 nonnisi
641 3198 672 3256 in
682 3202 747 3256 ente
757 3198 919 3256 necessario
929 3196 1048 3272 reperiri
1058 3202 1158 3271 potest.
1172 3194 1300 3268 lienique
1364 3263 1370 3274 ¹

247 3292 302 3336 ens
316 3280 484 3354 contingens
498 3280 635 3355 distingui
649 3282 775 3355 proiecto
797 3282 882 3341 debet
901 3281 1017 3342 abente
1035 3280 1216 3354 necessario,
1239 3283 1300 3337 tum

250 3361 321 3435 quia
334 3363 527 3422 diuersissima
546 3371 590 3423 est
604 3363 752 3438 utriusque
772 3371 877 3424 natura
894 3371 923 3426 et
940 3366 1037 3440 notio,
1054 3365 1217 3424 tumeliam
1232 3362 1302 3438 quia

248 3445 610 3522 huiusilludetfectusest3
626 3447 744 3507 effectus
755 3455 852 3507 autem
863 3449 1046 3524 distinguitur
1062 3465 1185 3510 acausa.
1199 3448 1301 3507 Carere

249 3530 338 3603 igitur
352 3532 436 3592 debet
448 3533 484 3591 iis
499 3531 746 3604 constituentibus,
759 3533 863 3604 quibus
879 3543 982 3593 natura
991 3535 1053 3609 ipsa
1063 3534 1136 3592 entis
1145 3532 1302 3592 necessarii

253 3613 372 3687 physice
391 3622 517 3690 constat3
534 3616 640 3692 quippe
659 3631 726 3694 cum
744 3631 791 3674 res
809 3618 926 3691 quaevis
945 3634 995 3693 per
1013 3634 1048 3678 ea
1062 3618 1196 3677 sceleris
1210 3631 1303 3676 secer·

254 3701 341 3754 natur
353 3703 383 3756 et
396 3699 520 3773 differat,
536 3715 588 3774 per
602 3715 675 3774 quae
689 3700 879 3759 constituitur.
896 3703 979 3776 tiqui
993 3703 1107 3762 infinita
1121 3701 1258 3778 perfectio
1274 3705 1304 3760 11

257 3779 469 3854 simplicissima
482 3784 606 3856 realitas,
622 3783 756 3842 omnibus
771 3783 900 3844 absoluta
913 3785 1066 3860 limitibus,
1083 3787 1112 3844 id
1127 3801 1227 3845 revera
1242 3789 1301 3856 est,

256 3865 334 3945 quod
347 3881 399 3930 cns
413 3869 607 3939 necessarium
615 3869 735 3950 physice
748 3871 780 3933 11
793 3886 825 3934 se
834 3873 997 3946 constituta
1014 3872 1258 3948 quemadmodum
1272 3869 1305 3928 in
