<?xml version="1.0" encoding="UTF-8"?>
<!DOCTYPE html PUBLIC "-//W3C//DTD XHTML 1.0 Transitional//EN"
    "http://www.w3.org/TR/xhtml1/DTD/xhtml1-transitional.dtd">
<html xmlns="http://www.w3.org/1999/xhtml" xml:lang="en" lang="en">
 <head>
  <title>
</title>
<meta http-equiv="Content-Type" content="text/html;charset=utf-8" />
  <meta name='ocr-system' content='tesseract 3.04.00' />
  <meta name='ocr-capabilities' content='ocr_page ocr_carea ocr_par ocr_line ocrx_word'/>
</head>
<body>
  <div class='ocr_page' id='page_1' title='image "./institutionesph00libegoog_0365.png"; bbox 0 0 2767 4492; ppageno 0'>
   <div class='ocr_carea' id='block_1_1' title="bbox 383 417 1122 480">
    <p class='ocr_par' dir='ltr' id='par_1_1' title="bbox 383 417 1122 480">
     <span class='ocr_line' id='line_1_1' title="bbox 383 417 1122 480; baseline 0.007 -7"><span class='ocrx_word' id='word_1_1' title='bbox 383 426 457 474; x_wconf 80' lang='lat' dir='ltr'><strong>mne</strong></span> <span class='ocrx_word' id='word_1_2' title='bbox 472 425 823 478; x_wconf 73' lang='lat' dir='ltr'><strong>manna-esncnonocm</strong></span> <span class='ocrx_word' id='word_1_3' title='bbox 1063 417 1122 480; x_wconf 77' lang='lat' dir='ltr'><strong>&#39;lut</strong></span> 
     </span>
    </p>
   </div>
   <div class='ocr_carea' id='block_1_2' title="bbox 78 510 1126 770">
    <p class='ocr_par' dir='ltr' id='par_1_2' title="bbox 78 510 1126 761">
     <span class='ocr_line' id='line_1_2' title="bbox 80 510 1123 593; baseline 0.002 -19"><span class='ocrx_word' id='word_1_4' title='bbox 80 512 170 588; x_wconf 89' lang='lat' dir='ltr'><strong>tium;</strong></span> <span class='ocrx_word' id='word_1_5' title='bbox 191 529 210 572; x_wconf 92' lang='lat' dir='ltr'><strong>a</strong></span> <span class='ocrx_word' id='word_1_6' title='bbox 223 510 331 573; x_wconf 80' lang='lat' dir='ltr'><strong>fortiori</strong></span> <span class='ocrx_word' id='word_1_7' title='bbox 344 512 471 587; x_wconf 92' lang='lat' dir='ltr'><strong>primurn</strong></span> <span class='ocrx_word' id='word_1_8' title='bbox 484 529 543 572; x_wconf 92' lang='lat' dir='ltr'><strong>non</strong></span> <span class='ocrx_word' id='word_1_9' title='bbox 556 514 717 572; x_wconf 85' lang='lat' dir='ltr'><strong>necessario</strong></span> <span class='ocrx_word' id='word_1_10' title='bbox 730 521 795 588; x_wconf 91' lang='lat' dir='ltr'><strong>post</strong></span> <span class='ocrx_word' id='word_1_11' title='bbox 808 531 839 574; x_wconf 89' lang='lat' dir='ltr'><strong>se</strong></span> <span class='ocrx_word' id='word_1_12' title='bbox 854 516 941 574; x_wconf 86' lang='lat' dir='ltr'><strong>tradit</strong></span> <span class='ocrx_word' id='word_1_13' title='bbox 954 517 1123 593; x_wconf 72' lang='lat' dir='ltr'><strong>seeundum</strong></span> 
     </span>
     <span class='ocr_line' id='line_1_3' title="bbox 78 598 1126 695; baseline 0.003 -37"><span class='ocrx_word' id='word_1_14' title='bbox 78 599 222 695; x_wconf 80' lang='lat' dir='ltr'>siquidem</span> <span class='ocrx_word' id='word_1_15' title='bbox 235 599 346 658; x_wconf 80' lang='lat' dir='ltr'><strong>facilius</strong></span> <span class='ocrx_word' id='word_1_16' title='bbox 361 599 487 658; x_wconf 83' lang='lat' dir='ltr'><strong>carenda</strong></span> <span class='ocrx_word' id='word_1_17' title='bbox 502 598 651 658; x_wconf 90' lang='lat' dir='ltr'><strong>cniusdam</strong></span> <span class='ocrx_word' id='word_1_18' title='bbox 670 599 841 658; x_wconf 87' lang='lat' dir='ltr'><strong>conditionis</strong></span> <span class='ocrx_word' id='word_1_19' title='bbox 854 615 891 658; x_wconf 83' lang='lat' dir='ltr'><strong>ex</strong></span> <span class='ocrx_word' id='word_1_20' title='bbox 906 607 986 674; x_wconf 92' lang='lat' dir='ltr'><strong>parte</strong></span> <span class='ocrx_word' id='word_1_21' title='bbox 1004 602 1126 662; x_wconf 88' lang='lat' dir='ltr'><strong>subiecti</strong></span> 
     </span>
     <span class='ocr_line' id='line_1_4' title="bbox 79 683 1126 770; baseline 0.004 -28"><span class='ocrx_word' id='word_1_22' title='bbox 79 683 220 756; x_wconf 86' lang='lat' dir='ltr'><strong>assignari</strong></span> <span class='ocrx_word' id='word_1_23' title='bbox 233 688 333 757; x_wconf 90' lang='lat' dir='ltr'><strong>potest,</strong></span> <span class='ocrx_word' id='word_1_24' title='bbox 350 699 423 758; x_wconf 86' lang='lat' dir='ltr'><strong>quaa</strong></span> <span class='ocrx_word' id='word_1_25' title='bbox 433 684 595 757; x_wconf 82' lang='lat' dir='ltr'>requiratur</span> <span class='ocrx_word' id='word_1_26' title='bbox 610 683 646 742; x_wconf 89' lang='lat' dir='ltr'><strong>ad</strong></span> <span class='ocrx_word' id='word_1_27' title='bbox 662 687 759 770; x_wconf 78' lang='lat' dir='ltr'><strong>actum</strong></span> <span class='ocrx_word' id='word_1_28' title='bbox 769 698 880 755; x_wconf 90' lang='lat' dir='ltr'><strong>sensus,</strong></span> <span class='ocrx_word' id='word_1_29' title='bbox 896 701 984 758; x_wconf 80' lang='lat' dir='ltr'><strong>quam</strong></span> <span class='ocrx_word' id='word_1_30' title='bbox 997 703 1070 761; x_wconf 89' lang='lat' dir='ltr'><strong>quae</strong></span> <span class='ocrx_word' id='word_1_31' title='bbox 1084 703 1126 746; x_wconf 88' lang='lat' dir='ltr'><strong>ro-</strong></span> 
     </span>
    </p>
   </div>
   <div class='ocr_carea' id='block_1_3' title="bbox 1 768 582 841">
    <p class='ocr_par' dir='ltr' id='par_1_3' title="bbox 1 768 582 841">
     <span class='ocr_line' id='line_1_5' title="bbox 1 768 582 841; baseline 0.003 -16"><span class='ocrx_word' id='word_1_32' title='bbox 1 831 2 836; x_wconf 29' lang='lat'><strong>,</strong></span> <span class='ocrx_word' id='word_1_33' title='bbox 80 768 208 841; x_wconf 80' lang='lat' dir='ltr'><strong>qmrarur</strong></span> <span class='ocrx_word' id='word_1_34' title='bbox 223 769 259 827; x_wconf 89' lang='lat' dir='ltr'><strong>ad</strong></span> <span class='ocrx_word' id='word_1_35' title='bbox 274 775 369 827; x_wconf 89' lang='lat' dir='ltr'><strong>actum</strong></span> <span class='ocrx_word' id='word_1_36' title='bbox 384 769 582 828; x_wconf 90' lang='lat' dir='ltr'><strong>conscientiae</strong></span> 
     </span>
    </p>
   </div>
   <div class='ocr_carea' id='block_1_4' title="bbox 0 2121 2 2664">
    <p class='ocr_par' dir='ltr' id='par_1_4' title="bbox 0 2121 2 2664">
     <span class='ocr_line' id='line_1_6' title="bbox 0 2121 2 2664; baseline 0 0"><span class='ocrx_word' id='word_1_37' title='bbox 0 2121 2 2664; x_wconf 95' lang='lat' dir='ltr'><strong> </strong></span> 
     </span>
    </p>
   </div>
   <div class='ocr_carea' id='block_1_5' title="bbox 1 852 1131 3614">
    <p class='ocr_par' dir='ltr' id='par_1_5' title="bbox 5 852 1129 1262">
     <span class='ocr_line' id='line_1_7' title="bbox 117 852 1127 929; baseline 0.005 -18"><span class='ocrx_word' id='word_1_38' title='bbox 117 852 245 911; x_wconf 79' lang='lat' dir='ltr'><strong>Ceterum</strong></span> <span class='ocrx_word' id='word_1_39' title='bbox 259 853 395 926; x_wconf 81' lang='lat' dir='ltr'><strong>quidquid</strong></span> <span class='ocrx_word' id='word_1_40' title='bbox 411 853 449 911; x_wconf 90' lang='lat' dir='ltr'><strong>sit</strong></span> <span class='ocrx_word' id='word_1_41' title='bbox 463 852 499 911; x_wconf 93' lang='lat' dir='ltr'><strong>de</strong></span> <span class='ocrx_word' id='word_1_42' title='bbox 512 852 652 926; x_wconf 82' lang='lat' dir='ltr'><strong>exemplis</strong></span> <span class='ocrx_word' id='word_1_43' title='bbox 667 853 712 911; x_wconf 84' lang='lat' dir='ltr'><strong>lris</strong></span> <span class='ocrx_word' id='word_1_44' title='bbox 734 853 829 927; x_wconf 89' lang='lat' dir='ltr'><strong>quoad</strong></span> <span class='ocrx_word' id='word_1_45' title='bbox 843 853 1035 926; x_wconf 88' lang='lat' dir='ltr'><strong>sensationes,</strong></span> <span class='ocrx_word' id='word_1_46' title='bbox 1054 873 1127 929; x_wconf 79' lang='lat' dir='ltr'><strong>quae</strong></span> 
     </span>
     <span class='ocr_line' id='line_1_8' title="bbox 81 933 1128 1012; baseline 0.002 -18"><span class='ocrx_word' id='word_1_47' title='bbox 81 936 284 995; x_wconf 71' lang='lat' dir='ltr'><strong>conscientiam</strong></span> <span class='ocrx_word' id='word_1_48' title='bbox 298 936 561 1011; x_wconf 82' lang='lat' dir='ltr'><strong>praeterlabuntur3</strong></span> <span class='ocrx_word' id='word_1_49' title='bbox 578 939 658 996; x_wconf 91' lang='lat' dir='ltr'><strong>nulla</strong></span> <span class='ocrx_word' id='word_1_50' title='bbox 667 938 832 997; x_wconf 89' lang='lat' dir='ltr'><strong>coniectura</strong></span> <span class='ocrx_word' id='word_1_51' title='bbox 841 933 946 996; x_wconf 66' lang='lat' dir='ltr'><strong>exinde</strong></span> <span class='ocrx_word' id='word_1_52' title='bbox 955 938 1067 997; x_wconf 82' lang='lat' dir='ltr'><strong>desumi</strong></span> <span class='ocrx_word' id='word_1_53' title='bbox 1080 955 1128 1012; x_wconf 84' lang='lat' dir='ltr'><strong>po</strong></span> 
     </span>
     <span class='ocr_line' id='line_1_9' title="bbox 5 1021 1129 1116; baseline 0.002 -38"><span class='ocrx_word' id='word_1_54' title='bbox 5 1071 12 1078; x_wconf 93' lang='lat'>.</span> <span class='ocrx_word' id='word_1_55' title='bbox 68 1023 134 1078; x_wconf 84' lang='lat' dir='ltr'><strong>test</strong></span> <span class='ocrx_word' id='word_1_56' title='bbox 147 1035 200 1094; x_wconf 94' lang='lat' dir='ltr'><strong>pro</strong></span> <span class='ocrx_word' id='word_1_57' title='bbox 215 1035 301 1079; x_wconf 92' lang='lat' dir='ltr'><strong>sensu</strong></span> <span class='ocrx_word' id='word_1_58' title='bbox 318 1021 534 1094; x_wconf 84' lang='lat' dir='ltr'><strong>fundamentali,</strong></span> <span class='ocrx_word' id='word_1_59' title='bbox 551 1027 636 1094; x_wconf 92' lang='lat' dir='ltr'><strong>prout</strong></span> <span class='ocrx_word' id='word_1_60' title='bbox 649 1022 686 1082; x_wconf 89' lang='lat' dir='ltr'><strong>ab</strong></span> <span class='ocrx_word' id='word_1_61' title='bbox 701 1021 872 1081; x_wconf 84' lang='lat' dir='ltr'><strong>adversariis</strong></span> <span class='ocrx_word' id='word_1_62' title='bbox 882 1022 1049 1116; x_wconf 85' lang='lat' dir='ltr'><strong>concipitur,</strong></span> <span class='ocrx_word' id='word_1_63' title='bbox 1064 1037 1129 1095; x_wconf 92' lang='lat' dir='ltr'><strong>per·</strong></span> 
     </span>
     <span class='ocr_line' id='line_1_10' title="bbox 68 1105 1129 1166; baseline 0.004 -4"><span class='ocrx_word' id='word_1_64' title='bbox 68 1105 234 1164; x_wconf 82' lang='lat' dir='ltr'><strong>suadendo.</strong></span> <span class='ocrx_word' id='word_1_65' title='bbox 255 1105 307 1164; x_wconf 88' lang='lat' dir='ltr'><strong>llic</strong></span> <span class='ocrx_word' id='word_1_66' title='bbox 320 1105 399 1164; x_wconf 90' lang='lat' dir='ltr'><strong>enirn</strong></span> <span class='ocrx_word' id='word_1_67' title='bbox 412 1121 513 1165; x_wconf 86' lang='lat' dir='ltr'><strong>revera</strong></span> <span class='ocrx_word' id='word_1_68' title='bbox 528 1106 640 1165; x_wconf 82' lang='lat' dir='ltr'><strong>videtur</strong></span> <span class='ocrx_word' id='word_1_69' title='bbox 653 1121 712 1164; x_wconf 92' lang='lat' dir='ltr'><strong>non</strong></span> <span class='ocrx_word' id='word_1_70' title='bbox 733 1121 797 1164; x_wconf 88' lang='lat' dir='ltr'><strong>esse</strong></span> <span class='ocrx_word' id='word_1_71' title='bbox 811 1105 890 1165; x_wconf 87' lang='lat' dir='ltr'><strong>aliud</strong></span> <span class='ocrx_word' id='word_1_72' title='bbox 904 1106 960 1166; x_wconf 90' lang='lat' dir='ltr'><strong>nisi</strong></span> <span class='ocrx_word' id='word_1_73' title='bbox 976 1105 1129 1166; x_wconf 81' lang='lat' dir='ltr'><strong>abstractio</strong></span> 
     </span>
     <span class='ocr_line' id='line_1_11' title="bbox 79 1189 720 1262; baseline -0.003 -14"><span class='ocrx_word' id='word_1_74' title='bbox 79 1189 220 1262; x_wconf 83' lang='lat' dir='ltr'><strong>quaedam</strong></span> <span class='ocrx_word' id='word_1_75' title='bbox 237 1189 363 1248; x_wconf 91' lang='lat' dir='ltr'><strong>mentis</strong></span> <span class='ocrx_word' id='word_1_76' title='bbox 355 1203 385 1248; x_wconf 87' lang='grc'><strong>111</strong></span> <span class='ocrx_word' id='word_1_77' title='bbox 400 1189 558 1248; x_wconf 89' lang='lat' dir='ltr'><strong>realitatem</strong></span> <span class='ocrx_word' id='word_1_78' title='bbox 573 1203 720 1248; x_wconf 82' lang='lat' dir='ltr'><strong>conversa</strong></span> 
     </span>
    </p>

    <p class='ocr_par' dir='ltr' id='par_1_6' title="bbox 1 1225 1131 3445">
     <span class='ocr_line' id='line_1_12' title="bbox 116 1225 1129 1347; baseline 0 -13"><span class='ocrx_word' id='word_1_79' title='bbox 116 1274 187 1334; x_wconf 85' lang='lat' dir='ltr'><strong>Nam</strong></span> <span class='ocrx_word' id='word_1_80' title='bbox 202 1275 226 1333; x_wconf 90' lang='lat' dir='ltr'><strong>si</strong></span> <span class='ocrx_word' id='word_1_81' title='bbox 241 1275 389 1347; x_wconf 88' lang='lat' dir='ltr'><strong>cogitando</strong></span> <span class='ocrx_word' id='word_1_82' title='bbox 404 1287 584 1332; x_wconf 85' lang='lat' dir='ltr'><strong>removemus</strong></span> <span class='ocrx_word' id='word_1_83' title='bbox 599 1273 727 1346; x_wconf 88' lang='lat' dir='ltr'><strong>singulas</strong></span> <span class='ocrx_word' id='word_1_84' title='bbox 746 1273 997 1334; x_wconf 81' lang='lat' dir='ltr'><strong>determinationes</strong></span> <span class='ocrx_word' id='word_1_85' title='bbox 1011 1225 1048 1333; x_wconf 81' lang='lat' dir='ltr'><strong>ab</strong></span> <span class='ocrx_word' id='word_1_86' title='bbox 1062 1278 1129 1334; x_wconf 83' lang='lat' dir='ltr'><strong>actu</strong></span> 
     </span>
     <span class='ocr_line' id='line_1_13' title="bbox 79 1356 1129 1453; baseline 0 -37"><span class='ocrx_word' id='word_1_87' title='bbox 79 1357 241 1428; x_wconf 90' lang='lat' dir='ltr'><strong>sentiendi,</strong></span> <span class='ocrx_word' id='word_1_88' title='bbox 260 1363 360 1415; x_wconf 84' lang='lat' dir='ltr'><strong>munet</strong></span> <span class='ocrx_word' id='word_1_89' title='bbox 379 1356 523 1440; x_wconf 84' lang='lat' dir='ltr'><strong>quidem&#39;</strong></span> <span class='ocrx_word' id='word_1_90' title='bbox 515 1371 578 1429; x_wconf 87' lang='lat' dir='ltr'><strong>ipsa</strong></span> <span class='ocrx_word' id='word_1_91' title='bbox 601 1357 725 1415; x_wconf 88' lang='lat' dir='ltr'><strong>sensatio</strong></span> <span class='ocrx_word' id='word_1_92' title='bbox 749 1358 907 1449; x_wconf 85' lang='lat' dir='ltr'><strong>generatim</strong></span> <span class='ocrx_word' id='word_1_93' title='bbox 927 1363 1061 1453; x_wconf 82' lang='lat' dir='ltr'><strong>accepta,</strong></span> <span class='ocrx_word' id='word_1_94' title='bbox 1079 1359 1129 1416; x_wconf 87' lang='lat' dir='ltr'><strong>sed</strong></span> 
     </span>
     <span class='ocr_line' id='line_1_14' title="bbox 65 1433 1130 1514; baseline 0.001 -16"><span class='ocrx_word' id='word_1_95' title='bbox 65 1439 219 1498; x_wconf 86' lang='lat' dir='ltr'><strong>manetin</strong></span> <span class='ocrx_word' id='word_1_96' title='bbox 229 1433 460 1498; x_wconf 82' lang='lat' dir='ltr'><strong>consideratione</strong></span> <span class='ocrx_word' id='word_1_97' title='bbox 467 1439 581 1512; x_wconf 88' lang='lat' dir='ltr'><strong>mentis,</strong></span> <span class='ocrx_word' id='word_1_98' title='bbox 597 1439 736 1498; x_wconf 89' lang='lat' dir='ltr'><strong>nimirum</strong></span> <span class='ocrx_word' id='word_1_99' title='bbox 749 1440 780 1498; x_wconf 91' lang='lat' dir='ltr'><strong>in</strong></span> <span class='ocrx_word' id='word_1_100' title='bbox 793 1441 877 1512; x_wconf 71' lang='lat' dir='ltr'><strong>idea,</strong></span> <span class='ocrx_word' id='word_1_101' title='bbox 894 1446 924 1499; x_wconf 93' lang='lat' dir='ltr'><strong>et</strong></span> <span class='ocrx_word' id='word_1_102' title='bbox 932 1455 1056 1514; x_wconf 87' lang='lat' dir='ltr'><strong>pessime</strong></span> <span class='ocrx_word' id='word_1_103' title='bbox 1065 1441 1130 1514; x_wconf 85' lang='lat' dir='ltr'><strong>pni-</strong></span> 
     </span>
     <span class='ocr_line' id='line_1_15' title="bbox 78 1523 1131 1597; baseline -0.002 -15"><span class='ocrx_word' id='word_1_104' title='bbox 78 1523 277 1597; x_wconf 87' lang='lat' dir='ltr'><strong>losopharetur</strong></span> <span class='ocrx_word' id='word_1_105' title='bbox 291 1523 340 1597; x_wconf 85' lang='lat' dir='ltr'><strong>qui</strong></span> <span class='ocrx_word' id='word_1_106' title='bbox 354 1523 429 1581; x_wconf 90' lang='lat' dir='ltr'><strong>hanc</strong></span> <span class='ocrx_word' id='word_1_107' title='bbox 444 1536 511 1582; x_wconf 91' lang='lat' dir='ltr'><strong>cum</strong></span> <span class='ocrx_word' id='word_1_108' title='bbox 524 1539 555 1581; x_wconf 90' lang='lat' dir='ltr'><strong>re</strong></span> <span class='ocrx_word' id='word_1_109' title='bbox 570 1524 764 1582; x_wconf 86' lang='lat' dir='ltr'><strong>contunderet.</strong></span> <span class='ocrx_word' id='word_1_110' title='bbox 788 1524 851 1582; x_wconf 84' lang='lat' dir='ltr'><strong>Vita</strong></span> <span class='ocrx_word' id='word_1_111' title='bbox 867 1525 899 1583; x_wconf 94' lang='lat' dir='ltr'><strong>in</strong></span> <span class='ocrx_word' id='word_1_112' title='bbox 915 1525 1081 1596; x_wconf 87' lang='lat' dir='ltr'><strong>animante,</strong></span> <span class='ocrx_word' id='word_1_113' title='bbox 1102 1529 1131 1581; x_wconf 88' lang='lat' dir='ltr'><strong>et</strong></span> 
     </span>
     <span class='ocr_line' id='line_1_16' title="bbox 79 1607 1128 1680; baseline -0.001 -16"><span class='ocrx_word' id='word_1_114' title='bbox 79 1607 239 1680; x_wconf 83' lang='lat' dir='ltr'><strong>generatim</strong></span> <span class='ocrx_word' id='word_1_115' title='bbox 253 1607 284 1665; x_wconf 90' lang='lat' dir='ltr'><strong>in</strong></span> <span class='ocrx_word' id='word_1_116' title='bbox 298 1607 376 1666; x_wconf 92' lang='lat' dir='ltr'><strong>omni</strong></span> <span class='ocrx_word' id='word_1_117' title='bbox 391 1607 512 1678; x_wconf 80' lang='lat' dir='ltr'><strong>vivente,</strong></span> <span class='ocrx_word' id='word_1_118' title='bbox 530 1607 680 1679; x_wconf 83' lang='lat' dir='ltr'><strong>dupliciter</strong></span> <span class='ocrx_word' id='word_1_119' title='bbox 695 1607 786 1679; x_wconf 82' lang='lat' dir='ltr'><strong>accipi</strong></span> <span class='ocrx_word' id='word_1_120' title='bbox 800 1613 908 1680; x_wconf 89' lang='lat' dir='ltr'><strong>potest,</strong></span> <span class='ocrx_word' id='word_1_121' title='bbox 927 1608 1066 1666; x_wconf 90' lang='lat' dir='ltr'><strong>nimimm</strong></span> <span class='ocrx_word' id='word_1_122' title='bbox 1084 1608 1128 1666; x_wconf 90' lang='lat' dir='ltr'><strong>vel</strong></span> 
     </span>
     <span class='ocr_line' id='line_1_17' title="bbox 68 1689 1129 1765; baseline -0.002 -16"><span class='ocrx_word' id='word_1_123' title='bbox 68 1706 133 1763; x_wconf 29' lang='lat' dir='ltr'><strong>&#39;pro</strong></span> <span class='ocrx_word' id='word_1_124' title='bbox 147 1691 211 1764; x_wconf 91' lang='lat' dir='ltr'><strong>ipsa</strong></span> <span class='ocrx_word' id='word_1_125' title='bbox 224 1690 366 1763; x_wconf 89' lang='lat' dir='ltr'><strong>essentia,</strong></span> <span class='ocrx_word' id='word_1_126' title='bbox 387 1690 510 1764; x_wconf 87' lang='lat' dir='ltr'><strong>quaein</strong></span> <span class='ocrx_word' id='word_1_127' title='bbox 530 1689 579 1748; x_wconf 89' lang='lat' dir='ltr'><strong>illo</strong></span> <span class='ocrx_word' id='word_1_128' title='bbox 600 1706 637 1749; x_wconf 81' lang='lat' dir='ltr'><strong>ex</strong></span> <span class='ocrx_word' id='word_1_129' title='bbox 658 1691 766 1749; x_wconf 91' lang='lat' dir='ltr'><strong>unione</strong></span> <span class='ocrx_word' id='word_1_130' title='bbox 785 1690 899 1748; x_wconf 91' lang='lat' dir='ltr'><strong>animae</strong></span> <span class='ocrx_word' id='word_1_131' title='bbox 923 1705 991 1749; x_wconf 89' lang='lat' dir='ltr'><strong>cnm</strong></span> <span class='ocrx_word' id='word_1_132' title='bbox 1011 1706 1129 1765; x_wconf 87' lang='lat' dir='ltr'><strong>corpore</strong></span> 
     </span>
     <span class='ocr_line' id='line_1_18' title="bbox 66 1773 1129 1848; baseline 0 -17"><span class='ocrx_word' id='word_1_133' title='bbox 66 1775 279 1848; x_wconf 78' lang='lat' dir='ltr'><strong>-constr&#39;tuitur3</strong></span> <span class='ocrx_word' id='word_1_134' title='bbox 305 1775 349 1834; x_wconf 88' lang='lat' dir='ltr'><strong>vel</strong></span> <span class='ocrx_word' id='word_1_135' title='bbox 362 1790 414 1848; x_wconf 94' lang='lat' dir='ltr'><strong>pro</strong></span> <span class='ocrx_word' id='word_1_136' title='bbox 428 1773 610 1847; x_wconf 85' lang='lat' dir='ltr'><strong>operatione,</strong></span> <span class='ocrx_word' id='word_1_137' title='bbox 632 1789 706 1847; x_wconf 85' lang='lat' dir='ltr'><strong>quae</strong></span> <span class='ocrx_word' id='word_1_138' title='bbox 720 1774 788 1831; x_wconf 92' lang='lat' dir='ltr'><strong>inde</strong></span> <span class='ocrx_word' id='word_1_139' title='bbox 802 1774 940 1847; x_wconf 85' lang='lat' dir='ltr'><strong>exsurgit.</strong></span> <span class='ocrx_word' id='word_1_140' title='bbox 962 1775 991 1833; x_wconf 84' lang='lat' dir='ltr'><strong>Si</strong></span> <span class='ocrx_word' id='word_1_141' title='bbox 1006 1774 1129 1832; x_wconf 86' lang='lat' dir='ltr'><strong>sumitru</strong></span> 
     </span>
     <span class='ocr_line' id='line_1_19' title="bbox 65 1857 1128 1932; baseline -0.001 -15"><span class='ocrx_word' id='word_1_142' title='bbox 65 1873 131 1932; x_wconf 85' lang='lat' dir='ltr'><strong>-pro</strong></span> <span class='ocrx_word' id='word_1_143' title='bbox 147 1860 270 1918; x_wconf 87' lang='lat' dir='ltr'><strong>essentia</strong></span> <span class='ocrx_word' id='word_1_144' title='bbox 284 1858 414 1931; x_wconf 80' lang='lat' dir='ltr'><strong>virentis,</strong></span> <span class='ocrx_word' id='word_1_145' title='bbox 437 1859 508 1917; x_wconf 85' lang='lat' dir='ltr'><strong>haec</strong></span> <span class='ocrx_word' id='word_1_146' title='bbox 523 1873 580 1916; x_wconf 92' lang='lat' dir='ltr'><strong>non</strong></span> <span class='ocrx_word' id='word_1_147' title='bbox 596 1859 718 1916; x_wconf 87' lang='lat' dir='ltr'><strong>sentitur</strong></span> <span class='ocrx_word' id='word_1_148' title='bbox 732 1858 784 1916; x_wconf 89' lang='lat' dir='ltr'><strong>sed</strong></span> <span class='ocrx_word' id='word_1_149' title='bbox 796 1857 975 1930; x_wconf 82' lang='lat' dir='ltr'><strong>intelligitur,</strong></span> <span class='ocrx_word' id='word_1_150' title='bbox 996 1858 1051 1929; x_wconf 83' lang='lat' dir='ltr'><strong>vel,</strong></span> <span class='ocrx_word' id='word_1_151' title='bbox 1068 1873 1128 1916; x_wconf 88' lang='lat' dir='ltr'><strong>me·</strong></span> 
     </span>
     <span class='ocr_line' id='line_1_20' title="bbox 79 1941 1128 2016; baseline 0 -16"><span class='ocrx_word' id='word_1_152' title='bbox 79 1941 144 2015; x_wconf 90' lang='lat' dir='ltr'><strong>lius,</strong></span> <span class='ocrx_word' id='word_1_153' title='bbox 162 1942 357 2001; x_wconf 86' lang='lat' dir='ltr'><strong>ratiocinando</strong></span> <span class='ocrx_word' id='word_1_154' title='bbox 375 1943 506 2001; x_wconf 77' lang='lat' dir='ltr'><strong>infertur.</strong></span> <span class='ocrx_word' id='word_1_155' title='bbox 528 1941 557 2002; x_wconf 83' lang='lat' dir='ltr'><strong>Si</strong></span> <span class='ocrx_word' id='word_1_156' title='bbox 576 1943 700 2001; x_wconf 89' lang='lat' dir='ltr'><strong>sumitur</strong></span> <span class='ocrx_word' id='word_1_157' title='bbox 717 1957 769 2015; x_wconf 93' lang='lat' dir='ltr'><strong>pro</strong></span> <span class='ocrx_word' id='word_1_158' title='bbox 788 1942 970 2016; x_wconf 75' lang='lat' dir='ltr'><strong>operatione,</strong></span> <span class='ocrx_word' id='word_1_159' title='bbox 993 1946 1061 2000; x_wconf 92' lang='lat' dir='ltr'><strong>tunc</strong></span> <span class='ocrx_word' id='word_1_160' title='bbox 1078 1949 1128 2000; x_wconf 90' lang='lat' dir='ltr'><strong>aut</strong></span> 
     </span>
     <span class='ocr_line' id='line_1_21' title="bbox 69 2024 1128 2101; baseline 0.003 -20"><span class='ocrx_word' id='word_1_161' title='bbox 69 2026 225 2085; x_wconf 88' lang='lat' dir='ltr'><strong>reducitur</strong></span> <span class='ocrx_word' id='word_1_162' title='bbox 238 2027 275 2084; x_wconf 93' lang='lat' dir='ltr'><strong>ad</strong></span> <span class='ocrx_word' id='word_1_163' title='bbox 290 2027 459 2086; x_wconf 82' lang='lat' dir='ltr'><strong>exercitium</strong></span> <span class='ocrx_word' id='word_1_164' title='bbox 473 2024 548 2086; x_wconf 87' lang='lat' dir='ltr'><strong>vitae</strong></span> <span class='ocrx_word' id='word_1_165' title='bbox 562 2027 740 2101; x_wconf 85' lang='lat' dir='ltr'><strong>vegetativae</strong></span> <span class='ocrx_word' id='word_1_166' title='bbox 754 2027 854 2086; x_wconf 87' lang='lat' dir='ltr'><strong>autad</strong></span> <span class='ocrx_word' id='word_1_167' title='bbox 867 2026 1038 2086; x_wconf 84' lang='lat' dir='ltr'><strong>exercitium</strong></span> <span class='ocrx_word' id='word_1_168' title='bbox 1054 2027 1128 2086; x_wconf 82' lang='lat' dir='ltr'><strong>ritae</strong></span> 
     </span>
     <span class='ocr_line' id='line_1_22' title="bbox 79 2111 1127 2185; baseline 0.002 -17"><span class='ocrx_word' id='word_1_169' title='bbox 79 2111 201 2170; x_wconf 86' lang='lat' dir='ltr'><strong>sensilis.</strong></span> <span class='ocrx_word' id='word_1_170' title='bbox 225 2111 355 2183; x_wconf 89' lang='lat' dir='ltr'><strong>Operatio</strong></span> <span class='ocrx_word' id='word_1_171' title='bbox 373 2111 449 2170; x_wconf 83' lang='lat' dir='ltr'><strong>ritae</strong></span> <span class='ocrx_word' id='word_1_172' title='bbox 467 2111 581 2170; x_wconf 90' lang='lat' dir='ltr'><strong>sensilis</strong></span> <span class='ocrx_word' id='word_1_173' title='bbox 598 2127 656 2172; x_wconf 89' lang='lat' dir='ltr'><strong>non</strong></span> <span class='ocrx_word' id='word_1_174' title='bbox 675 2115 769 2185; x_wconf 88' lang='lat' dir='ltr'><strong>potest</strong></span> <span class='ocrx_word' id='word_1_175' title='bbox 782 2111 884 2185; x_wconf 89' lang='lat' dir='ltr'><strong>attingi</strong></span> <span class='ocrx_word' id='word_1_176' title='bbox 897 2126 985 2170; x_wconf 88' lang='lat' dir='ltr'><strong>sensu</strong></span> <span class='ocrx_word' id='word_1_177' title='bbox 997 2111 1046 2170; x_wconf 91' lang='lat' dir='ltr'><strong>illo</strong></span> <span class='ocrx_word' id='word_1_178' title='bbox 1060 2112 1127 2170; x_wconf 87' lang='lat' dir='ltr'><strong>lun·</strong></span> 
     </span>
     <span class='ocr_line' id='line_1_23' title="bbox 78 2194 1125 2268; baseline 0.002 -16"><span class='ocrx_word' id='word_1_179' title='bbox 78 2194 235 2252; x_wconf 89' lang='lat' dir='ltr'><strong>damentali</strong></span> <span class='ocrx_word' id='word_1_180' title='bbox 249 2209 335 2266; x_wconf 88' lang='lat' dir='ltr'><strong>quem</strong></span> <span class='ocrx_word' id='word_1_181' title='bbox 349 2195 466 2267; x_wconf 68' lang='lat' dir='ltr'><strong>dicunt,</strong></span> <span class='ocrx_word' id='word_1_182' title='bbox 486 2200 548 2252; x_wconf 93' lang='lat' dir='ltr'><strong>tum</strong></span> <span class='ocrx_word' id='word_1_183' title='bbox 562 2195 630 2268; x_wconf 80' lang='lat' dir='ltr'><strong>qino</strong></span> <span class='ocrx_word' id='word_1_184' title='bbox 647 2211 707 2254; x_wconf 90' lang='lat' dir='ltr'><strong>non</strong></span> <span class='ocrx_word' id='word_1_185' title='bbox 728 2201 771 2254; x_wconf 87' lang='lat' dir='ltr'><strong>est</strong></span> <span class='ocrx_word' id='word_1_186' title='bbox 791 2196 934 2254; x_wconf 90' lang='lat' dir='ltr'><strong>obiectum</strong></span> <span class='ocrx_word' id='word_1_187' title='bbox 954 2195 1125 2254; x_wconf 86' lang='lat' dir='ltr'><strong>sensibilita-</strong></span> 
     </span>
     <span class='ocr_line' id='line_1_24' title="bbox 78 2277 1125 2353; baseline 0.002 -17"><span class='ocrx_word' id='word_1_188' title='bbox 78 2278 115 2336; x_wconf 87' lang='lat' dir='ltr'><strong>tis</strong></span> <span class='ocrx_word' id='word_1_189' title='bbox 133 2277 184 2335; x_wconf 89' lang='lat' dir='ltr'><strong>sed</strong></span> <span class='ocrx_word' id='word_1_190' title='bbox 205 2277 413 2350; x_wconf 87' lang='lat' dir='ltr'><strong>conscientiae,</strong></span> <span class='ocrx_word' id='word_1_191' title='bbox 435 2283 496 2336; x_wconf 89' lang='lat' dir='ltr'><strong>tum</strong></span> <span class='ocrx_word' id='word_1_192' title='bbox 515 2278 601 2336; x_wconf 92' lang='lat' dir='ltr'><strong>etiam</strong></span> <span class='ocrx_word' id='word_1_193' title='bbox 619 2280 686 2353; x_wconf 85' lang='lat' dir='ltr'><strong>quia</strong></span> <span class='ocrx_word' id='word_1_194' title='bbox 708 2295 808 2339; x_wconf 88' lang='lat' dir='ltr'><strong>sensus</strong></span> <span class='ocrx_word' id='word_1_195' title='bbox 832 2279 880 2339; x_wconf 92' lang='lat' dir='ltr'><strong>ille</strong></span> <span class='ocrx_word' id='word_1_196' title='bbox 901 2295 959 2339; x_wconf 95' lang='lat' dir='ltr'><strong>non</strong></span> <span class='ocrx_word' id='word_1_197' title='bbox 978 2285 1052 2339; x_wconf 89' lang='lat' dir='ltr'><strong>esset</strong></span> <span class='ocrx_word' id='word_1_198' title='bbox 1067 2296 1125 2340; x_wconf 87' lang='lat' dir='ltr'><strong>am-</strong></span> 
     </span>
     <span class='ocr_line' id='line_1_25' title="bbox 64 2359 1126 2436; baseline 0.006 -20"><span class='ocrx_word' id='word_1_199' title='bbox 64 2359 153 2431; x_wconf 86' lang='lat' dir='ltr'><strong>·pliue</strong></span> <span class='ocrx_word' id='word_1_200' title='bbox 172 2360 393 2419; x_wconf 83' lang='lat' dir='ltr'><strong>fundamentalis</strong></span> <span class='ocrx_word' id='word_1_201' title='bbox 415 2365 443 2418; x_wconf 90' lang='lat' dir='ltr'><strong>et</strong></span> <span class='ocrx_word' id='word_1_202' title='bbox 460 2361 590 2436; x_wconf 75' lang='lat' dir='ltr'><strong>primus3</strong></span> <span class='ocrx_word' id='word_1_203' title='bbox 612 2363 752 2436; x_wconf 87' lang='lat' dir='ltr'><strong>siquidem</strong></span> <span class='ocrx_word' id='word_1_204' title='bbox 776 2364 943 2424; x_wconf 90' lang='lat' dir='ltr'><strong>subaudiret</strong></span> <span class='ocrx_word' id='word_1_205' title='bbox 956 2365 1126 2423; x_wconf 82' lang='lat' dir='ltr'><strong>exercitium</strong></span> 
     </span>
     <span class='ocr_line' id='line_1_26' title="bbox 76 2443 1123 2522; baseline 0.003 -21"><span class='ocrx_word' id='word_1_206' title='bbox 76 2443 201 2502; x_wconf 89' lang='lat' dir='ltr'><strong>aliorum</strong></span> <span class='ocrx_word' id='word_1_207' title='bbox 215 2459 370 2518; x_wconf 92' lang='lat' dir='ltr'><strong>sensuum,</strong></span> <span class='ocrx_word' id='word_1_208' title='bbox 390 2446 426 2503; x_wconf 91' lang='lat' dir='ltr'><strong>ad</strong></span> <span class='ocrx_word' id='word_1_209' title='bbox 445 2460 515 2518; x_wconf 80' lang='lat' dir='ltr'><strong>onos</strong></span> <span class='ocrx_word' id='word_1_210' title='bbox 529 2447 654 2521; x_wconf 87' lang='lat' dir='ltr'><strong>operatio</strong></span> <span class='ocrx_word' id='word_1_211' title='bbox 669 2447 737 2522; x_wconf 90' lang='lat' dir='ltr'><strong>illa,</strong></span> <span class='ocrx_word' id='word_1_212' title='bbox 752 2455 832 2522; x_wconf 82' lang='lat' dir='ltr'><strong>&#39;quae</strong></span> <span class='ocrx_word' id='word_1_213' title='bbox 850 2449 1016 2521; x_wconf 90' lang='lat' dir='ltr'><strong>attingenda</strong></span> <span class='ocrx_word' id='word_1_214' title='bbox 1030 2451 1123 2518; x_wconf 88' lang='lat' dir='ltr'><strong>esset,</strong></span> 
     </span>
     <span class='ocr_line' id='line_1_27' title="bbox 67 2529 1125 2607; baseline 0.002 -22"><span class='ocrx_word' id='word_1_215' title='bbox 67 2529 210 2602; x_wconf 90' lang='lat' dir='ltr'><strong>pertinet.</strong></span> <span class='ocrx_word' id='word_1_216' title='bbox 231 2529 360 2602; x_wconf 89' lang='lat' dir='ltr'><strong>Operatio</strong></span> <span class='ocrx_word' id='word_1_217' title='bbox 375 2535 471 2589; x_wconf 88' lang='lat' dir='ltr'><strong>autem</strong></span> <span class='ocrx_word' id='word_1_218' title='bbox 485 2531 559 2590; x_wconf 83' lang='lat' dir='ltr'><strong>ritae</strong></span> <span class='ocrx_word' id='word_1_219' title='bbox 574 2532 749 2605; x_wconf 90' lang='lat' dir='ltr'><strong>vegetativae</strong></span> <span class='ocrx_word' id='word_1_220' title='bbox 767 2539 907 2607; x_wconf 83' lang='lat' dir='ltr'><strong>qnatenus</strong></span> <span class='ocrx_word' id='word_1_221' title='bbox 928 2531 1125 2604; x_wconf 89' lang='lat' dir='ltr'><strong>organismum</strong></span> 
     </span>
     <span class='ocr_line' id='line_1_28' title="bbox 76 2611 1125 2691; baseline 0.004 -21"><span class='ocrx_word' id='word_1_222' title='bbox 76 2611 211 2670; x_wconf 86' lang='lat' dir='ltr'><strong>immutat</strong></span> <span class='ocrx_word' id='word_1_223' title='bbox 225 2618 253 2672; x_wconf 91' lang='lat' dir='ltr'><strong>et</strong></span> <span class='ocrx_word' id='word_1_224' title='bbox 267 2615 437 2675; x_wconf 90' lang='lat' dir='ltr'><strong>sentientem</strong></span> <span class='ocrx_word' id='word_1_225' title='bbox 452 2616 566 2690; x_wconf 82' lang='lat' dir='ltr'><strong>excitat,</strong></span> <span class='ocrx_word' id='word_1_226' title='bbox 583 2617 786 2691; x_wconf 87' lang='lat' dir='ltr'><strong>impressiones</strong></span> <span class='ocrx_word' id='word_1_227' title='bbox 796 2632 909 2691; x_wconf 88' lang='lat' dir='ltr'><strong>semper</strong></span> <span class='ocrx_word' id='word_1_228' title='bbox 922 2614 1125 2674; x_wconf 81' lang='lat' dir='ltr'><strong>determinatas</strong></span> 
     </span>
     <span class='ocr_line' id='line_1_29' title="bbox 75 2695 1125 2774; baseline 0.003 -21"><span class='ocrx_word' id='word_1_229' title='bbox 75 2695 107 2753; x_wconf 92' lang='lat' dir='ltr'><strong>in</strong></span> <span class='ocrx_word' id='word_1_230' title='bbox 126 2711 228 2768; x_wconf 86' lang='lat' dir='ltr'><strong>eorpus</strong></span> <span class='ocrx_word' id='word_1_231' title='bbox 242 2698 369 2774; x_wconf 77' lang='lat' dir='ltr'><strong>inducit3</strong></span> <span class='ocrx_word' id='word_1_232' title='bbox 390 2709 474 2774; x_wconf 89' lang='lat' dir='ltr'><strong>atque</strong></span> <span class='ocrx_word' id='word_1_233' title='bbox 489 2702 553 2760; x_wconf 86' lang='lat' dir='ltr'><strong>ideo</strong></span> <span class='ocrx_word' id='word_1_234' title='bbox 568 2703 710 2761; x_wconf 87' lang='lat' dir='ltr'><strong>obiectum</strong></span> <span class='ocrx_word' id='word_1_235' title='bbox 725 2717 789 2760; x_wconf 88' lang='lat' dir='ltr'><strong>esse</strong></span> <span class='ocrx_word' id='word_1_236' title='bbox 802 2701 903 2774; x_wconf 87' lang='lat' dir='ltr'><strong>nequit</strong></span> <span class='ocrx_word' id='word_1_237' title='bbox 916 2715 1017 2758; x_wconf 87' lang='lat' dir='ltr'><strong>sensns</strong></span> <span class='ocrx_word' id='word_1_238' title='bbox 1031 2699 1125 2757; x_wconf 88' lang='lat' dir='ltr'><strong>ouius-</strong></span> 
     </span>
     <span class='ocr_line' id='line_1_30' title="bbox 75 2780 1125 2858; baseline -0.002 -21"><span class='ocrx_word' id='word_1_239' title='bbox 75 2780 143 2838; x_wconf 87' lang='lat' dir='ltr'><strong>dam</strong></span> <span class='ocrx_word' id='word_1_240' title='bbox 158 2781 386 2857; x_wconf 89' lang='lat' dir='ltr'><strong>indeterminati,</strong></span> <span class='ocrx_word' id='word_1_241' title='bbox 408 2786 458 2858; x_wconf 78' lang='lat' dir='ltr'><strong>qui</strong></span> <span class='ocrx_word' id='word_1_242' title='bbox 473 2786 569 2844; x_wconf 88' lang='lat' dir='ltr'><strong>nescio</strong></span> <span class='ocrx_word' id='word_1_243' title='bbox 584 2786 652 2858; x_wconf 87' lang='lat' dir='ltr'><strong>qnid</strong></span> <span class='ocrx_word' id='word_1_244' title='bbox 667 2787 781 2844; x_wconf 85' lang='lat' dir='ltr'><strong>referat.</strong></span> <span class='ocrx_word' id='word_1_245' title='bbox 802 2785 928 2842; x_wconf 89' lang='lat' dir='ltr'><strong>Proiecto</strong></span> <span class='ocrx_word' id='word_1_246' title='bbox 943 2783 1002 2838; x_wconf 90' lang='lat' dir='ltr'><strong>vita</strong></span> <span class='ocrx_word' id='word_1_247' title='bbox 1015 2782 1064 2837; x_wconf 89' lang='lat' dir='ltr'><strong>illa</strong></span> <span class='ocrx_word' id='word_1_248' title='bbox 1078 2781 1125 2836; x_wconf 81' lang='lat' dir='ltr'><strong>rol</strong></span> 
     </span>
     <span class='ocr_line' id='line_1_31' title="bbox 75 2868 1124 2938; baseline -0.005 -15"><span class='ocrx_word' id='word_1_249' title='bbox 75 2873 186 2925; x_wconf 90' lang='lat' dir='ltr'><strong>motum</strong></span> <span class='ocrx_word' id='word_1_250' title='bbox 201 2868 283 2926; x_wconf 80' lang='lat' dir='ltr'><strong>affert</strong></span> <span class='ocrx_word' id='word_1_251' title='bbox 305 2869 351 2927; x_wconf 86' lang='lat' dir='ltr'><strong>vel</strong></span> <span class='ocrx_word' id='word_1_252' title='bbox 370 2871 561 2928; x_wconf 88' lang='lat' dir='ltr'><strong>resistentiam</strong></span> <span class='ocrx_word' id='word_1_253' title='bbox 583 2870 626 2925; x_wconf 88' lang='lat' dir='ltr'><strong>vel</strong></span> <span class='ocrx_word' id='word_1_254' title='bbox 651 2873 813 2925; x_wconf 90' lang='lat' dir='ltr'><strong>contactum</strong></span> <span class='ocrx_word' id='word_1_255' title='bbox 828 2879 978 2938; x_wconf 87' lang='lat' dir='ltr'><strong>corporum</strong></span> <span class='ocrx_word' id='word_1_256' title='bbox 993 2869 1124 2920; x_wconf 82' lang='lat' dir='ltr'><strong>externo</strong></span> 
     </span>
     <span class='ocr_line' id='line_1_32' title="bbox 75 2945 1127 3025; baseline -0.004 -17"><span class='ocrx_word' id='word_1_257' title='bbox 75 2967 158 3017; x_wconf 78' lang='lat' dir='ltr'><strong>rum:</strong></span> <span class='ocrx_word' id='word_1_258' title='bbox 180 2959 208 3010; x_wconf 86' lang='lat' dir='ltr'><strong>et</strong></span> <span class='ocrx_word' id='word_1_259' title='bbox 222 2957 289 3009; x_wconf 90' lang='lat' dir='ltr'><strong>tunc</strong></span> <span class='ocrx_word' id='word_1_260' title='bbox 303 2953 493 3010; x_wconf 89' lang='lat' dir='ltr'><strong>sensationem</strong></span> <span class='ocrx_word' id='word_1_261' title='bbox 509 2958 599 3008; x_wconf 86' lang='lat' dir='ltr'><strong>tactus</strong></span> <span class='ocrx_word' id='word_1_262' title='bbox 614 2951 715 3020; x_wconf 88' lang='lat' dir='ltr'><strong>gignit,</strong></span> <span class='ocrx_word' id='word_1_263' title='bbox 731 2965 814 3021; x_wconf 86' lang='lat' dir='ltr'><strong>quae,</strong></span> <span class='ocrx_word' id='word_1_264' title='bbox 831 2955 864 3007; x_wconf 93' lang='lat' dir='ltr'><strong>ut</strong></span> <span class='ocrx_word' id='word_1_265' title='bbox 877 2948 1014 3018; x_wconf 80' lang='lat' dir='ltr'><strong>diximus,</strong></span> <span class='ocrx_word' id='word_1_266' title='bbox 1030 2946 1067 3005; x_wconf 87' lang='lat' dir='ltr'><strong>ad</strong></span> <span class='ocrx_word' id='word_1_267' title='bbox 1082 2945 1127 3025; x_wconf 45' lang='grc'>111,</span> 
     </span>
     <span class='ocr_line' id='line_1_33' title="bbox 75 3032 1123 3105; baseline -0.005 -10"><span class='ocrx_word' id='word_1_268' title='bbox 75 3037 172 3095; x_wconf 87' lang='lat' dir='ltr'><strong>ternas</strong></span> <span class='ocrx_word' id='word_1_269' title='bbox 187 3035 274 3091; x_wconf 90' lang='lat' dir='ltr'><strong>etiam</strong></span> <span class='ocrx_word' id='word_1_270' title='bbox 297 3034 422 3105; x_wconf 90' lang='lat' dir='ltr'><strong>corporis</strong></span> <span class='ocrx_word' id='word_1_271' title='bbox 440 3039 535 3105; x_wconf 90' lang='lat' dir='ltr'><strong>partes</strong></span> <span class='ocrx_word' id='word_1_272' title='bbox 549 3032 701 3090; x_wconf 91' lang='lat' dir='ltr'><strong>nonnullas</strong></span> <span class='ocrx_word' id='word_1_273' title='bbox 715 3032 846 3104; x_wconf 87' lang='lat' dir='ltr'><strong>pertinet.</strong></span> <span class='ocrx_word' id='word_1_274' title='bbox 868 3032 917 3090; x_wconf 78' lang='lat' dir='ltr'><strong>Vel</strong></span> <span class='ocrx_word' id='word_1_275' title='bbox 932 3032 1061 3105; x_wconf 88' lang='lat' dir='ltr'><strong>producit</strong></span> <span class='ocrx_word' id='word_1_276' title='bbox 1074 3032 1123 3090; x_wconf 93' lang='lat' dir='ltr'><strong>bo-</strong></span> 
     </span>
     <span class='ocr_line' id='line_1_34' title="bbox 1 3114 1124 3189; baseline -0.005 -11"><span class='ocrx_word' id='word_1_277' title='bbox 1 3129 2 3178; x_wconf 64' lang='lat'><em>}</em></span> <span class='ocrx_word' id='word_1_278' title='bbox 73 3135 144 3178; x_wconf 89' lang='lat' dir='ltr'><strong>nam</strong></span> <span class='ocrx_word' id='word_1_279' title='bbox 158 3121 207 3175; x_wconf 91' lang='lat' dir='ltr'><strong>aut</strong></span> <span class='ocrx_word' id='word_1_280' title='bbox 221 3116 327 3174; x_wconf 90' lang='lat' dir='ltr'><strong>malam</strong></span> <span class='ocrx_word' id='word_1_281' title='bbox 349 3116 474 3189; x_wconf 92' lang='lat' dir='ltr'><strong>corporis</strong></span> <span class='ocrx_word' id='word_1_282' title='bbox 493 3114 691 3174; x_wconf 86' lang='lat' dir='ltr'><strong>habitudinem</strong></span> <span class='ocrx_word' id='word_1_283' title='bbox 713 3129 779 3172; x_wconf 90' lang='lat' dir='ltr'><strong>cunr</strong></span> <span class='ocrx_word' id='word_1_284' title='bbox 798 3117 893 3176; x_wconf 89' lang='lat' dir='ltr'><strong>dolore</strong></span> <span class='ocrx_word' id='word_1_285' title='bbox 912 3124 962 3174; x_wconf 86' lang='lat' dir='ltr'><strong>aut</strong></span> <span class='ocrx_word' id='word_1_286' title='bbox 980 3117 1124 3189; x_wconf 88' lang='lat' dir='ltr'><strong>voluptate</strong></span> 
     </span>
     <span class='ocr_line' id='line_1_35' title="bbox 74 3199 1123 3273; baseline -0.008 -10"><span class='ocrx_word' id='word_1_287' title='bbox 74 3203 276 3272; x_wconf 78' lang='lat' dir='ltr'><strong>coniunctam3</strong></span> <span class='ocrx_word' id='word_1_288' title='bbox 296 3205 325 3259; x_wconf 91' lang='lat' dir='ltr'><strong>et</strong></span> <span class='ocrx_word' id='word_1_289' title='bbox 340 3200 412 3260; x_wconf 88' lang='lat' dir='ltr'><strong>haec</strong></span> <span class='ocrx_word' id='word_1_290' title='bbox 426 3215 444 3258; x_wconf 91' lang='lat' dir='ltr'><strong>a</strong></span> <span class='ocrx_word' id='word_1_291' title='bbox 456 3214 551 3271; x_wconf 91' lang='lat' dir='ltr'><strong>sensu,</strong></span> <span class='ocrx_word' id='word_1_292' title='bbox 568 3213 654 3272; x_wconf 87' lang='lat' dir='ltr'><strong>quem</strong></span> <span class='ocrx_word' id='word_1_293' title='bbox 667 3199 814 3257; x_wconf 90' lang='lat' dir='ltr'><strong>internum</strong></span> <span class='ocrx_word' id='word_1_294' title='bbox 826 3201 1065 3273; x_wconf 88' lang='lat' dir='ltr'><strong>nuncupavimus,</strong></span> <span class='ocrx_word' id='word_1_295' title='bbox 1081 3203 1123 3255; x_wconf 89' lang='lat' dir='ltr'><strong>at·</strong></span> 
     </span>
     <span class='ocr_line' id='line_1_36' title="bbox 76 3283 1122 3381; baseline -0.005 -36"><span class='ocrx_word' id='word_1_296' title='bbox 76 3288 206 3360; x_wconf 88' lang='lat' dir='ltr'><strong>tingitur.</strong></span> <span class='ocrx_word' id='word_1_297' title='bbox 227 3285 354 3343; x_wconf 85' lang='lat' dir='ltr'><strong>Fictitius</strong></span> <span class='ocrx_word' id='word_1_298' title='bbox 368 3283 511 3381; x_wconf 80' lang='lat' dir='ltr'><strong>igiturest</strong></span> <span class='ocrx_word' id='word_1_299' title='bbox 525 3285 640 3342; x_wconf 91' lang='lat' dir='ltr'><strong>omnino</strong></span> <span class='ocrx_word' id='word_1_300' title='bbox 656 3299 757 3343; x_wconf 89' lang='lat' dir='ltr'><strong>sensus</strong></span> <span class='ocrx_word' id='word_1_301' title='bbox 771 3284 1013 3354; x_wconf 80' lang='lat' dir='ltr'><strong>fundamentalis,</strong></span> <span class='ocrx_word' id='word_1_302' title='bbox 1035 3296 1122 3355; x_wconf 86' lang='lat' dir='ltr'><strong>quern</strong></span> 
     </span>
     <span class='ocr_line' id='line_1_37' title="bbox 76 3366 1122 3445; baseline -0.008 -14"><span class='ocrx_word' id='word_1_303' title='bbox 76 3372 166 3445; x_wconf 85' lang='lat' dir='ltr'><strong>aliqui</strong></span> <span class='ocrx_word' id='word_1_304' title='bbox 180 3381 326 3444; x_wconf 86' lang='lat' dir='ltr'><strong>tamquam</strong></span> <span class='ocrx_word' id='word_1_305' title='bbox 340 3369 501 3428; x_wconf 85' lang='lat' dir='ltr'><strong>maximum</strong></span> <span class='ocrx_word' id='word_1_306' title='bbox 515 3371 662 3430; x_wconf 85' lang='lat' dir='ltr'><strong>inventurn</strong></span> <span class='ocrx_word' id='word_1_307' title='bbox 681 3370 805 3428; x_wconf 85' lang='lat' dir='ltr'><strong>recentis</strong></span> <span class='ocrx_word' id='word_1_308' title='bbox 819 3367 1019 3443; x_wconf 79' lang='lat' dir='ltr'><strong>Psychologiae</strong></span> <span class='ocrx_word' id='word_1_309' title='bbox 1032 3366 1122 3425; x_wconf 88' lang='lat' dir='ltr'><strong>dilan-</strong></span> 
     </span>
    </p>

    <p class='ocr_par' dir='ltr' id='par_1_7' title="bbox 1 3454 1121 3614">
     <span class='ocr_line' id='line_1_38' title="bbox 1 3454 1121 3548; baseline -0.005 -33"><span class='ocrx_word' id='word_1_310' title='bbox 1 3485 2 3500; x_wconf 42' lang='grc' dir='ltr'><strong>ι</strong></span> <span class='ocrx_word' id='word_1_311' title='bbox 77 3457 166 3528; x_wconf 78' lang='lat' dir='ltr'><strong>dant,</strong></span> <span class='ocrx_word' id='word_1_312' title='bbox 183 3455 256 3513; x_wconf 83' lang='lat' dir='ltr'><strong>sicut</strong></span> <span class='ocrx_word' id='word_1_313' title='bbox 269 3454 416 3513; x_wconf 80' lang='lat' dir='ltr'><strong>intuitum</strong></span> <span class='ocrx_word' id='word_1_314' title='bbox 430 3455 527 3528; x_wconf 83' lang='lat' dir='ltr'><strong>lintis,</strong></span> <span class='ocrx_word' id='word_1_315' title='bbox 548 3455 598 3528; x_wconf 87' lang='lat' dir='ltr'><strong>qui</strong></span> <span class='ocrx_word' id='word_1_316' title='bbox 612 3455 668 3514; x_wconf 86' lang='lat' dir='ltr'><strong>alia</strong></span> <span class='ocrx_word' id='word_1_317' title='bbox 682 3454 827 3515; x_wconf 88' lang='lat' dir='ltr'><strong>chimaera</strong></span> <span class='ocrx_word' id='word_1_318' title='bbox 841 3460 897 3525; x_wconf 86' lang='lat' dir='ltr'><strong>est,</strong></span> <span class='ocrx_word' id='word_1_319' title='bbox 913 3458 946 3512; x_wconf 89' lang='lat' dir='ltr'><strong>nt</strong></span> <span class='ocrx_word' id='word_1_320' title='bbox 960 3465 1121 3548; x_wconf 80' lang='lat' dir='ltr'><strong>mammam</strong></span> 
     </span>
     <span class='ocr_line' id='line_1_39' title="bbox 1 3539 588 3614; baseline -0.003 -14"><span class='ocrx_word' id='word_1_321' title='bbox 1 3589 4 3600; x_wconf 87' lang='lat'>.</span> <span class='ocrx_word' id='word_1_322' title='bbox 76 3541 226 3600; x_wconf 85' lang='lat' dir='ltr'><strong>inventum</strong></span> <span class='ocrx_word' id='word_1_323' title='bbox 240 3539 400 3614; x_wconf 87' lang='lat' dir='ltr'><strong>Ontologiae</strong></span> <span class='ocrx_word' id='word_1_324' title='bbox 415 3539 588 3613; x_wconf 86' lang='lat' dir='ltr'><strong>praedicant.</strong></span> 
     </span>
    </p>
   </div>
   <div class='ocr_carea' id='block_1_6' title="bbox 0 0 1388 4492">
    <p class='ocr_par' dir='ltr' id='par_1_8' title="bbox 0 0 1388 4492">
     <span class='ocr_line' id='line_1_40' title="bbox 0 0 1388 4492; baseline 0 1"><span class='ocrx_word' id='word_1_325' title='bbox 0 0 1388 4492; x_wconf 95' lang='lat' dir='ltr'><strong> </strong></span> 
     </span>
    </p>
   </div>
  </div>
 </body>
</html>
