2767 4492
495 261 573 358 runis
592 309 733 359 astruunt
1081 297 1137 365 ill?

124 403 154 460 ln
174 402 227 462 truc
243 403 354 458 tantum
367 397 459 458 elucet
473 399 641 472 ditturontia,
663 401 737 474 quod
754 401 881 462 subiecta
897 405 1029 479 utrinque
1045 405 1135 466 diror-

89 505 120 546 sa
137 487 210 560 siut3
227 486 332 560 quippe
346 499 442 555 amor,
460 500 516 558 quu
531 484 679 543 individua
693 485 820 544 humana
835 503 963 547 seorsum
978 491 1132 564 diligimus,

89 587 155 630 curu
172 586 268 630 amoro
283 584 368 644 quem
383 569 467 627 uobis
482 570 536 643 ipsi
556 569 694 628 debemus
710 572 841 642 componi
857 573 964 646 exigit3
987 581 1016 633 at
1030 589 1132 649 antor,

89 673 145 731 quo
161 656 289 729 singulae
303 659 402 727 gentes
416 654 487 720 alias
502 653 635 727 prosequi
651 655 873 728 adstringuntur,
890 658 1036 716 conciliari
1050 661 1136 719 debet

88 756 153 802 cum
169 757 265 799 amoro
280 755 366 812 quom
382 753 570 812 unaquaeque
585 738 714 812 ipsarum
730 739 787 797 sibi
801 747 830 798 et
842 741 1012 799 sociisuade
1023 751 1133 804 constat

88 827 225 886 exhihere
240 825 390 898 obligatur.
408 825 450 882 iix
465 839 520 897 quo
536 823 568 881 lit
583 829 613 882 ut
628 839 730 883 norma
744 825 924 898 atiquatenus
944 827 1089 898 varietur,
1106 835 1135 886 et

88 911 192 970 diversi
213 911 316 968 limites
336 909 509 968 exoriuntur.
539 908 627 982 Saepe
649 909 727 968 euim
747 910 825 982 quod
843 925 964 983 persona
984 911 1134 970 individua

88 1010 154 1054 cum
171 995 252 1054 laude
274 1001 417 1068 praestare
437 997 547 1067 potest,
564 994 588 1051 si
612 1009 696 1052 suam
714 995 865 1052 utilitatem
884 1001 1000 1068 propter
1019 996 1135 1056 alterius

88 1080 238 1138 utilitatem
254 1079 440 1153 posthabeat,
464 1093 497 1135 nc
518 1077 661 1150 privatum
684 1080 888 1138 detrimentum
909 1081 1036 1139 incurrat
1051 1088 1081 1140 ut
1096 1080 1135 1140 ail-

88 1164 140 1222 teri
156 1164 325 1236 benefaciam
343 1164 370 1221 id
387 1163 498 1237 populis
514 1164 588 1228 iactu
603 1163 729 1237 ditttctte,
746 1166 904 1223 rectoribus
918 1167 1136 1226 rororitiosum

87 1249 150 1307 erit.
181 1248 252 1316 Qui,
275 1263 339 1306 curu
365 1256 442 1306 arcto
464 1254 612 1306 teneantur
633 1249 728 1308 olficio
746 1249 856 1308 honum
873 1251 1067 1324 reipublicae,
1089 1254 1136 1311 cui

86 1332 268 1406 praesident,
285 1333 476 1406 procurandi3
498 1339 644 1406 nequeunt
658 1333 810 1392 utilitatem
827 1334 920 1406 gentis
935 1335 1045 1394 alienae
1061 1337 1137 1395 utili·

87 1416 137 1474 tati
153 1416 246 1489 gentis
261 1417 391 1490 propriae
407 1423 589 1490 anteponere.
614 1419 645 1476 lu
666 1417 720 1476 troc
740 1418 828 1489 igitur
841 1434 879 1476 ne
892 1433 1011 1477 excessu
1026 1427 1075 1478 aut
1089 1422 1136 1479 de·

86 1501 162 1558 lectu
177 1507 325 1574 peccetur,
342 1502 407 1578 iura
422 1507 450 1559 et
461 1502 557 1559 ollicia
573 1502 732 1576 comparari
748 1503 853 1561 debent
865 1502 939 1560 inter
953 1519 984 1560 sc
998 1503 1079 1562 iuxta
1093 1520 1135 1564 re

86 1584 167 1656 gulas
182 1601 252 1658 quas
267 1585 336 1644 alibi
351 1585 552 1658 indicarimus,
565 1591 597 1643 ut
611 1592 750 1662 appareat
763 1587 907 1660 quoduam
922 1586 951 1644 ri
965 1587 1074 1646 ordinis
1088 1587 1134 1645 ius

87 1675 136 1728 aut
154 1671 280 1728 odicium
296 1669 326 1728 in
342 1669 489 1728 collisione
506 1670 597 1742 magis
617 1675 729 1744 urgeat.
752 1671 831 1738 Quod
850 1672 977 1744 prolecto
998 1671 1135 1730 iudicium

86 1753 203 1814 diiticile
218 1771 274 1814 uon
290 1755 344 1814 erit
358 1755 399 1827 ei,
417 1755 466 1826 qui
482 1753 652 1812 rectitudine
669 1754 758 1812 animi
774 1761 801 1812 et
816 1771 913 1813 amore
929 1755 1039 1813 virtutis
1054 1771 1135 1814 orno·

87 1846 152 1914 tur3
170 1855 291 1914 eamque
307 1839 400 1913 potius
415 1838 583 1912 consulere,
600 1854 688 1911 quam
704 1839 818 1912 regulas
832 1839 1021 1912 multiplicare
1034 1855 1135 1914 oppor-

88 1929 188 1982 tunum
205 1923 416 1983 existimamus.
826 1958 832 1968 ·
1082 1944 1087 1953 ¹
1125 1919 1130 1928 ’

121 2009 184 2066 215.
213 2009 246 2066 Ut
271 2023 402 2081 quaeqae
426 2007 575 2066 individuo
602 2011 747 2082 personali
770 2009 907 2084 dignitate
934 2010 1085 2087 trauntur,
1105 2017 1134 2068 ct

87 2092 217 2170 aequalia
229 2093 346 2150 omniuo
360 2097 427 2150 suut
440 2093 560 2168 interce
578 2093 609 2150 in
628 2095 740 2154 iuribus
758 2096 884 2169 innatis,
901 2113 975 2172 quae
992 2113 1027 2154 ex
1044 2097 1134 2155 tremi-

84 2179 131 2238 nis
147 2183 267 2236 naturae
284 2177 461 2247 scaturiant3
480 2177 521 2234 sic
537 2191 655 2247 corpora
673 2179 899 2250 politicamutuo
915 2180 1136 2255 independentia

85 2261 199 2336 propria
214 2261 300 2316 etiam
320 2260 520 2333 personalitate
540 2261 691 2334 gaudent,
714 2277 748 2318 ac
767 2265 895 2321 uicissim
914 2268 1136 2340 aequiparantur

84 2349 214 2417 respectu
229 2343 334 2401 iurium
349 2359 386 2402 ex
401 2343 453 2401 liae
469 2343 669 2418 personalitate
684 2347 903 2418 emergentium.
920 2350 1015 2422 Neque
1030 2351 1061 2407 iu
1077 2352 1131 2408 troc

84 2429 142 2487 ulla
157 2427 330 2486 discriminis
343 2429 415 2487 ratio
435 2429 546 2487 desumi
565 2433 660 2502 polest
678 2445 715 2486 ex
731 2429 834 2487 maiori
849 2445 969 2487 numero
988 2432 1131 2490 sociorum

85 2519 134 2571 aut
147 2513 333 2588 amplitudine
348 2515 489 2587 potentiae
505 2519 553 2572 aut
570 2513 737 2572 divitiarum
757 2512 848 2584 copia.
867 2513 901 2570 Ut
915 2515 992 2570 enirn
1010 2515 1131 2586 pusillus

84 2599 169 2660 ltomo
184 2605 211 2658 ot
227 2599 285 2658 lere
304 2600 434 2658 oninium
451 2615 574 2672 egenus,
600 2601 650 2656 aut
670 2597 795 2656 imbellis
810 2597 935 2670 viribon,
952 2613 1011 2655 uon
1032 2600 1129 2656 miuus

84 2683 169 2742 homo
184 2689 244 2758 est,
271 2699 357 2758 quam
378 2684 457 2742 (lires
476 2689 504 2744 et
521 2683 672 2756 grandiore
686 2689 736 2740 aut
749 2681 884 2740 ualidiore
899 2697 1016 2756 corpore
1031 2688 1128 2754 uteus3

86 2771 126 2830 sic
150 2770 311 2844 respublica
330 2775 485 2843 ‘utcumque
508 2769 636 2843 augustis
656 2768 791 2827 conclusa
811 2767 949 2826 limitibus
968 2774 1017 2826 aut
1035 2785 1131 2827 rerum

84 2857 204 2930 penuria
220 2856 367 2928 laborans,
385 2863 434 2913 aut
449 2857 560 2914 cultura
577 2855 692 2914 rudiore
708 2854 845 2928 praedita,
861 2854 991 2927 aequalia
1003 2854 1132 2913 iurasitii

84 2940 209 2997 vindicat
224 2955 257 2998 ac
267 2955 389 3013 reguum
404 2946 558 3012 utcumque
577 2947 675 3012 potens
685 2945 714 2997 et
729 2945 840 2997 uastum
855 2943 883 2996 et
897 2939 1024 2998 rraaximo
1039 2940 1129 3012 gradu

84 3025 177 3083 cultus
190 3025 281 3084 civilis
296 3033 439 3084 ornatum.
452 3025 597 3082 dittsmodi
608 3030 705 3083 autem
720 3025 885 3098 aequalitas
898 3029 931 3082 ut
946 3024 1065 3099 quisquc
1079 3040 1131 3099 per

84 3125 115 3167 sc
131 3109 213 3167 facile
229 3111 315 3183 videl,
333 3127 369 3168 ex
386 3111 486 3167 eadem
512 3115 617 3167 natura
633 3109 777 3183 dimanat,
794 3125 827 3168 ac
841 3109 958 3183 proinde
973 3109 1130 3168 inionibus

83 3195 218 3267 cernitur,
232 3210 305 3268 quae
319 3195 356 3252 ab
371 3195 494 3252 essentia
505 3194 567 3267 ipsa
582 3194 725 3252 societatis
740 3194 970 3267 proticiscuutur3
988 3209 1061 3267 quac
1072 3209 1130 3252 cer·

86 3289 111 3342 le
127 3279 261 3338 eumdem
277 3277 383 3337 hebent
398 3277 511 3348 titutum
526 3278 660 3351 idemque
676 3279 914 3350 tundamentum,
930 3291 1034 3351 nempe
1048 3284 1130 3339 natu·

82 3381 143 3426 ram
159 3361 282 3422 lromiuis
297 3367 325 3420 et
340 3363 445 3420 iactum
463 3361 684 3421 consociationis
700 3361 841 3435 politicae.

118 3435 197 3518 Quod
215 3448 238 3505 si
254 3447 289 3504 do
311 3445 376 3504 aliis
391 3461 485 3504 sermo
500 3452 563 3514 est,
587 3461 660 3520 quae
675 3447 706 3504 in
720 3446 793 3504 iacto
814 3445 909 3519 aliquo
922 3446 1050 3505 humano
1067 3448 1132 3506 tun-

81 3536 194 3606 dantur,
206 3537 338 3604 respectu
353 3530 434 3588 cuius
446 3531 583 3604 singulae
595 3531 744 3590 societates
758 3529 894 3588 differunt
907 3530 982 3588 iuter
995 3547 1042 3603 so3
1059 3531 1130 3589 ltaec

82 3635 139 3678 nou
154 3615 352 3690 aequalitatem
366 3616 572 3688 praeseferunt,
585 3615 638 3673 sed
649 3614 884 3688 discrepantiam3
896 3621 924 3673 et
933 3615 1063 3688 aequalia
1072 3615 1129 3674 dici

80 3709 199 3776 possunt
214 3701 242 3760 in
259 3701 312 3758 troc
328 3706 436 3758 tautum
455 3715 552 3772 sensu,
571 3705 711 3774 qautenus
726 3715 816 3775 aequo
831 3700 1020 3760 reverentiam
1036 3705 1063 3759 cl
1077 3699 1128 3760 ob·

82 3786 254 3851 servantiam
271 3783 306 3846 ab
318 3784 385 3874 'aliis
398 3784 550 3861 postulant.
