2767 4492
527 308 606 356 rurus
624 305 767 362 saeuam
1115 293 1169 356 265

124 396 359 459 communicetur.
380 395 426 456 Sic
450 407 588 468 compago
605 392 731 467 corporis
752 392 865 452 socialis
883 393 996 454 muneri
1023 391 1170 468 potestatis

123 488 289 548 cusentinae
302 492 366 561 apte
381 484 539 546 conveniet.
557 483 644 542 Sacas
660 483 683 540 si
699 481 812 542 diversa
825 482 1025 556 instrumenta,
1043 497 1118 556 quae
1130 481 1168 541 ad

122 574 184 633 eius
198 572 367 632 exercitium
381 574 564 642 concurrunt,
581 568 636 628 sibi
651 573 751 627 mutuo
766 567 908 641 resistant,
926 568 1108 647 autinlluuui
1118 583 1167 626 su·
1249 621 1256 633 ,

120 657 211 733 premi
221 657 338 717 motoris
349 655 512 728 recipiendo
527 668 585 712 non
599 653 654 712 rite
673 652 872 725 subiiciautur,
890 658 939 712 aut
953 654 978 711 si
992 653 1054 726 ipse
1068 667 1167 726 supre-

121 759 185 801 mus
201 747 292 802 rector
306 741 436 816 pluribus
452 739 601 812 coalescat,
618 738 669 812 qui
685 737 823 797 dissidere
838 737 948 812 possint
962 737 1037 796 inter
1052 753 1102 809 se,
1120 753 1168 812 ap·

121 827 234 902 plicatio
251 827 346 899 legum
360 841 417 884 uon
434 825 517 882 modo
535 823 612 882 lenta
626 822 681 882 erit
699 822 857 894 etiucerta,
878 821 928 880 sed
943 821 1029 880 eliam
1044 820 1166 878 interru-

118 912 208 987 ptioni
223 910 357 983 obnoxia,
375 925 479 982 magno
504 907 648 967 societatis
662 906 843 966 detrimento.
860 907 919 965 litai
937 905 1016 965 enim
1029 919 1111 962 mera
1136 909 1164 962 et

118 996 287 1071 interruptio
310 995 340 1053 in
364 993 567 1054 deliberatione
582 989 679 1065 legum
693 990 915 1062 sciscendarum,
942 989 999 1048 nisi
1016 987 1168 1062 peculiaris

117 1081 273 1142 necessitas
289 1088 397 1152 urgeat,
410 1077 623 1136 incommodum
638 1075 751 1135 nullum
761 1074 900 1148 abarana,
925 1079 1020 1132 umen
1040 1070 1167 1132 maxime

117 1166 236 1224 nocivae
251 1169 318 1223 sunt
332 1160 513 1236 applicatieni
532 1161 638 1234 legum,
662 1175 737 1233 quae
762 1160 893 1234 proxime
914 1157 1049 1216 socialem
1069 1171 1167 1232 opera·

115 1247 341 1310 tionemattinat.
361 1246 439 1306 lianc
463 1245 542 1305 enim
558 1251 625 1306 tune
643 1249 692 1303 aut
716 1259 838 1317 cessare,
858 1243 1087 1305 aulabuormem
1101 1255 1163 1302 esse

119 1333 271 1408 oportebit.
641 1357 644 1364 ·

42 1453 43 1460 ι
125 1459 128 1465 -
154 1419 212 1478 Nec
225 1417 320 1476 minus
345 1416 462 1476 evidens
480 1420 524 1475 est
546 1415 702 1476 necessitas
726 1416 769 1474 vis
784 1416 938 1476 coactivas.
958 1416 1030 1474 Nam
1044 1427 1111 1472 cum
1131 1412 1163 1471 in

116 1501 305 1576 applicatione
320 1501 417 1575 legum
431 1500 593 1560 resistentia
607 1515 644 1558 err
659 1499 856 1572 improborum
870 1501 1032 1574 {bominum
1057 1501 1164 1556 conatu

116 1586 220 1645 aliendi
236 1586 342 1660 possit,
363 1585 530 1646 execuliaae
541 1584 687 1659 potestatis
703 1585 833 1644 efficacia
846 1585 925 1644 nulla
940 1584 1084 1655 subsistet,
1104 1579 1163 1639 nisi

114 1671 144 1729 ui
159 1671 316 1729 instruatur
331 1687 405 1745 quae
418 1670 454 1728 ad
470 1669 633 1728 huiusmodi
648 1669 855 1744 impedimenta
868 1669 1032 1740 repellenda
1045 1674 1159 1743 praesto

116 1755 163 1814 sil.
191 1755 266 1824 Quae
288 1755 405 1830 quidem
427 1755 469 1813 vis
493 1755 524 1812 in
539 1759 651 1812 tantum
667 1755 765 1828 augeri
786 1755 879 1827 debet,
895 1760 1036 1829 quantum
1050 1754 1161 1814 ratione

114 1839 393 1898 circumstantiarum
408 1838 578 1913 exquiritur,
592 1844 625 1898 ul
637 1839 778 1914 potentior
792 1839 894 1898 eradat
919 1840 1074 1898 obstaculis
1098 1840 1161 1914 qui-

113 1925 302 1998 buscumque.
320 1924 394 1984 Nilril
409 1923 487 1984 euim
503 1922 701 1997 tranquillitati
715 1923 822 1982 ciuium
837 1928 866 1982 et
885 1923 1002 1996 proinde
1023 1923 1099 1983 bono
1117 1939 1161 1983 so

114 2009 179 2068 ciali
194 2009 286 2082 magis
299 2014 449 2082 repugnat,
467 2023 554 2081 quam
578 2007 760 2066 imbecillitas
775 2007 960 2081 auctoritatis,
980 2023 1053 2082 quae
1068 2006 1162 2082 impu·

68 2159 72 2168 ,
114 2110 151 2154 ue
165 2093 356 2154 residentiam
369 2091 675 2166 pravorumlrominum
688 2097 787 2149 contra
797 2093 888 2165 legem
900 2093 1033 2167 patiatur.
1046 2094 1116 2152 Nam
1126 2093 1162 2153 si·

113 2169 175 2238 mul
189 2186 274 2252 atqua
287 2177 317 2235 lri
332 2175 584 2234 animadverterint
599 2191 629 2232 se
641 2191 722 2248 posse
738 2175 801 2234 siue
810 2177 937 2249 periculo
952 2178 1057 2237 violare
1067 2178 1162 2252 legem

114 2263 299 2322 catellorum
316 2259 425 2318 iuribus
444 2259 502 2316 vim
515 2259 639 2330 inferre,
658 2259 1161 2334 nibilintactumrelinpuentellrae·

111 2362 161 2419 na,
182 2360 238 2418 una
253 2343 385 2417 gliscunt,
403 2343 535 2416 audacia,
552 2357 638 2415 quam
653 2343 788 2416 deinceps
809 2349 940 2402 coercere
959 2346 1161 2407 dillicillimum

112 2431 176 2490 erit.
194 2430 336 2488 immensa
349 2429 435 2501 igilur
451 2427 544 2486 cautio
556 2431 583 2484 el
593 2427 746 2486 consilium
757 2427 890 2499 frequens
903 2432 932 2485 et
942 2427 1161 2500 diligentissima

110 2515 277 2578 deliberatio
287 2515 455 2572 adhibeatur
470 2514 498 2573 iu
515 2513 670 2572 condendis
694 2511 805 2586 legibus
820 2527 894 2584 quae
915 2511 999 2570 utiles
1020 2518 1048 2570 et
1072 2513 1159 2572 lrenc·

107 2608 168 2662 stae
177 2601 242 2675 siut;
253 2605 291 2672 at,
304 2599 348 2660 bis
359 2600 488 2673 conditis,
502 2615 588 2658 manu
604 2599 690 2658 veluti
702 2598 792 2656 ferrea
802 2613 901 2657 earam
910 2596 1042 2656 executio
1055 2613 1155 2669 procu·

107 2684 200 2745 raeda
214 2689 265 2763 cst,
284 2684 508 2758 necquidquam
525 2684 703 2743 tolerandum
718 2683 793 2757 quod
810 2697 908 2741 earum
934 2681 1109 2740 reuerentiae
1130 2688 1159 2742 et

108 2769 308 2828 observantiae
333 2769 507 2828 adversetur.
532 2769 573 2827 Ex
588 2785 644 2844 quo
668 2769 700 2826 sat
720 2773 752 2826 ut
766 2767 880 2839 milites,
896 2766 1001 2840 quibus
1017 2766 1159 2828 societatis

109 2855 155 2915 uis
170 2854 297 2913 coactiva
311 2853 471 2913 continetur
493 2858 520 2911 et
542 2853 613 2912 iuris
632 2860 743 2912 arenata
767 2851 895 2912 defensio
921 2851 1075 2912 commissa
1098 2858 1156 2923 est,

109 2939 279 2999 executivae
293 2937 439 3012 potestatis
451 2938 572 3012 imperio
587 2938 785 3016 sublimantur.

150 3024 239 3098 Atque
255 3021 323 3082 binc
342 3028 460 3096 apparet
482 3023 636 3082 necessitas
658 3023 756 3082 tertiae
773 3023 856 3082 dotis.
873 3023 941 3083 Cum
963 3022 1041 3083 enim
1056 3038 1159 3082 execu-

109 3108 169 3169 liva
185 3112 306 3180 poteslas
316 3107 468 3166 adamanta
478 3106 686 3180 quodammodo
702 3113 903 3182 sletoporteat,
917 3108 1011 3182 quoad
1023 3107 1157 3166 obedien·

110 3192 181 3253 tiam
200 3191 311 3266 legibus
332 3191 548 3265 vindicandam3
564 3190 621 3249 nisi
636 3191 790 3250 admodum
805 3190 966 3250 illuminata
984 3192 1036 3263 sit,
1059 3191 1158 3251 odiosa

108 3275 466 3348 nimis-etgravisevadel.
484 3277 552 3336 llam
563 3291 629 3335 eum
643 3291 701 3335 nen
713 3276 1021 3350 lapidessedbomines
1038 3281 1158 3336 tractare

110 3361 225 3433 debeat,
238 3361 288 3435 qui
300 3362 443 3420 uoluntate
458 3361 548 3420 libera
562 3366 590 3420 et
600 3361 710 3420 ratione
719 3361 755 3420 ad
765 3361 942 3436 operandum
953 3361 1155 3435 impelluntur3

109 3445 256 3508 inlluuum
275 3461 360 3504 suum
374 3446 502 3505 subiecto
516 3446 731 3506 accommodare
746 3461 802 3505 non
819 3446 930 3520 polerit,
946 3445 1002 3504 uisi
1015 3445 1159 3519 sapienter

110 3531 224 3592 noverit
236 3529 409 3589 voluntalem
424 3531 516 3604 ipsam
532 3537 560 3590 et
574 3532 713 3590 rationem
728 3531 907 3590 subditorum
923 3547 1046 3603 movere,
1065 3538 1098 3590 ut
1112 3547 1158 3589 ea·

107 3631 177 3678 rum
191 3615 264 3675 actio
275 3631 332 3674 non
342 3615 464 3675 uiolenta
479 3623 507 3675 et
521 3617 702 3675 extrinsecus
717 3617 856 3689 impressa
867 3617 915 3674 sed
933 3623 1090 3689 spontanea
1100 3616 1156 3674 vir·
1196 3627 1212 3650 ·

110 3707 173 3760 tute
188 3706 297 3760 constet
310 3706 338 3759 et
352 3716 370 3758 a
385 3700 524 3776 principio
534 3699 610 3759 velut
624 3700 955 3775 internoproliciscente.
973 3700 1059 3760 Secus
1074 3700 1099 3758 si
1113 3716 1157 3758 ra-

108 3785 220 3845 nitente
232 3785 448 3850 subiectouctie
463 3784 606 3858 elidiatum
622 3792 717 3844 molus
731 3785 844 3844 socialis
859 3799 915 3843 non
930 3787 1014 3844 modo
1028 3800 1086 3844 non
1100 3785 1156 3853 erit

107 3871 273 3952 humanus,
291 3871 340 3932 sed
356 3871 443 3937 etlam
463 3885 498 3934 ca
517 3871 574 3933 vita
592 3875 621 3932 ct
634 3871 736 3932 robore
750 3870 929 3944 destituetur,
945 3886 1019 3945 quae
1041 3871 1156 3935 nonnisi

929 3956 961 4025 ll
