2767 4492
428 307 503 354 rsus
516 306 868 373 mame-rsvcnouoeu
1072 329 1075 334 -
1117 295 1170 356 att

126 401 212 476 atque
233 397 327 473 prima
346 395 494 466 tamquam
515 391 606 450 torma
624 389 818 452 sensibilitatis
840 391 1000 464 externae,
1030 389 1121 452 altera
1140 398 1174 459 ut

128 483 220 542 torma
233 477 429 542 sensibilitatis
442 475 572 536 internae
588 473 720 533 habenda
737 476 800 535 erit.

180 569 214 626 lt
223 567 256 626 in
270 561 418 625 sentiendo
432 561 539 636 patitur
559 558 683 620 animus.
699 559 743 616 Ex
762 559 876 620 influxu
889 562 968 620 enim
980 561 1023 622 rei
1037 566 1174 625 exterma

128 651 237 726 aliquid
257 649 382 724 recipit,
414 647 461 706 cui
485 645 557 704 duas
578 643 642 704 illae
662 643 858 704 sensibilitatis
878 645 985 706 termas
1007 646 1037 708 vi
1054 653 1174 709 natiuae

128 737 285 810 adiungens
300 779 308 808 ,
337 731 462 792 visiones
476 729 608 790 efformat
620 728 775 802 empiricas
790 772 798 801 ,
825 743 899 802 quae
913 734 1010 790 umen
1033 731 1174 794 iudicium

130 820 242 880 nullum
252 818 398 894 praebent.
424 815 569 890 Utileque
583 813 674 888 adea,
691 814 721 872 in
737 811 842 887 artibus
855 828 913 872 non
923 813 982 872 iam
991 813 1114 876 visiones
1123 818 1175 877 sed

130 911 283 981 conceptus
297 919 394 965 rerum
409 902 599 974 continentur,
617 899 782 972 veniamus,
798 898 883 958 altius
895 899 1103 974 assurgentium
1116 908 1173 977 est,

128 992 267 1051 nimirum
276 990 310 1049 ad
325 989 418 1063 ipsam
427 986 601 1046 activitatem
614 983 704 1044 enimi
719 999 794 1058 quae
803 984 834 1042 in
844 983 990 1043 intellectu
1004 984 1080 1043 inest
1088 997 1117 1044 et
1124 1001 1176 1060 per

130 1075 291 1148 iudicium,
308 1072 384 1147 quod
398 1069 583 1145 conceptibus
597 1073 724 1142 constat,
746 1072 905 1128 exerceam.
920 1069 1009 1144 Atque
1022 1072 1055 1128 ut
1067 1073 1179 1142 partem

130 1161 280 1220 formalem
289 1159 480 1231 conceptuum
493 1160 656 1216 nostrorum
670 1153 846 1227 detegamus,
862 1151 1024 1226 expendere
1038 1153 1179 1228 oportebit

130 1260 179 1304 eas
195 1245 310 1316 formas,
327 1241 432 1316 quibus
446 1237 721 1298 necessariomentis
735 1236 842 1296 iudicia
856 1237 1024 1296 vestiuntur.
1036 1239 1178 1311 lgenunc

131 1329 184 1387 etsi
199 1329 346 1400 ignoretur
360 1323 504 1398 quodnam
519 1321 662 1380 obiectum
677 1320 783 1379 iudicia
796 1325 896 1380 nostra
909 1321 1094 1397 spectabunt,
1106 1321 1177 1382 illud

131 1417 229 1470 tamen
242 1413 358 1468 maneat
366 1421 484 1467 necesse
494 1409 545 1480 est,
557 1421 591 1464 ea
602 1420 716 1478 semper
725 1405 821 1479 aliqua
830 1405 907 1464 attici
917 1405 1094 1479 quantitate,
1106 1423 1182 1480 qaa-

132 1495 235 1567 litate,
256 1492 416 1565 rotatione,
444 1495 493 1550 aut
505 1489 602 1549 cado.
618 1490 676 1550 liae
690 1489 779 1563 igitur
796 1490 905 1549 formae
919 1494 1040 1563 quatuor
1063 1489 1181 1549 iudicio·

130 1594 210 1638 rum:
229 1577 394 1650 quantitas,
410 1574 551 1649 qttalitas,
572 1573 686 1642 relatio,
702 1571 881 1648 awdalitas,
897 1573 1056 1646 aprioriin
1071 1573 1182 1633 intelle-

132 1668 181 1722 ctu
194 1666 279 1722 erunt
292 1665 321 1720 et
334 1660 370 1720 ab
385 1659 447 1734 ipsa
465 1657 665 1718 constitutione
678 1657 770 1718 animi
788 1657 873 1717 nobis
896 1657 1111 1731 ingenerantur.
1131 1657 1182 1717 Ea-

130 1761 198 1806 rum
212 1749 308 1806 autem
323 1759 452 1818 quaeque
466 1743 497 1802 in
514 1745 569 1802 tres
583 1742 688 1800 iterum
711 1740 835 1814 dispesci
857 1740 951 1800 debet.
975 1741 1047 1800 Nam
1067 1741 1178 1802 ratione

132 1828 314 1904 quantitatis
327 1825 466 1888 iudicium
480 1830 648 1902 potestesse
667 1824 713 1884 vel
727 1825 899 1899 riaqatare,
916 1823 961 1883 vel
972 1825 1180 1900 particulare,

132 1913 178 1973 vel
192 1911 380 1984 aatoersale;
398 1914 483 1986 prout
497 1909 641 1970 obiectum
651 1906 840 1982 concipimus,
855 1907 902 1967 vel
915 1912 947 1967 ut
960 1924 1077 1984 ιιιιιιιιι,
1092 1909 1184 1970 velut

132 1997 307 2073 multiplea,
322 1995 369 2056 rel
382 2000 415 2056 ut
430 2001 524 2054 totam
540 1993 663 2068 aliquod.
680 1991 798 2051 Ratione
812 1991 992 2067 quantitatis
1001 1991 1183 2066 partiendum
1299 2006 1307 2020 ·

133 2087 177 2142 est
190 2082 222 2140 in
236 2081 402 2156 offlectam,
421 2093 543 2154 caparis,
562 2077 730 2150 infinitam,
746 2080 831 2149 prout
845 2073 891 2134 vel
905 2075 1056 2150 amedeus
1070 2080 1182 2150 careat,

134 2165 180 2224 vel
193 2164 376 2238 negationem
399 2161 518 2238 copulae
531 2164 707 2236 praeponat,
737 2159 783 2218 vel
802 2158 925 2234 denique
949 2160 1130 2234 negationem
1154 2161 1186 2221 in

135 2249 197 2323 ipso
207 2247 336 2307 subiecto
351 2250 401 2304 aut
410 2245 573 2320 praedicato
587 2243 724 2318 implicet,
739 2248 773 2302 ut
781 2242 807 2323 si
822 2241 914 2304 dieas:
931 2244 1053 2304 artimus
1069 2252 1110 2306 est
1123 2261 1186 2304 coa

135 2330 288 2402 mortalis,-
307 2345 363 2405 quo
374 2329 456 2390 tertio
470 2329 616 2388 iudicandi
631 2343 735 2402 genere
744 2343 827 2389 mens
841 2327 984 2388 obiectum
996 2329 1079 2404 quasi
1093 2328 1184 2390 limite

136 2413 367 2490 quodamafiicit.
384 2413 502 2474 Ratione
513 2412 666 2474 relationis
681 2411 819 2473 iodicium
835 2429 897 2473 esse
909 2418 1001 2488 potest
1014 2413 1061 2472 vel
1074 2422 1184 2488 cateqo·

136 2500 245 2568 raaia,
260 2499 306 2559 vel
320 2497 550 2577 apportaturus,
566 2498 612 2558 vel
626 2495 856 2570 disiunctionem
866 2502 950 2573 prout
959 2497 1089 2556 subiecto
1102 2511 1184 2570 prae-

136 2583 319 2643 dicatumaut
333 2583 471 2659 absolute,
481 2589 530 2644 aut
544 2583 635 2658 posita
649 2581 809 2642 conditione
825 2581 923 2655 eliqua
937 2578 1052 2651 tribuat,
1065 2583 1116 2637 aut
1128 2579 1184 2640 dis·

135 2667 278 2728 iunctione
292 2669 418 2744 quadam
434 2670 516 2743 plura
529 2673 651 2743 separet.
667 2665 795 2740 lienique
809 2665 919 2724 radone
939 2661 1123 2722 crudelitatis
1143 2662 1185 2722 iu·

136 2751 243 2811 dicium
262 2753 400 2812 dividitur
414 2753 445 2812 iu
459 2751 714 2828 praeterlambere,
731 2748 946 2819 aratoriam,
965 2747 1184 2821 necesarium,-

136 2841 220 2910 prout
235 2835 343 2909 aliquid
358 2835 404 2894 vel
426 2839 571 2910 tamquam
586 2830 740 2906 possibile,
756 2829 803 2887 vel
817 2835 963 2902 tamquam
979 2830 1125 2901 existens,
1141 2828 1186 2890 vel

137 2925 284 2989 tamquam
297 2917 492 2976 necessarium
503 2920 621 2992 spectat.
639 2913 731 2980 Quare
746 2912 857 2986 analpei
871 2909 1001 2970 omnium
1015 2909 1187 2974 iudiciorum

137 3005 299 3060 nostrorum
316 2999 469 3070 instituta,
499 2995 649 3056 duodecim
668 3000 818 3067 emergunt
834 2994 981 3068 generales
997 3001 1186 3071 conceptuum

138 3085 257 3156 formae,
273 3096 344 3155 ques
358 3080 513 3140 Aristotelis
528 3076 686 3137 imitatione
706 3078 863 3151 categorias
876 3077 1009 3155 appellat,
1025 3081 1184 3142 nimirum:

137 3167 259 3236 anctos,
278 3163 461 3232 multitado,
482 3161 633 3234 totalitas,·
652 3162 837 3242 affirmatio,
857 3164 974 3238 aeqatic
993 3209 1000 3239 ,
1022 3163 1185 3242 limitatio3

137 3251 306 3313 summatis
323 3257 349 3310 et
366 3247 482 3321 cada,
503 3262 596 3308 caasa
614 3253 639 3306 et
657 3245 781 3321 efferim,
802 3247 878 3306 actio
893 3255 920 3307 ct
934 3242 1187 3324 perambulet

140 3337 208 3398 litas
226 3343 252 3394 ct
270 3331 499 3410 impossibilitas,
521 3330 676 3392 aeateatia
695 3329 816 3408 aesque
833 3331 976 3404 carenda,
995 3329 1147 3391 lucas-itas
1160 3341 1188 3393 et

139 3417 347 3492 coattaqeate'a.

193 3503 268 3562 Haec
282 3501 397 3578 quidem
422 3500 459 3560 ad
471 3499 648 3560 intellectum
663 3499 816 3574 pertinent.
842 3499 876 3560 lt
894 3497 1023 3558 omnium
1047 3497 1186 3561 altissima

141 3585 261 3648 facultas
274 3585 347 3646 ratio
370 3589 426 3660 est;
443 3589 593 3660 propterea
606 3583 682 3658 quod
698 3584 821 3658 cognitio
839 3582 965 3643 ambisa
982 3581 1115 3642 sanemus
1128 3583 1185 3660 pri·

140 3685 222 3729 mum
235 3671 344 3745 incipit,
360 3669 463 3730 deinde
482 3669 518 3728 ad
532 3665 749 3742 intelligentiam
769 3668 879 3744 pergit,
895 3667 1012 3728 demum
1030 3667 1062 3727 in
1076 3667 1186 3728 ratione

142 3753 305 3813 absolvitur.
321 3752 410 3814 Huius
420 3769 487 3812 vero
503 3767 609 3812 munus
623 3756 667 3811 est
680 3752 819 3811 umtatem
833 3749 974 3826 impertiri
989 3747 1182 3825 conceptibus,

143 3845 172 3897 et
186 3837 218 3926 vi
230 3843 418 3913 conceptuum
433 3837 638 3912 phaenomenis
657 3851 805 3898 sensuum.
831 3835 911 3907 Quod
924 3835 1039 3912 audem
1060 3840 1185 3912 praestat
