2767 4492
349 416 891 546 INTRODUCTIO

103 1439 273 1566 Principio
287 1491 478 1564 generaliores
492 1491 630 1564 quasdam
645 1488 835 1562 quaestiones,
852 1503 926 1562 quae
945 1490 1079 1562 praeviae
1094 1491 1152 1550 sint

105 1581 134 1634 et
148 1576 313 1634 universam
328 1576 486 1634 doctrinam
501 1589 614 1632 morum
631 1573 782 1646 attingant,
798 1572 939 1631 distinctis
962 1573 1090 1633 articulis
1103 1573 1152 1632 de·

104 1659 275 1732 libabimus3
293 1667 446 1732 antequam
461 1657 581 1730 singulis
595 1657 658 1715 eius
672 1656 802 1730 partibus
813 1656 968 1714 tractandis
976 1672 1095 1716 manum
1105 1659 1153 1716 ad-

106 1757 285 1801 moveamus.
303 1743 448 1801 liinsmodi
473 1746 568 1800 autem
591 1739 772 1814 quaestiones
794 1737 831 1796 ad
847 1739 900 1796 has
921 1731 1041 1812 quatuor
1054 1741 1153 1802 reduci

59 1832 66 1844 ”
103 1831 232 1901 possunt.
247 1827 382 1898 Primum,
400 1831 431 1884 ut
445 1825 586 1884 iudicetur
607 1823 715 1881 utilitas
730 1837 817 1895 quam
838 1822 957 1881 scientia
978 1823 1095 1884 moralis
1110 1829 1152 1886 oi·

105 1912 168 1969 lert.
185 1909 301 1983 Deinde,
313 1915 346 1968 ut
361 1915 496 1983 appareat
506 1908 649 1966 distinctio
664 1922 722 1980 qua
732 1905 853 1964 scientia
865 1906 982 1964 moralis
997 1908 1090 1968 aiure
1100 1926 1152 1970 na·

106 2001 186 2053 turae
200 1993 367 2052 secernitur.
386 1993 456 2051 lum
470 1999 503 2050 ut
516 1990 674 2066 explicetur
689 1990 767 2048 unde
785 1990 872 2048 huius
884 1990 1052 2065 disciplinae
1071 1995 1150 2068 prin-

106 2078 181 2151 cipia
208 2079 330 2151 petenda
354 2077 420 2136 sint.
436 2077 563 2148 Denique
583 2081 615 2134 ut
637 2073 765 2133 tractatio
784 2074 815 2132 in
838 2079 943 2148 partes,
967 2076 1154 2150 quibusoam

106 2163 309 2236 comprehendi
323 2161 465 2234 volumus,
483 2161 633 2219 tribuatm.

472 2329 640 2388 sumamus
659 2327 781 2420 Pmrros.

258 2499 297 2558 lle
310 2497 435 2558 encratis
451 2497 587 2558 smectica
605 2496 736 2556 utilitato
755 2504 783 2557 ct
797 2501 994 2573 praestantia.

144 2671 231 2728 Homo
245 2670 320 2729 inter
333 2675 443 2729 creatas
452 2683 499 2728 res
513 2667 641 2728 visibiles
651 2668 923 2742 praestantissimus,
940 2666 1018 2725 velut
1028 2679 1103 2739 apex
1113 2667 1154 2724 di-

109 2754 191 2812 vinae
207 2753 358 2812 creationis
377 2759 429 2812 est.
447 2753 517 2820 Ouia
538 2768 605 2812 vero
620 2752 774 2810 moralium
793 2751 965 2808 relationum
987 2753 1030 2807 cst
1050 2762 1153 2821 capax,

110 2851 176 2895 vcro
197 2853 248 2895 ens
264 2837 336 2895 illud
356 2852 418 2896 esse
433 2837 490 2895 dici
509 2840 610 2909 potest,
632 2835 709 2906 quod
726 2834 868 2891 mundum
882 2847 949 2890 cum
967 2829 1099 2905 supremo
1113 2848 1156 2890 re-

109 2933 175 2978 rum
189 2919 331 2990 Principio
349 2919 506 2990 coniungit,
522 2931 665 2990 operaque
680 2931 733 2973 sna
746 2915 858 2986 perlicit
871 2919 904 2973 ut
921 2915 1038 2974 effectus
1052 2915 1085 2973 in
1098 2917 1156 2989 pri·

110 3015 189 3060 mam
212 2999 292 3057 illam
317 3015 433 3058 causam
458 3000 562 3056 itemm
587 2998 796 3070 quodammodo
821 3002 1008 3058 revertantur.
1034 3000 1157 3058 iteum

111 3083 218 3157 duplici
241 3083 399 3140 substantia
417 3086 535 3153 constet,
557 3095 673 3154 corpore
696 3080 834 3139 nimirum
858 3095 892 3140 ac
911 3082 1025 3157 spiritu,
1048 3083 1085 3142 ad
1106 3085 1157 3142 du·

112 3169 215 3242 plicem
230 3165 360 3223 ordinem
376 3165 508 3238 pertinet.
525 3165 702 3237 Quamquam
718 3163 796 3222 enim
811 3165 841 3224 vi
859 3167 985 3240 corporis
999 3167 1157 3226 immensae

112 3251 179 3311 huic
195 3255 313 3309 catenae
324 3249 590 3309 innectaturremm
605 3248 849 3322 adspectabilium,
862 3265 935 3323 quae
945 3251 1036 3324 spatio
1050 3258 1079 3309 et
1089 3256 1158 3308 tem-

110 3351 179 3410 pore
192 3334 386 3406 continentm;
402 3337 498 3392 tamen
511 3332 540 3392 vi
550 3332 640 3392 animi
651 3332 804 3406 spirituum
819 3333 948 3392 societati
962 3334 1154 3406 coniungitur,

112 3435 185 3494 quac
198 3417 350 3478 invisibilis
364 3418 395 3476 in
411 3418 518 3477 mundo
532 3417 639 3477 visibili
655 3417 741 3476 altam
756 3417 836 3476 illam
849 3419 900 3477 Ilei
914 3418 1059 3477 civitatem
1074 3418 1157 3477 ellor-

110 3509 179 3576 mat,
197 3503 228 3561 in
243 3517 299 3576 que
313 3502 387 3562 lleus
407 3517 463 3560 nou
478 3502 562 3560 modo
577 3506 619 3560 est
636 3501 734 3574 opilex
749 3516 782 3560 ac
797 3517 947 3576 supremus
960 3506 1053 3561 motor
1069 3503 1111 3574 (nt
1125 3503 1157 3560 in

113 3587 212 3646 ordine
228 3602 362 3660 corporeo
373 3585 495 3657 accidit),
508 3587 558 3644 sed
568 3585 681 3659 proprie
692 3586 834 3658 princeps,
846 3587 989 3659 legislator
1004 3591 1155 3660 etparens.

148 3670 179 3726 lu
195 3670 247 3728 noc
267 3671 366 3730 ordine
385 3669 554 3728 constitutus
572 3670 658 3727 homo
676 3669 787 3729 duabus
809 3669 989 3729 facultatibus
1008 3675 1154 3744 operatur:

114 3752 300 3824 intelligentia
314 3760 343 3812 et
358 3754 518 3826 voluntato3
536 3769 608 3826 quoe
624 3759 772 3826 propteroa
787 3769 936 3827 supremae
955 3755 985 3812 in
1001 3767 1034 3812 eo
1053 3753 1158 3812 haben·

116 3842 161 3898 tur
176 3835 241 3893 otin
258 3843 375 3911 ceteros,
392 3837 511 3912 quue'ad
525 3837 658 3926 sensilem
673 3839 803 3898 ordinem
814 3837 1155 3912 spectantdominuntur.

943 3922 960 3959 ι)
