2767 4492
636 382 810 433 isanbertus¹

584 598 688 675 Opinio
706 596 849 659 liodberti.

252 812 312 874 rt5.
331 813 382 873 llic
400 812 523 872 recentis
542 809 738 889 materialismi
763 808 882 884 signiter
903 808 1061 869 humanam
1079 806 1246 868 sociclnlenr

197 898 238 959 sic
252 899 384 973 explicat,
401 903 432 956 ut
446 897 483 956 ab
501 896 627 971 egoismo
643 900 671 956 et
685 896 814 955 ellroena
829 894 952 970 quadarn
963 892 1078 953 licentia
1092 890 1246 951 exordiens

197 986 233 1044 ad
253 984 427 1043 teterrimum
453 982 658 1057 despotlsmum
677 979 865 1040 sanciendum
882 980 1022 1038 deveniat.
1047 978 1158 1038 Etenim
1178 992 1246 1038 cum

197 1084 296 1128 omues
305 1069 430 1128 hominis
445 1068 593 1127 facultates
608 1067 643 1125 ad
657 1067 749 1126 solam
765 1065 983 1125 sensibilitatem
996 1064 1158 1124 reduxisset
1172 1064 1247 1123 eius·

197 1168 252 1228 prro
277 1155 361 1213 finem
377 1158 406 1212 et
420 1166 550 1212 normam
572 1150 709 1227 operandi
728 1151 759 1210 in
781 1151 924 1226 uoluptate
947 1148 1128 1223 collocassem
1155 1164 1248 1224 genus

197 1238 356 1298 humanum
377 1238 486 1297 aeirilt
508 1236 650 1297 consortio
674 1252 726 1311 per
748 1250 779 1295 se
805 1236 931 1295 alienum
955 1250 1017 1295 esse
1038 1235 1170 1309 opinatus
1192 1238 1247 1294 est.

198 1324 286 1397 lltqrre
301 1324 330 1382 id
345 1324 413 1383 salis
431 1329 629 1397 congruenter.
655 1323 726 1381 llunr
751 1320 899 1397 voluptas,
925 1336 991 1381 cum
1014 1320 1188 1395 principium
1211 1320 1250 1379 sit

198 1424 277 1469 mere
291 1408 499 1484 subieetlrum3
516 1408 631 1467 nonnisi
646 1408 682 1467 ad
698 1408 857 1483 egoismum
876 1406 1008 1479 adducit,
1032 1406 1082 1481 qui
1096 1410 1172 1465 cerlo
1187 1420 1251 1464 mu·

200 1500 264 1553 tune
277 1492 500 1568 benevolentiae,
517 1499 603 1568 atque
618 1493 682 1553 ideo
692 1492 843 1552 socialitati
854 1490 1018 1552 reluctatur.
1036 1490 1127 1559 Quare
1143 1494 1252 1549 statum

198 1580 358 1638 naturalem
371 1579 496 1653 bominis
509 1578 540 1637 in
554 1594 587 1637 eo
600 1578 726 1653 positum
742 1578 830 1637 luisse
844 1577 929 1651 dicit,
952 1582 984 1635 ut
998 1590 1145 1649 segregem
1159 1574 1252 1634 vitam

202 1665 334 1737 degeret,
351 1665 381 1723 in
396 1679 453 1737 qua
465 1664 600 1721 omuibus
615 1664 651 1721 ad
665 1662 763 1723 omnia
777 1662 823 1722 ius
837 1662 942 1721 inesset
957 1668 985 1721 et
1000 1662 1060 1720 sola
1075 1662 1103 1719 ri
1117 1660 1181 1720 lites
1197 1666 1253 1719 ter·

202 1750 389 1807 minarenturr
411 1748 520 1805 Exinde
544 1748 664 1821 singuiis
679 1748 780 1807 innata
800 1752 844 1805 est
862 1748 994 1806 voluntas
1018 1745 1140 1805 nocendi
1164 1744 1249 1820 aliis3

203 1839 288 1906 alque
317 1833 422 1891 ideirco
446 1837 579 1890 mutuum
609 1837 836 1907 perpetuumque
862 1833 972 1891 bellum
996 1831 1143 1906 effloruit3
1175 1832 1253 1904 quod

203 1933 351 1990 uunquam
372 1915 519 1975 terminari
535 1917 689 1990 potuissete
715 1923 831 1991 propter
845 1917 1047 1991 neutralitatem
1069 1916 1174 1976 virium
1189 1916 1253 1990 qui·

203 2003 259 2061 bus
274 2002 411 2059 bellantes
424 2000 647 2059 instruebantur.
664 2002 753 2071 Num,
775 2002 829 2061 etsi
840 2001 929 2076 aliqui
944 2005 1120 2075 praestarent
1131 2000 1251 2075 robure3

205 2092 300 2146 tamen
319 2086 387 2157 olii,
403 2086 454 2159 qul
472 2078 672 2146 imbecilliores
685 2092 777 2159 erant,
794 2086 969 2147 debilitatem
984 2086 1089 2145 virium
1104 2084 1211 2145 astutia
1224 2092 1254 2145 ot

205 2171 305 2229 fraudo
324 2170 555 2243 compensabant.
581 2172 652 2230 llinc
673 2177 791 2231 mutuus
815 2171 899 2231 timor
924 2172 1054 2231 homines
1074 2170 1194 2230 adduxit
1218 2170 1256 2230 nd

205 2255 369 2315 societatem
382 2255 455 2313 inter
469 2272 500 2315 se
513 2256 644 2330 pactione
655 2256 827 2331 ineundam,
850 2262 883 2315 ut
897 2258 939 2316 sic
954 2264 1032 2317 nretu
1048 2256 1169 2316 aliorum
1184 2256 1256 2316 libo·

206 2342 261 2401 rati
276 2342 404 2415 propriae
424 2341 632 2400 conservationi
651 2342 847 2417 prospicerent
860 2346 889 2400 et
907 2342 1055 2416 acquisitis
1078 2342 1162 2401 bonis
1180 2341 1258 2416 paci·

207 2426 261 2486 sree
275 2426 444 2485 fruerentur.
462 2426 538 2485 Statu
555 2426 642 2500 igitur
655 2428 780 2486 naturali
794 2425 903 2501 relicto,
920 2426 1033 2486 civilem
1047 2426 1256 2501 condiderunt,

207 2526 246 2571 ex
259 2526 316 2587 quo
330 2512 375 2571 irrs
398 2511 577 2587 proprietatis
594 2516 624 2570 et
642 2517 737 2571 celera
752 2512 815 2571 iuro
836 2516 921 2587 utque
935 2516 1037 2571 mutuo
1056 2512 1151 2571 ollicia
1165 2509 1258 2570 dima-

208 2602 322 2657 norunt.

263 2683 316 2741 Sed
331 2682 433 2741 initum
446 2686 562 2758 pactum
576 2685 605 2741 et
619 2681 675 2741 alia
688 2682 765 2742 bona
779 2696 851 2757 qrroe
866 2682 932 2743 inde
952 2680 1129 2759 procedunt,
1149 2680 1260 2743 serrari

208 2784 264 2828 non
281 2775 404 2842 possent,
420 2768 477 2826 nisi
492 2768 603 2826 adesset
617 2773 740 2842 potestas
755 2768 860 2842 aliquo,
873 2784 946 2843 quae
956 2768 1116 2843 egoisruum
1132 2768 1260 2843 singulo-

209 2868 274 2911 rum
289 2851 345 2911 sibi
358 2852 492 2911 subderet
509 2857 538 2911 et
551 2852 582 2911 in
598 2852 693 2911 olllcio
715 2852 881 2912 contineret.
907 2854 996 2912 lmmo
1012 2868 1045 2911 ea
1061 2858 1184 2927 potestas
1198 2868 1260 2911 rna·

210 2937 290 2996 xima
304 2938 342 2996 sit
355 2942 506 3011 oporteret
523 2938 614 2996 limite
628 2952 730 2996 carens
744 2958 751 3011 ς
777 2936 920 3011 siquidem
939 2953 997 3012 quo
1013 2936 1111 2996 fortior
1125 2936 1174 2996 illa
1186 2937 1258 3010 erit,

210 3038 245 3083 eo
264 3023 367 3082 certior
382 3027 411 3081 et
432 3020 560 3081 stabilior
580 3022 741 3081 communis
766 3022 956 3097 tranquillitos
979 3020 1168 3097 permanebit.
1188 3022 1262 3080 ilinc

211 3106 629 3168 enatonrloisseailsummum
640 3108 813 3182 imperium3
832 3106 1015 3166 translatione
1027 3106 1262 3179 laclaasingulis

212 3192 323 3252 civibus
337 3192 466 3251 omnium
489 3192 668 3267 propriarum
692 3194 797 3251 virium
812 3198 841 3251 et
854 3192 1033 3251 voluntatum
1055 3196 1084 3249 et
1098 3189 1205 3249 lorium
1231 3190 1263 3248 in

212 3290 364 3352 personum
382 3278 508 3352 aliquam
530 3278 679 3353 physicam
700 3278 744 3336 vel
765 3275 921 3351 moralem,
944 3290 1017 3351 quae
1035 3276 1065 3335 in
1085 3282 1195 3335 ceteros
1214 3278 1264 3333 do·

210 3363 378 3422 minaretur.
401 3364 511 3438 Quare,
537 3364 630 3422 civilis
656 3369 780 3438 potestus
799 3378 850 3437 per
869 3378 900 3422 se
920 3364 1037 3422 omnino
1067 3360 1197 3419 absoluta
1221 3362 1266 3417 est

213 3463 247 3507 uc
262 3448 347 3507 nullis
370 3448 505 3508 adstricto
524 3448 627 3508 officiis
646 3455 696 3507 aut
713 3449 832 3522 legibus.
856 3448 886 3507 El
905 3448 1043 3507 obsistere
1062 3444 1170 3505 subditi
1189 3459 1265 3503 nun-

214 3548 302 3605 quaur
323 3539 459 3608 possunt,
482 3533 594 3593 etiamsi
608 3534 716 3592 iniusta
735 3540 763 3592 et
778 3532 868 3608 impia
886 3530 1052 3607 praecipiat.
1075 3531 1166 3590 Immo
1186 3528 1268 3588 ciues

214 3633 252 3676 ne
270 3620 435 3678 examinare
457 3620 572 3693 quidem
595 3620 700 3678 debent
721 3626 820 3678 utrum
838 3618 951 3678 licitum
971 3618 1008 3677 sit
1027 3632 1119 3677 necne
1139 3615 1167 3675 id
1188 3614 1271 3689 quod

214 3701 330 3774 politica
349 3704 501 3763 auctoritas
516 3704 613 3778 iubel;
641 3710 669 3763 et
689 3704 881 3763 obedientiam
906 3704 950 3762 illi
974 3704 1116 3776 denegare
1132 3702 1163 3760 in
1177 3700 1271 3759 rebus

217 3784 303 3843 etiam
317 3788 466 3847 manifeste
480 3788 637 3849 inlroueslis
651 3789 816 3849 babendum
831 3790 886 3849 erit
900 3794 1047 3863 umquam
1061 3784 1273 3863 perduellionis

218 3867 335 3932 crimen.
358 3871 485 3949 benique
503 3874 553 3934 illa
566 3880 690 3953 potestus
704 3880 817 3954 praeest
832 3876 919 3938 etiam
928 3872 1060 3951 religioni
1080 3877 1109 3935 ct
1128 3871 1272 3949 interpre-
