2767 4492
515 357 594 402 runis
612 357 755 404 sumnus
1101 347 1158 412 281

114 445 198 517 atquc
213 456 264 517 pro
278 439 341 502 eius
351 440 564 500 conservatione
579 448 608 502 et
623 443 711 502 tutela
725 444 814 502 vitam
824 445 911 506 etiam
926 443 1098 522 profundere
1110 462 1156 521 po·

113 529 167 588 rati
184 528 284 588 simus.
301 528 331 586 ld
347 533 441 586 tamen
452 542 565 601 semper
579 527 698 586 servatis
714 527 840 588 institiae
861 535 891 590 et
904 533 1017 592 virtutis
1032 532 1152 607 legibus,

112 611 245 687 aquibus
257 611 390 670 recedere
408 607 461 669 ne'c
475 626 527 684 pro
543 610 635 684 patria
649 626 704 670 nec
715 627 765 685 pro
779 619 859 687 patre
868 631 996 690 unquam
1010 617 1086 676 licet.

147 696 188 754 Ex
206 696 261 756 hoc
276 711 373 755 amore
388 696 572 770 consequitur
586 699 622 768 uti
638 696 823 772 reipublicae,
846 699 928 758 cuius
945 701 1059 760 civitate
1072 702 1159 761 dona·

110 797 184 855 mur,
201 781 341 855 salutem,
358 782 582 854 incrementum,
606 781 770 840 Felicitatem
781 784 874 857 quoad
891 800 1041 858 possumus
1057 802 1157 860 procu·

110 881 215 925 remus.
227 867 266 925 Nc
277 871 373 924 tamen
384 881 462 925 crror
476 865 605 940 obrepat,
621 865 722 925 scdulo
736 866 1022 927 animadvertendum
1036 876 1080 927 cst
1090 869 1157 927 inde

109 967 167 1010 non
181 950 262 1024 sequi
276 957 308 1010 ut
322 965 422 1010 omnes
443 951 480 1009 ad
494 951 697 1023 magistratum
719 953 876 1025 gerendum
891 959 942 1011 aut
955 953 1060 1012 sociale
1079 952 1157 1010 atiud

107 1051 213 1094 munus
228 1037 420 1095 exercendum
435 1035 487 1096 niti
498 1037 629 1095 debeant.
647 1037 707 1100 Non
722 1037 802 1096 enirn
817 1038 870 1096 bac
889 1037 936 1096 via
950 1038 1100 1097 dumtaxat
1111 1036 1155 1095 iu·

108 1127 191 1180 vatur
206 1121 335 1188 societas
358 1121 447 1179 lntmo
462 1121 486 1179 si
507 1137 606 1180 omncs
625 1122 699 1180 ltnrrc
719 1123 895 1196 provinciam
914 1139 1017 1182 ornare
1034 1121 1154 1194 sellent3

108 1201 425 1266 immensaconlusioet
438 1205 591 1265 aemulatio
601 1206 771 1266 exoriretur.
788 1207 844 1268 Nec
858 1206 943 1266 ctiam
959 1206 1095 1280 obligatio
1110 1221 1155 1264 se·

108 1291 204 1364 quitur
225 1291 377 1349 exercendi
399 1299 599 1364 mercaturam,
621 1297 671 1350 aut
689 1299 781 1351 nrtem
796 1293 923 1366 aliquam
938 1291 983 1351 vel
1003 1291 1156 1351 scientiam

108 1377 273 1449 prolitendi,
296 1380 347 1435 aut
371 1376 492 1435 oliorum
513 1377 620 1435 civium
641 1377 822 1451 disciplinam
842 1377 1027 1452 promovendi
1046 1377 1106 1436 sire
1125 1377 1156 1435 in

107 1459 208 1518 litteris
223 1461 283 1519 sice
303 1461 332 1521 in
350 1461 479 1520 moribus
498 1461 613 1535 publice
629 1463 833 1522 collaborando.
855 1464 912 1522 Etsi
930 1463 1007 1522 enirn
1023 1462 1072 1536 qui
1088 1463 1156 1520 dde-

107 1542 173 1603 liter
187 1551 215 1604 ct
230 1545 335 1604 intuitu
350 1545 418 1605 boui
442 1547 607 1606 communis
624 1547 767 1606 eiusmodi
787 1547 895 1607 obeunt
913 1547 1026 1621 oldcia,
1049 1546 1156 1621 optime

106 1629 141 1688 de
156 1630 302 1703 republica
316 1638 498 1704 mereantur;
518 1647 576 1690 uon
593 1638 688 1691 tamen
705 1632 811 1691 idcirco
822 1647 922 1692 omnes
936 1633 973 1690 ad
987 1647 1022 1691 ea
1035 1646 1156 1691 meinero

106 1712 251 1785 implenda
265 1714 474 1787 compelluntur
499 1732 516 1774 a
535 1721 655 1788 natura,
676 1731 731 1774 nec
745 1716 863 1790 reliqui,
886 1716 984 1791 quiiis
998 1714 1153 1788 abstineut,

105 1800 187 1860 otiosi
197 1801 332 1860 censendi
348 1806 414 1859 sunt
425 1805 536 1860 ctonus
550 1801 651 1861 inutile
667 1802 820 1862 societatis.
836 1802 865 1860 Si
875 1803 940 1876 quis
949 1801 1028 1861 eninr
1040 1801 1155 1874 privata

106 1886 219 1944 fortuna
229 1892 389 1960 contentus,
402 1886 533 1960 propriae
544 1886 670 1946 familiae
684 1888 791 1947 directe
801 1888 933 1961 consulit,
945 1903 979 1946 ac
990 1886 1154 1946 domesticis

105 1969 214 2030 laribus
229 1973 385 2032 modestam
403 1976 431 2029 ct
447 1978 633 2046 temperatam
648 1971 736 2030 vitam
752 1972 890 2046 instituit;
907 1973 933 2030 is
948 1973 1073 2046 prolecto
1088 1970 1155 2030 licet

106 2054 345 2129 splendidioribus
355 2057 521 2115 muneribus
532 2063 636 2128 careat,
655 2063 749 2116 tumen
765 2058 861 2117 oilicio
872 2073 929 2117 non
939 2058 1028 2129 deest,
1040 2061 1069 2114 et
1078 2054 1154 2114 mul·

105 2140 229 2199 tilariam
250 2141 377 2199 societati
395 2141 471 2198 utilis
486 2146 538 2198 est.
556 2141 624 2198 Nam
641 2141 793 2201 utilitatem
807 2143 949 2216 inprimis
966 2142 1007 2202 illi
1025 2141 1108 2200 atlert
1122 2156 1151 2199 e·

104 2225 234 2298 xemplo;
251 2225 393 2297 siquidem
413 2224 541 2282 societati
563 2239 619 2282 noo
641 2225 725 2283 modo
744 2227 900 2298 operositas
916 2227 1078 2287 necessaria
1092 2231 1150 2300 est,

103 2308 302 2368 verumetiam
312 2307 461 2378 modestia,
479 2313 647 2380 ceteraeque
658 2309 787 2382 virtutes,
799 2325 874 2383 quae
887 2312 1152 2383 aprivatobomine

104 2397 283 2452 exercentur.
302 2391 418 2464 Deinde,
438 2392 507 2450 dum
523 2391 647 2450 familiae
658 2394 825 2474 perfectioni
836 2394 1000 2467 adlaborat,
1012 2411 1071 2454 non
1086 2396 1164 2454 exi·-

103 2493 191 2552 gunm
202 2477 330 2537 societati
344 2477 569 2536 emolumentum
585 2477 739 2552 importat;
756 2478 897 2552 siquidem
907 2479 1051 2537 societatis
1062 2481 1152 2541 veluti

104 2564 293 2624 seminarium
308 2564 425 2639 privatis
444 2562 561 2623 familiis
578 2564 749 2637 continetur,
766 2572 795 2624 et
808 2565 949 2623 clementa
967 2563 1072 2637 quibus
1088 2565 1152 2622 eius

103 2667 206 2726 corpus
231 2657 454 2724 coagmentatur.
481 2651 626 2725 lienique,
647 2665 684 2708 ne
701 2651 784 2725 plura
805 2656 968 2723 consecter,
991 2650 1061 2708 dum
1080 2649 1151 2709 civis

86 2803 88 2808 ,
102 2737 247 2812 propriam
258 2736 462 2810 perlectionem
475 2737 594 2810 adipisci
610 2737 771 2809 contendit,
783 2743 811 2795 et
821 2737 992 2810 morigeram
1002 2736 1091 2794 vitam
1102 2735 1150 2806 tle·

102 2823 152 2896 git,
164 2822 293 2881 societati
308 2823 414 2895 duplici
425 2838 463 2880 ex
474 2829 553 2895 perte
564 2822 738 2896 opitulatur:
754 2823 890 2896 primunr,
903 2822 1090 2896 quiapartem
1102 2820 1151 2880 oli·

101 2923 187 2981 quam
207 2906 315 2980 politici
335 2905 461 2979 corporis
482 2921 584 2980 nempe
603 2907 729 2980 seipsum
749 2907 872 2980 perlicit3
893 2905 1006 2978 deinde,
1027 2906 1096 2980 quia
1115 2906 1148 2964 il·
1224 2913 1229 2923 ’

103 3005 172 3049 nem
190 2990 271 3048 illum
288 2989 360 3048 inse
373 2997 514 3064 procurat,
536 3005 621 3063 quem
640 2991 760 3050 societas
774 2989 910 3049 omnibus
928 2990 1030 3048 alleme
1048 2989 1146 3063 vellet,

100 3089 204 3148 nempe
219 3075 382 3134 felicitatem
397 3091 434 3134 ex
449 3075 531 3134 bortis
547 3075 675 3134 moribus
690 3081 883 3134 enascentem.
901 3075 981 3143 Quod
999 3074 1023 3132 si
1038 3075 1149 3148 potiora

100 3158 177 3218 bona
194 3175 251 3218 non
266 3159 364 3232 affert,
382 3159 490 3234 culpari
509 3160 571 3218 sine
593 3160 747 3218 manifesta
762 3158 869 3220 iniuria
884 3173 942 3218 non
955 3164 1063 3234 potest3
1088 3163 1149 3216 tum

101 3245 169 3318 quia
184 3260 281 3312 nemo,
298 3247 383 3303 modo
399 3244 471 3303 nulli
484 3243 654 3318 obligationi
664 3245 751 3312 desit,
768 3246 804 3302 ad
819 3244 1012 3303 exercendum
1029 3242 1059 3300 id
1073 3243 1150 3316 quod

100 3329 254 3403 perfectius
268 3335 311 3387 est
326 3329 524 3404 adstringitur3
549 3335 610 3410 tom
629 3330 718 3388 etium
737 3330 805 3404 quia
819 3330 940 3388 societas
954 3326 1148 3402 operosiorem

5 3467 9 3470 .
101 3413 207 3473 civium
227 3428 397 3472 concursum
412 3414 576 3488 bonoribus,
589 3415 748 3489 stipendiis,
764 3415 885 3488 aliisque
901 3412 1037 3487 praemiis
1050 3425 1149 3470 remu·

97 3505 224 3572 necatur,
241 3498 345 3572 quibus
359 3499 407 3558 ille
422 3499 544 3559 libenter
558 3507 646 3568 caret,
658 3515 712 3559 nec
726 3499 805 3558 aliud
818 3498 979 3557 asoctetato
989 3497 1079 3569 exigit
1089 3496 1147 3555 nisi

101 3586 219 3645 tutelam
237 3583 345 3643 lorium
368 3585 473 3658 quibus
488 3601 506 3644 a
520 3591 622 3644 natura
637 3583 795 3645 instructus
809 3589 861 3642 est.
878 3583 957 3651 Quod
973 3581 1148 3642 beneficium

100 3671 226 3746 proiecto
240 3675 407 3744 compensat
421 3674 482 3728 tum
500 3668 682 3728 observantia
697 3669 806 3729 iurium
820 3668 980 3726 alienorum
995 3666 1148 3739 legumque

101 3754 239 3827 civilium,
257 3763 317 3814 tum
332 3753 474 3812 solvendis
484 3752 671 3826 vectigalibus
686 3769 761 3827 quae
778 3749 1144 3824 asocietateimponuntur,

101 3844 162 3896 tum
178 3840 305 3899 maxime
320 3839 376 3898 illis
387 3838 469 3898 bonis
480 3839 779 3912 promerendis,quae
793 3836 925 3912 superius
940 3849 1145 3896 commemora·

99 3923 194 3983 rimus
209 3930 238 3984 et
256 3939 378 3999 quorum
392 3923 479 3986 etiam
494 3922 524 3983 in
539 3923 651 3998 privata
665 3923 786 3986 suavita
798 3929 843 3988 est
856 3927 965 3985 auctor.
1089 3935 1094 3940 ’
