2767 4492
412 317 814 368 pensemus-cosnonoon
1084 304 1137 366 ·59

91 405 178 476 caret,
195 406 278 477 atque
292 401 357 462 ideo
371 401 512 476 quidquid
526 407 675 462 aeternum
688 403 859 480 concipitur,
875 402 916 464 ita
931 404 1090 479 concipitur
1104 408 1138 463 ut

89 503 239 561 nunquam
252 487 400 561 inceperit.

125 574 242 646 Deinde,
258 574 289 632 in
303 573 455 647 hypothesi
469 572 623 634 creationis
637 577 771 634 aeternae
786 575 991 636 adstruendum
1004 579 1079 638 asset
1093 575 1138 636 in·

88 657 203 720 finitum
217 658 272 716 atio
287 657 399 718 intinito
409 657 512 731 maius,
524 662 553 718 et
565 657 682 732 quidem
693 658 724 717 iu
737 658 838 718 eodem
852 659 952 720 ordine
966 659 1135 733 durationis,

88 743 165 816 quod
179 758 339 816 repugnare
354 742 483 816 uidetur;
501 743 606 817 quippe
621 742 768 804 infinitum
783 743 808 804 si
823 743 984 817 exceditur,
1001 744 1060 808 iam
1074 743 1139 804 inii·

5 880 6 883 ,
88 827 183 886 nitum
197 840 255 885 non
269 833 321 886 est.
333 827 367 886 Et
376 842 445 886 sane
456 828 486 886 in
498 829 546 886 itta
555 828 706 902 hypothesi
721 827 892 902 praetartabi
907 827 1073 890 debuissent
1091 828 1137 888 in-

87 911 170 970 finita
184 917 346 985 momenta,
362 911 469 972 infiniti
484 913 561 986 dies,
577 912 685 972 infiniti
700 927 834 985 menses,
851 912 981 974 infinitae
995 909 1144 974 ashorum‘

87 997 308 1070 conversionem
325 995 467 1072 siquidem
481 998 583 1057 mundi
598 998 783 1060 existentiam
800 1003 912 1070 tempus
925 997 1051 1069 metittu,
1070 1003 1137 1058 tem·

86 1095 141 1154 pus
157 1088 252 1140 autem
265 1082 297 1140 in
311 1083 419 1140 mundo
438 1088 554 1142 aeterno
575 1082 737 1156 privaretur
757 1079 849 1144 initio.
866 1081 952 1140 Nemo
967 1087 1064 1142 autem
1078 1095 1137 1140 non

86 1166 166 1224 ridet
176 1181 327 1226 nnmerum
341 1167 490 1242 mensium,
501 1183 519 1224 a
532 1182 655 1227 numero
669 1166 790 1237 dierum,
803 1171 831 1224 et
842 1166 918 1224 bunc
933 1165 1037 1226 itenrm
1053 1181 1070 1226 a
1084 1180 1137 1224 nu·

85 1265 167 1312 mero
182 1257 392 1310 momentorum
407 1250 546 1324 superari.
562 1245 678 1310 Accedit
692 1250 724 1308 in
737 1249 793 1308 bac
807 1249 957 1323 hypothesi
967 1251 1039 1324 quod
1050 1251 1139 1312 simu·

84 1334 173 1395 lauda
187 1330 364 1394 esset'series
385 1335 499 1392 intinita
515 1379 522 1405 ,
539 1350 614 1406 quac
637 1341 733 1392 tamen
754 1333 851 1406 augeri
871 1342 984 1406 posset,
1001 1335 1139 1394 nimirum

84 1419 201 1478 intinita
213 1416 334 1488 duratio,
347 1423 376 1475 et
391 1433 449 1475 una
464 1418 571 1490 pariter
585 1417 692 1476 infiniti
708 1423 850 1479 astrorum
865 1432 975 1490 cursus,
992 1418 1139 1490 quinovit

84 1504 318 1563 successionibus
339 1503 370 1561 io
391 1504 453 1561 dies
474 1508 644 1575 augescunt.
660 1502 691 1561 ld
708 1509 803 1582 antem
826 1502 1067 1562 absurdissimum
1081 1507 1138 1574 est3

83 1589 201 1647 infinito
216 1587 294 1648 enim
309 1587 415 1648 additio
430 1588 492 1647 iieri
509 1587 622 1660 nequit.

121 1673 180 1732 Nec
193 1672 303 1731 dicatur
318 1671 373 1730 tale
387 1676 581 1745 augmentum
594 1687 653 1730 non
667 1672 795 1736 anemos
809 1671 946 1745 incidere,
959 1687 997 1731 ex
1007 1686 1138 1746 quapor-

84 1765 114 1818 te
129 1758 245 1817 initium
260 1757 355 1828 deest,
373 1756 423 1814 sed
438 1755 567 1814 incidere
583 1756 742 1829 posterius,
759 1756 898 1814 niminrm
913 1772 951 1816 ex
965 1762 1046 1831 parte
1068 1760 1138 1814 tem·

83 1843 165 1918 poris
177 1841 362 1916 insequentis,
380 1839 599 1914 quonnondnm
615 1840 777 1900 revolutum
793 1845 845 1912 est,
863 1847 891 1900 et
905 1851 1037 1914 respectu
1057 1839 1139 1900 cuius

84 1928 175 1986 series
190 1926 240 1986 itta
255 1926 362 1984 tinitm.
379 1925 459 1997 Nam,
472 1930 505 1982 ut
518 1923 631 1983 toletus
645 1924 715 1982 scite
730 1923 873 1996 observat,
889 1923 1030 1987 eiusmodi
1044 1925 1138 1984 incre·

83 2017 217 2070 mentum
234 2009 422 2068 successionis
442 2024 546 2082 reapse
568 2008 650 2066 tieret
663 2024 702 2067 ox
715 2013 794 2082 parte
815 2008 903 2068 etiarn
924 2009 1077 2082 anteriori,
1102 2024 1139 2068 ex

83 2111 144 2170 qua
158 2095 262 2168 series,
278 2093 314 2151 de
329 2109 387 2167 qua
401 2092 567 2166 loquimur,
582 2092 697 2152 infinita
711 2099 786 2152 esset
801 2094 826 2148 ⁴.
844 2093 913 2153 Nam
929 2093 953 2152 si
967 2092 1041 2152 Deus
1056 2107 1139 2154 muu-

83 2180 157 2237 dum
171 2179 208 2238 ab
225 2177 391 2239 aeternitate
406 2177 595 2250 condidisset,
611 2193 629 2236 a
644 2182 702 2236 tota
722 2179 808 2238 etiam
830 2178 997 2238 aeternitate
1019 2193 1139 2252 corpora

83 2261 232 2333 coelestia,
249 2276 323 2334 quae
337 2260 452 2320 assidua
467 2261 530 2319 rice
544 2260 576 2322 itt
590 2276 658 2320 suas
672 2268 856 2322 moverentur
869 2263 986 2335 orbitas,
1003 2269 1081 2322 certo
1096 2262 1135 2322 lo·

82 2363 121 2406 co
136 2360 170 2404 ac
180 2344 237 2404 situ
246 2344 439 2425 disposuisset,
460 2350 547 2419 atque
557 2344 615 2406 iam
627 2350 686 2404 tum
698 2347 731 2404 ad
745 2353 853 2408 motum
867 2347 1022 2426 incitasset,
1036 2347 1138 2406 saitem

81 2431 208 2493 incitare
226 2431 372 2504 potuisset.
399 2431 479 2490 Nulla
493 2438 570 2512 certe
584 2430 615 2490 in
630 2433 684 2492 boc
699 2439 816 2507 apparet
829 2432 1029 2508 repugnantia.
1047 2432 1138 2492 dstro

81 2531 153 2576 rum
169 2516 255 2589 igitur
268 2530 416 2590 sumamus
431 2515 556 2589 aliquod,
574 2516 698 2590 exempti
709 2518 801 2591 gratia
811 2518 910 2590 solem,
922 2522 1137 2588 statuamusque

81 2603 182 2676 ipsum
196 2601 227 2660 in
241 2601 350 2661 oriente
365 2601 490 2672 primum
505 2601 684 2675 collocatum,
702 2603 817 2676 exinde,
834 2602 1010 2664 occidentem
1026 2615 1135 2673 tarsus,

82 2692 214 2759 motum,
235 2687 285 2760 qui
307 2686 391 2746 nobis
412 2694 538 2760 apparet,
559 2689 725 2762 arripuisse.
746 2689 806 2748 lant
828 2687 1011 2761 quaerimus:
1032 2689 1138 2758 quanto

84 2775 212 2843 tempore
225 2771 407 2830 intervalium
423 2772 492 2830 iliud
507 2773 663 2832 coniecisse
679 2772 802 2832 dicitur?
816 2771 946 2832 Finitone
962 2785 998 2828 an
1008 2769 1138 2828 infinito?

85 2855 116 2916 Si
130 2853 184 2913 hoe
197 2855 353 2928 reponitur,
370 2855 527 2914 absurdum
539 2856 665 2926 tingitur,
681 2854 820 2912 nimirum
831 2853 946 2914 finitum
956 2850 1139 2912 intervalium

85 2939 230 3012 t'spatium
244 2938 322 2996 enim
335 2937 406 2996 iliud
420 2944 497 2994 certe
517 2937 631 2994 tinitum
645 2937 707 3006 est)
729 2935 862 3008 percurri⁴
876 2940 1001 3007 tempore
1015 2932 1137 2992 iuiiuito.

84 3023 248 3088 sinautem
263 3019 511 3089 diciturprimum
529 3017 691 3088 argumenti
703 3018 745 3076 vis
755 3017 834 3075 nulla
844 3017 952 3078 ratione
968 3015 1136 3078 declinatur.

83 3109 157 3168 uam
173 3105 278 3162 iterum
293 3101 470 3161 adversarios
483 3101 711 3171 interrogamus:
727 3115 798 3161 num
814 3100 957 3162 eiusmodi·
968 3101 1082 3176 expieta
1096 3115 1139 3158 or-

83 3192 132 3249 bis
141 3187 303 3259 medietate,
321 3190 433 3259 tempus
444 3184 520 3257 quod
530 3182 637 3241 exinde
651 3184 688 3242 ad
703 3198 759 3250 nos
769 3185 854 3243 fluxit
869 3185 906 3244 sit
922 3185 1036 3245 finitum
1047 3198 1084 3242 an
1095 3183 1139 3241 in·

85 3274 211 3334 finitum.
232 3271 261 3332 st
276 3270 389 3330 finitum
402 3269 525 3342 dicitur,
550 3274 663 3342 tempus
680 3275 769 3330 totum
782 3267 896 3330 finitum
910 3271 972 3330 erit.
994 3267 1139 3342 Siquidem

86 3359 200 3418 hnimm
211 3357 292 3416 finito
302 3355 430 3416 additum
446 3355 562 3414 nonnisi
577 3354 691 3414 finitum
706 3355 832 3415 exhibet.
850 3355 900 3414 Sin
914 3369 981 3414 vero
992 3353 1139 3412 infinitum

88 3443 234 3513 asseritur,
256 3448 324 3500 tunc
343 3441 494 3514 (quoniam
509 3440 565 3514 ipsi
579 3441 747 3512 praeivisset
761 3448 873 3516 tempus
888 3439 969 3514 illud,
990 3452 1046 3512 quo
1060 3437 1139 3496 sidus

88 3527 180 3600 primo
195 3526 231 3584 ab
246 3527 355 3585 emente
369 3525 400 3583 in
418 3525 597 3585 occidentem
616 3525 685 3585 cieri
705 3527 818 3601 coepit)
838 3525 950 3584 infinito
966 3523 1047 3582 fleret
1062 3521 1139 3581 addi·

89 3611 127 3670 tio
141 3627 178 3669 ex
192 3627 227 3670 ea
240 3617 320 3687 parte
334 3625 391 3684 qua
405 3610 551 3670 infinitum
564 3609 688 3686 ponitur,
710 3627 760 3669 seu
775 3625 873 3669 uersus
889 3607 1030 3684 originem
1044 3607 1137 3682 ipsam

89 3699 119 3754 et
132 3695 280 3754 exordium
293 3695 487 3756 conversionis
495 3695 582 3756 itlius.
599 3695 657 3756 Hoc
668 3711 736 3757 vero
747 3692 998 3756 contradictorium
1009 3707 1071 3752 esse
1081 3691 1137 3768 ipsi

90 3779 245 3842 aduersarii
259 3779 430 3854 largiuntur.

60 4027 63 4033 ¹
131 3963 143 4014 t
163 3966 287 4016 cosm.
304 3965 333 4014 o
348 3957 398 4014 oco
412 3965 455 4015 to.
473 3965 547 4014 sse.
565 3965 594 4013 aa
608 3945 677 4027 pipo.
690 3963 860 4015 morosos
874 3979 893 4013 o.
910 3962 934 4030 a,
950 3977 973 4028 q.
989 3961 1015 4020 a,
