2767 4492
225 308 262 370 50
555 315 947 368 uarmsrsrcausrscmrrs

225 415 280 473 test
293 412 347 486 ita,
372 411 404 471 ut
417 411 505 483 neget
518 423 556 466 ex
571 405 633 481 ipso
648 403 759 470 nihilo,
776 407 923 476 tamquam
940 415 978 460 ex
995 402 1117 462 materia
1132 403 1271 479 quadam,

228 497 370 557 muudum
384 493 512 554 conflari.
528 493 586 551 iloc
601 491 688 548 etiam
704 502 804 546 uerum
819 491 880 560 est,
897 485 947 544 sed
957 487 1134 545 contrarium
1145 487 1207 547 eius
1221 505 1272 550 ne·

227 597 283 657 que
296 597 349 640 uos
363 593 457 654 neque
476 591 563 636 sanus
577 573 695 647 ahquis,
716 571 792 646 quod
810 571 912 644 sciam,
931 571 1051 630 asseruit
1072 587 1210 646 unquam.
1226 573 1276 634 Po

225 672 331 726 stremo
342 665 384 724 sic
395 661 526 736 usurpari
537 659 654 719 ellatum
664 657 737 716 illud
752 659 857 730 potest,
870 660 901 714 ut
912 655 1020 714 velitin
1035 655 1185 715 allectione
1196 659 1275 718 omui

223 749 429 824 requirendum
443 761 505 806 esse
520 744 683 804 subiectum
702 739 817 814 aliquod
832 753 883 798 seu
894 739 1040 812 praeviam
1054 741 1220 816 materiam,
1237 759 1275 803 ex

224 851 282 910 qua
296 835 413 892 effectus
432 833 647 905 coagmentetur
662 825 709 885 rel
723 825 876 884 derivetur.
893 823 982 897 Atque
992 823 1022 882 in
1033 823 1088 883 hoc
1103 841 1190 886 sensu
1203 829 1227 888 si
1242 829 1273 889 id

226 919 262 978 de
277 917 370 977 causis
385 915 519 976 secundis
533 916 687 984 asseratur,
706 925 780 981 quae
796 908 908 967 linitam
923 907 1229 986 activitatemhahent,
1245 913 1276 974 id

225 1003 301 1062 ultro
314 1001 463 1078 largimur.
489 999 548 1058 Hae
563 996 641 1056 onim
654 995 816 1054 subiectum
832 993 991 1067 postulant,
1006 993 1037 1052 iu
1056 993 1132 1068 quod
1146 1001 1233 1069 agant
1246 1003 1275 1058 et

226 1103 244 1146 a
259 1103 314 1161 quo
329 1087 366 1146 ad
381 1083 558 1160 operandum
572 1083 717 1140 iurentur.
736 1079 785 1138 Sin
801 1083 895 1137 autem
911 1077 946 1136 ad
962 1091 1079 1136 causam
1094 1094 1209 1138 omnem
1224 1097 1273 1141 ex·

225 1171 303 1229 tendi
317 1170 399 1244 velit,
416 1169 457 1228 ita
470 1173 503 1226 ut
518 1167 605 1226 etiam
619 1166 654 1224 de
669 1165 780 1240 prima,
800 1177 873 1237 quae
888 1161 1017 1221 absoluta
1030 1177 1147 1237 prorsus
1165 1167 1194 1223 et
1211 1165 1275 1225 iufi-

226 1254 288 1314 nila
302 1258 353 1329 est,
371 1255 498 1329 idipsum
507 1252 633 1325 sanciat3
645 1249 769 1309 latsitate
780 1253 911 1322 turpatur
924 1262 978 1307 nec
992 1247 1029 1306 ab
1044 1248 1135 1310 atheis
1146 1265 1275 1324 unquam

227 1339 477 1398 demonstrabitur.

262 1423 401 1484 Obicit.
426 1419 620 1483 productionis
639 1435 678 1480 cx
695 1416 785 1479 uihilo
800 1415 879 1477 nulla
898 1419 1119 1492 repraesentatio
1134 1419 1165 1479 in
1179 1419 1275 1480 animo

225 1507 345 1567 formari
358 1512 460 1582 potest.
477 1507 549 1582 Ergo
558 1509 710 1580 repugnat.

242 1593 326 1667 llesp.
344 1591 416 1650 illst.
433 1599 496 1649 ool.
508 1591 590 1650 Nulla
603 1587 828 1664 repraesentatio
837 1588 951 1663 proprie
961 1589 1049 1662 dicta,
1062 1603 1166 1663 nempe
1180 1591 1276 1663 imago

224 1677 405 1753 phantastica
417 1675 536 1735 lormari
552 1679 660 1748 potest,
687 1673 825 1745 cocoodo;
849 1673 928 1732 nulla
945 1674 1167 1746 repraesentatio
1186 1679 1275 1734 meta·

227 1761 345 1837 phorice
359 1761 453 1833 dicta,
473 1774 577 1832 nempe
591 1757 739 1830 conceptio
754 1757 859 1814 mentis
874 1757 991 1816 formari
1006 1764 1111 1831 potest,
1125 1773 1208 1833 acopo.

263 1845 389 1906 Obiectio
409 1844 498 1902 istaec
511 1842 748 1916 imaginationem
772 1856 840 1899 cruu
857 1841 1004 1900 intellectu
1027 1842 1184 1901 confundit.
1200 1842 1272 1901 lidu-

227 1929 331 1988 clionis
356 1929 434 1987 enim
453 1927 555 1986 mundi
570 1943 609 1986 ex
629 1925 719 1985 nihilo
740 1925 852 1985 nullum
867 1925 984 2000 quidem
1006 1929 1048 1984 cst
1062 1925 1274 1998 imaginationis

225 2015 411 2088 phantasma,
423 2014 452 2070 at
467 2017 543 2070 certe
559 2015 602 2070 est
611 2009 676 2069 idea
690 2015 719 2070 et
729 2009 870 2070 iudicium
884 2009 999 2069 mentis.
1010 2011 1067 2068 lloc
1082 2009 1160 2068 enlm
1174 2012 1274 2084 negari

225 2098 326 2171 nequit
344 2097 580 2171 quotiescumque
595 2095 673 2154 nulla
687 2096 817 2168 innotis,
834 2111 907 2169 quae
926 2095 961 2154 de
976 2095 1087 2154 obiecto
1102 2095 1272 2170 cogitantur,

225 2180 415 2256 repugnantia
428 2181 579 2256 reperitur.
595 2179 708 2240 Nullam
723 2193 790 2240 vero
800 2181 848 2238 hic
863 2195 925 2238 esse
939 2181 1173 2254 repugnantiam,
1186 2182 1274 2241 abuu-

226 2266 262 2325 de
276 2265 407 2339 superius
421 2264 653 2338 explanavimus3
671 2263 756 2344 hcet,
773 2263 841 2337 quia
856 2264 890 2320 de
905 2263 1003 2322 sensili
1019 2263 1129 2323 ohiecto
1146 2279 1205 2324 non
1215 2266 1274 2340 agl·

229 2356 287 2423 tur,
299 2349 521 2424 repraesentatio
531 2348 644 2423 proprie
659 2347 736 2406 dicta
754 2347 899 2407 efformari
911 2363 968 2406 nou
980 2349 1076 2422 possit.

263 2435 351 2494 othe.
368 2435 412 2495 lll.
436 2435 489 2494 Per
507 2435 680 2493 creationem
700 2433 825 2493 mundus
842 2434 909 2492 inde
924 2433 1134 2510 extraheretur,
1150 2435 1202 2496 uhi
1215 2453 1273 2497 nou

226 2526 302 2594 erat3
318 2535 422 2594 nempe
436 2537 454 2579 a
467 2519 566 2579 nihile.
582 2521 640 2579 lloc
654 2523 752 2578 autem
767 2524 917 2594 repugnat.

262 2607 345 2679 ltesp.
362 2603 439 2678 Nepo
457 2605 663 2680 suppositum,
679 2617 786 2678 nempe
799 2603 973 2664 creationem
987 2619 1050 2665 esse
1061 2607 1275 2668 translationem

225 2689 269 2749 rei
283 2689 389 2748 deloco
403 2690 434 2748 in
448 2689 553 2749 locum.
644 2689 648 2694 ’

263 2773 371 2841 Quaero
385 2773 422 2832 ab
437 2775 598 2834 adversario
619 2789 691 2834 num
707 2775 822 2849 quando
837 2783 883 2834 res
898 2775 994 2850 aliqua
1012 2793 1049 2836 ex
1063 2779 1274 2852 praeexistente
1380 2785 1381 2792 ’

227 2859 348 2916 materia
363 2858 495 2934 allicitur,
507 2859 574 2919 inde
590 2859 713 2918 trahitur
721 2859 772 2918 ubi
787 2861 865 2918 erat?
876 2861 909 2919 ht
918 2861 1013 2921 hercle
1025 2862 1050 2921 si
1064 2861 1105 2922 ita
1119 2870 1207 2936 esset,
1227 2879 1274 2922 res

225 2957 282 3001 nun
298 2943 460 3002 ciliccretur
475 2944 526 3002 sed
536 2944 747 3002 transferretur.
759 2944 791 3002 lu
806 2945 885 3004 omui
900 2945 987 3019 igitur
1001 2948 1203 3023 productione,
1220 2965 1273 3008 neo

225 3027 293 3085 inde
309 3027 358 3085 uhi
370 3034 444 3101 erat,
459 3043 513 3087 uec
528 3027 596 3088 inde
607 3028 656 3087 uhi
674 3045 734 3088 non
749 3032 828 3104 erat,
848 3031 966 3090 effectus
980 3033 1158 3108 extrahitur3
1175 3035 1224 3093 sed
1238 3033 1273 3093 de

168 3167 175 3178 ,
224 3126 284 3169 nou
301 3110 442 3169 existente
461 3113 554 3171 evadit
568 3112 695 3172 existens
719 3119 834 3189 propter
858 3115 1032 3176 activitatem
1051 3119 1170 3192 agentis.
1197 3119 1274 3187 Quae

225 3195 343 3268 quidem
358 3195 487 3255 activitas
500 3197 531 3256 in
546 3198 600 3256 hoc
614 3199 756 3274 cernitur,
773 3205 805 3258 ut
818 3216 923 3260 novam
944 3219 1022 3277 rem,
1039 3217 1113 3276 quae
1132 3209 1197 3261 aute
1213 3217 1271 3260 non

224 3280 329 3354 luerit,
345 3281 456 3340 actione
470 3297 523 3341 sua
537 3289 650 3342 exstare
664 3283 759 3342 iaciat.
777 3285 835 3344 lluc
850 3293 947 3346 autem
963 3288 987 3346 si
1002 3293 1123 3360 negatur
1138 3301 1195 3343 non
1210 3283 1281 3341 sola.

142 3442 146 3452 1
224 3367 331 3426 creatio
349 3367 398 3426 sed
419 3369 513 3427 omnis
533 3383 630 3428 rerum
648 3369 796 3443 productio
823 3374 954 3446 neganda
973 3371 1034 3429 crit.
1057 3372 1177 3442 Utraque
1191 3367 1269 3427 euim

224 3467 287 3510 rcm
301 3468 407 3512 nouam
420 3453 526 3527 giguit,
551 3454 606 3513 hoc
627 3459 739 3513 tautum
753 3456 934 3530 discrimine,
951 3455 1026 3530 quod
1040 3454 1065 3513 si
1078 3453 1189 3512 nullum
1204 3454 1270 3514 suh

226 3536 333 3594 tectum
347 3543 413 3596 ante
428 3537 546 3611 existat,
563 3538 613 3597 sed
624 3544 737 3600 totarcs
750 3541 814 3614 liat,
831 3541 942 3599 dicatur
951 3538 1069 3611 creatiu;
1088 3537 1210 3598 sinrero
1224 3554 1271 3599 res

225 3619 267 3676 ita
280 3621 408 3693 gignitur
419 3629 453 3682 ut
467 3623 626 3683 subiectum
644 3624 759 3700 aliquod
768 3626 944 3702 praeiaceat,
962 3621 1037 3696 quod
1047 3623 1204 3697 capacitate
1217 3637 1272 3684 sua

227 3705 323 3774 agenti
345 3707 542 3770 adiumentum
560 3711 661 3772 afferat
684 3712 804 3788 eiusque
828 3709 946 3770 deliniat
968 3707 1135 3781 lectionem,
1160 3711 1272 3771 dicatur

108 3785 113 3794 '
227 3787 351 3862 simplex
364 3793 520 3865 productio.
