2767 4492
459 400 538 473 tonus
556 428 698 473 mannaan
1054 404 1110 477 201¹

62 514 143 585 navit,
159 512 209 585 qut
224 512 388 571 societatem
403 511 439 569 ad
453 512 654 588 paganismum
665 512 772 571 sensim
783 512 844 571 siue
856 526 941 573 sensu
951 514 1102 587 reducens,

62 598 199 655 ethnicam
215 596 426 669 absorptionem
441 597 570 655 omnium
585 596 693 655 iuriam
708 596 921 673 individuorum
935 604 964 655 et
984 599 1106 658 familia·

61 697 121 740 rum
136 682 165 740 in
181 682 277 739 llctam
291 696 443 755 personam
457 681 605 755 publicam
619 682 761 740 societatis
775 682 928 741 revocavit.

5 791 6 840 i
95 767 154 825 139.
171 766 272 825 Olilcia
286 782 354 824 nero
369 766 493 825 tiliorum
507 780 545 823 ex
560 766 606 838 iis,
623 781 696 839 qnae
713 766 764 824 salii
779 782 796 824 a
811 766 976 839 parentibus
991 780 1105 843 recepe·

5 849 6 868 ¹
61 857 133 924 runt,
148 852 203 910 rite
217 851 408 909 deducuntur.
425 850 500 909 llaec
514 856 611 908 annm
626 850 662 909 ad
679 850 733 909 tria
748 850 895 909 commode
905 852 1031 910 revocari
1042 868 1105 926 pos·

5 943 6 1002 j
62 941 137 994 sunt:
155 935 345 1007 existentiam,
368 935 587 1007 nutrimentum,
604 934 795 1008 disciplinam.
813 935 854 993 lix
875 950 909 993 eo
928 936 1015 1010 igitur
1032 937 1108 1009 quod

5 1023 6 1088 t
62 1032 110 1090 tilii
125 1032 291 1106 parentibus
311 1031 492 1090 existentiam
507 1038 654 1105 acceptam
668 1033 804 1107 releuant,
822 1032 925 1091 iisdem
939 1032 1043 1092 debent
1062 1050 1106 1093 re·

5 1175 6 1180 ,
60 1118 214 1176 versutiam
227 1122 256 1175 et
271 1112 453 1191 obsequium3
475 1130 549 1190 quae
568 1117 683 1189 quidem
703 1118 735 1175 iu
755 1122 865 1176 tautum
888 1124 1054 1192 augescunt,
1076 1122 1108 1177 nt

61 1203 115 1261 Deo
127 1203 277 1260 dumtaxat
291 1203 402 1274 cedant,
420 1201 466 1260 cui
482 1201 665 1260 existentiam
680 1202 773 1274 ipsam
788 1207 934 1276 acceptam
950 1202 1031 1275 louge
1046 1216 1105 1261 mo·
1148 1262 1151 1270 ,

5 1285 6 1340 3
60 1286 113 1344 lius
127 1288 233 1345 reterre
247 1286 400 1368 nehemos3
416 1285 559 1359 siquidem
578 1286 616 1343 ab
635 1286 697 1359 ipso
717 1286 801 1344 unice
822 1286 959 1360 processit
982 1286 1104 1359 animus,

5 1360 6 1379 ³
60 1386 159 1443 corpus
172 1385 240 1428 vero
256 1376 400 1443 nmquam
415 1369 452 1427 ab
468 1369 567 1428 altiore
582 1384 678 1428 causa.
697 1370 776 1438 Quod
786 1376 880 1429 autem
891 1386 926 1428 ex
940 1370 1106 1445 parentibus

5 1503 6 1509 ,
60 1455 264 1512 nutrimentum
280 1454 331 1513 fittt
346 1454 508 1528 acceperint
522 1456 552 1513 iu
569 1455 704 1529 pueritia,
726 1455 952 1527 obligantur'eos
974 1454 1049 1513 alere
1065 1470 1108 1513 se·

58 1544 205 1597 uescentes
219 1545 248 1597 et
262 1552 358 1597 rernm
377 1539 499 1613 penuria
518 1538 688 1598 laborantes⁴
707 1538 842 1612 lienique,
860 1554 926 1597 cnm
945 1546 1045 1611 gnatos
1059 1556 1103 1599 re·

5 1678 6 1684 ,
59 1622 142 1697 geudi
157 1628 185 1681 et
200 1623 360 1682 instruendi
375 1623 503 1681 officium
523 1630 552 1681 et
565 1623 611 1683 ius
630 1623 798 1697 parentibus
817 1624 922 1697 insint;
946 1624 1108 1683 exhibenda

58 1710 93 1767 iis
108 1715 153 1767 est
167 1726 184 1767 a
198 1709 264 1768 liliis
273 1709 435 1768 obedientia
445 1715 475 1767 et
483 1709 631 1768 subiectio.
645 1710 797 1783 Postquam
806 1724 874 1767 vcro
884 1708 1053 1783 absumptus
1063 1714 1106 1767 est

58 1794 123 1852 linis
138 1793 322 1865 educationis,
341 1799 369 1851 et
383 1793 442 1851 iam
457 1792 541 1851 liberi
555 1794 592 1851 ad
605 1809 636 1852 se
651 1793 767 1852 alendos
782 1793 1005 1867 dirigendosque
1021 1795 1111 1853 maui-

58 1879 128 1937 ieste
142 1879 236 1937 idonei
251 1884 419 1951 evaserunt3
437 1878 530 1951 patria
550 1878 667 1951 quidem
689 1884 814 1952 potestas
837 1894 935 1952 perse
953 1879 1058 1936 desinit
1079 1894 1112 1937 ac

58 1962 131 2020 lilios
147 1962 321 2036 emancipari
337 1978 388 2021 seu
401 1962 445 2020 sui
465 1962 536 2022 iuris
555 1963 631 2021 ellici
651 1962 790 2021 naturalis
810 1963 878 2021 ordo
897 1963 1064 2036 praescribit
1080 1966 1105 2037 l,
1129 2035 1132 2041 Ι

57 2047 245 2105 Nihilominus
260 2063 373 2119 semper
387 2047 502 2104 durabit
517 2047 645 2105 debitum
656 2048 780 2120 pietatis,
792 2046 967 2105 reuerentiae
979 2052 1007 2105 et
1021 2048 1107 2119 grati-

58 2132 174 2203 tudinis,
187 2131 261 2204 quod
273 2146 420 2203 nunquam
430 2131 617 2202 extinguitur.
627 2130 667 2188 tn
677 2146 830 2203 summam,
840 2130 891 2189 tilii
900 2136 1032 2204 parentes
1043 2146 1110 2205 quta-

58 2231 215 2288 nuaversus
225 2216 373 2285 honorare,
385 2214 501 2271 seu'illis
511 2215 710 2288 reverentiam,
718 2215 918 2287 obedientiam,
930 2222 967 2287 ct,
979 2217 1003 2273 si
1013 2232 1126 2290 neces,

5 2335 6 2343 κ
58 2297 1107 2373 sitatepremantur,alimentapraestareviiurisuaturneadstringuntur.

466 2471 635 2529 ltnrrcouue
650 2468 695 2529 vl.

428 2640 467 2700 Dc
481 2641 616 2701 societate
631 2638 729 2700 lterili.

91 2809 152 2873 lio.
166 2809 222 2872 Etsi
238 2810 346 2871 lamilia
360 2810 506 2870 communi
521 2826 652 2871 sermone
667 2804 803 2885 appellari
823 2804 909 2868 etiam
925 2808 1013 2868 soleat
1023 2808 1112 2869 socio·

55 2902 100 2955 tas
115 2899 350 2970 interponentem
366 2902 475 2954 tantum
489 2902 518 2952 et
532 2896 645 2967 liberos,
668 2896 713 2952 uel
733 2894 807 2951 inter
823 2894 917 2951 virum
939 2899 967 2952 ct
985 2908 1105 2953 uxorem

55 2982 158 3053 vigens
173 2985 202 3051 23
220 2986 313 3039 tamen
330 2979 354 3036 si
374 2978 512 3051 complete
526 2984 555 3035 et
569 2980 688 3051 integre,
711 2974 850 3051 quantum
871 2978 985 3036 extendi
1009 2984 1109 3053 potest,
1160 2978 1166 2988 '

56 3066 226 3139 accipiatur,
243 3063 368 3122 famulos
385 3063 472 3121 etiam
494 3062 628 3136 includit;
646 3063 686 3121 ita
700 3070 731 3120 ut
747 3062 783 3121 sit
799 3062 963 3121 coniunctio
981 3063 1113 3138 interpa-

5 3283 6 3298 χ
104 3232 114 3277 l
135 3232 217 3278 Natura
232 3246 276 3277 nou
291 3230 423 3277 denuntiant
443 3231 541 3294 praecise
554 3234 665 3294 aetutem,
683 3245 725 3293 qua
740 3230 810 3293 patria
825 3234 919 3293 potestne
931 3230 1065 3291 extinguitur
1085 3246 1110 3278 ac

5 3304 6 3377 i
52 3308 116 3355 filins
128 3308 285 3368 emancipatur.
304 3308 362 3353 Hace
378 3308 438 3353 onim
452 3308 512 3354 varia
523 3314 556 3353 est
569 3324 609 3370 pro
625 3307 749 3353 diuersitate
766 3306 896 3353 ovelutianis
911 3306 1050 3370 papularum,
1067 3307 1111 3353 im·

5 3430 6 3434 ,
53 3400 92 3429 mo
107 3384 175 3429 etiam
191 3382 364 3443 individuorum,
380 3383 418 3443 qni
433 3385 504 3430 aerius
515 3384 550 3431 rei
560 3400 627 3446 ocyus
637 3384 708 3446 quoad
720 3382 862 3447 prudentiam
872 3388 1027 3430 maturescant.
1044 3382 1114 3437 Quare

53 3460 116 3521 leges
127 3460 203 3507 civiles
218 3459 241 3505 in
257 3459 298 3506 lanc
309 3459 434 3506 definienda
456 3466 525 3508 aemio
535 3478 600 3524 saepo
614 3461 739 3523 discrepant
750 3462 807 3507 iuter
817 3476 848 3507 se.
861 3461 927 3521 leges
938 3461 997 3507 enim
1010 3472 1114 3505 romanae

53 3536 186 3581 sanciebant
200 3540 278 3595 gnatos
298 3550 342 3581 nou
358 3534 415 3581 effici
429 3539 548 3600 mnicrea,
573 3538 616 3582 nisi
631 3538 733 3599 quintum
750 3541 772 3582 et
785 3537 913 3597 vigesimum
928 3536 1004 3583 aetalia
1025 3548 1108 3579 annum

53 3610 210 3671 explevissent.
223 3612 251 3656 tlt
264 3610 395 3657 recentiores
410 3612 495 3658 cedices
515 3613 635 3674 generatim
649 3613 754 3673 vigesimo
774 3613 858 3675 primo,
872 3616 910 3657 aut
926 3612 992 3657 etiam
1006 3609 1112 3669 vigesimo

53 3702 116 3733 anno
127 3687 224 3733 contenti
241 3693 300 3733 aaut.
818 3706 823 3711 ·

103 3762 119 3806 2
134 3760 248 3808 Translata
260 3761 456 3829 salemanniam,
469 3763 614 3828 apudtidelee
629 3769 703 3813 coetae
718 3767 783 3813 etiam
800 3764 855 3812 sacri
870 3764 993 3823 reliyioeae
1004 3760 1112 3824 (emiliae

51 3837 208 3883 nominantur.
224 3838 264 3885 ilis
278 3841 338 3887 enim
354 3841 428 3904 pinrea
439 3857 544 3905 personae
557 3878 563 3906 ,
574 3842 652 3889 ¹studio
671 3842 763 3890 vacandi
779 3842 824 3888 Deo
838 3855 863 3887 ac
877 3840 979 3889 virtutem
994 3836 1110 3885 excelsiora

51 3915 152 3977 quadarn
160 3914 246 3961 ratione
255 3918 379 3981 exercendi,
391 3919 543 3968 consociantur
553 3920 594 3967 aab
604 3917 842 3987 regiminoapiritnniis
853 3917 980 3981 superioria,
993 3916 1031 3981 qni
1041 3912 1110 4017 ῖσὶυξὶ

50 3990 125 4063 patria
139 4006 230 4055 manere
245 4007 296 4059 erpa
310 4010 347 4043 eos
363 3994 476 4063 tangatur.
869 4070 914 4139 10*
