2767 4492
588 346 718 402 ennecus
1139 340 1170 404 61

132 465 143 496 ι
164 436 231 516 ogni
245 435 345 500 occbio
360 435 423 500 dice
438 435 491 500 ohe
505 438 526 497 tl
542 439 659 512 disegno
676 439 685 513 (
693 439 773 498 siano
789 440 822 499 dt
833 438 879 500 obi
894 437 920 501 si
935 441 1019 502 ruole
1032 442 1061 502 la
1074 441 1171 518 colpa)

131 551 143 580 ι
164 528 181 585 d
196 541 247 600 per
262 527 293 585 sd
307 525 482 600 impertettm
500 540 515 582 e
530 524 558 582 la
572 525 689 598 ragione
704 525 721 581 d
735 524 763 581 la
773 539 930 584 mancanaa
944 527 972 586 di
994 527 1168 600 simmetria‚

131 633 143 663 e
164 610 192 669 di
206 609 400 684 proponique,
417 608 445 667 di
461 607 550 666 nnita.
563 607 665 675 Questo
678 607 819 681 principio
828 608 858 667 di
868 609 1025 670 unitddun
1034 613 1104 671 tatto
1114 611 1170 684 pri·

131 717 142 746 «
162 694 262 753 mitiro
277 693 330 752 obe
344 692 480 751 dobbiam
494 691 620 752 ricoverc
634 691 710 750 della
724 706 793 750 voce
807 691 837 750 di
852 697 965 766 natura,
981 695 1020 753 ne
1033 701 1167 754 ammette

130 799 140 830 ι
162 777 378 837 dimostraniono
393 775 536 842 ulteriore,
553 791 584 834 se
599 791 658 834 non
673 775 704 834 in
720 781 826 850 quanto
840 775 896 846 egli
912 776 938 834 ci
952 778 1103 838 manifesta
1115 779 1168 840 l'u·

129 885 140 913 a
163 862 223 921 uita
235 861 265 921 di
280 861 376 936 quella
390 877 477 920 causa
492 859 605 919 inunita
618 859 656 918 da
670 860 718 920 cui
732 865 803 918 tutto
818 859 891 918 ebbe
905 875 1008 919 essere.
1025 862 1169 935 Applicato

128 969 139 998 r
162 946 197 1004 ad
215 961 273 1006 una
288 952 418 1012 creatura
433 945 555 1004 limitata
569 943 625 1018 egli
640 945 666 1004 ci
682 945 819 1004 dimostra
834 944 949 1004 dorerri
968 960 1061 1004 essere
1079 962 1168 1020 ugna-

128 1057 139 1085 e
160 1032 271 1106 glianza
279 1036 333 1174 &a
347 1029 392 1089 eid
407 1029 461 1096 ebe
476 1029 531 1088 ella
546 1029 583 1086 dd
596 1043 613 1087 e
627 1029 672 1088 cio
687 1029 741 1087 cbe
754 1029 864 1101 ricere3
882 1029 999 1103 marche
1013 1028 1168 1090 altrimenti

127 1137 138 1169 e
159 1132 218 1176 non
232 1131 278 1175 ser
317 1115 348 1174 rd
362 1114 456 1188 quella
470 1113 655 1187 proportione
671 1113 724 1172 che
739 1113 794 1172 ella
814 1112 866 1173 dee
881 1130 965 1175 arere
985 1114 1029 1174 ool
1053 1120 1122 1173 tutto
1137 1115 1167 1174 di

129 1221 140 1254 ι
161 1202 208 1260 cui
223 1202 251 1259 ta
266 1205 353 1275 parte,
371 1197 722 1276 adismisuracresceudo
737 1213 753 1256 o
769 1199 930 1266 scemando,
942 1213 974 1257 se
984 1204 1082 1272 troppo
1096 1213 1114 1256 o
1127 1198 1166 1257 ri·

128 1308 140 1338 ι
161 1300 228 1344 cere
242 1300 260 1342 o
274 1284 320 1342 da.
340 1282 417 1341 Onde
431 1283 456 1341 si
470 1283 541 1341 rede
556 1281 752 1356 agerolmente
766 1283 819 1341 ebe
833 1283 870 1340 da
888 1291 989 1356 questo
1009 1282 1165 1341 medesimo

126 1391 138 1421 ι
159 1367 300 1442 principio
314 1367 415 1425 risulta
429 1365 462 1431 la,
472 1367 536 1425 idea
551 1367 597 1425 del
611 1366 749 1426 demerito
764 1371 862 1429 contro
876 1366 951 1425 colui
965 1365 1019 1426 ebe
1033 1381 1119 1440 opera
1132 1365 1164 1425 in

127 1473 138 1504 ι
159 1452 254 1510 danno
269 1451 354 1509 albai
370 1452 394 1508 t.
410 1473 421 1500 ι

158 1535 201 1596 36.
219 1537 252 1596 Ut
266 1535 330 1611 quis
345 1536 419 1610 apud
431 1536 552 1595 alterum
562 1538 715 1611 mereatur,
728 1551 800 1612 opus
809 1551 868 1596 non
878 1539 969 1596 estex
978 1534 1057 1595 nullo
1067 1536 1163 1597 oldcio

121 1621 156 1680 ad
171 1621 313 1679 actionem
326 1621 527 1694 praestandam
542 1620 693 1695 adstringi:
711 1623 761 1680 sed
775 1621 891 1694 sufficit,
902 1625 935 1678 ut
948 1620 1019 1692 dixi,
1035 1625 1067 1678 ut
1077 1620 1113 1678 ad
1127 1620 1161 1679 il·

119 1704 177 1763 lam
187 1719 224 1762 ex
238 1703 375 1778 peculiari
386 1711 532 1763 contractu
543 1719 601 1764 non
611 1711 750 1777 teneatur,
762 1709 877 1778 recepta
890 1704 1030 1763 mercede.
1043 1704 1071 1762 Si
1082 1703 1162 1762 enim

118 1787 148 1847 id
161 1788 219 1861 liet,
235 1789 369 1846 meritum
385 1788 496 1846 nullum
510 1789 578 1862 erit3
595 1795 744 1864 propterea
753 1789 830 1863 quod
845 1788 994 1847 tuncactio
1008 1788 1060 1862 tlti,
1072 1788 1103 1846 in
1114 1803 1160 1847 cu·

117 1871 162 1930 ius
176 1871 283 1931 bonum
298 1872 381 1946 cedit,
398 1872 505 1932 directe
520 1873 648 1946 debetur,
667 1879 813 1947 tamquam
828 1872 935 1946 aliquid
950 1872 1080 1946 quodie,
1099 1878 1159 1931 tan·

118 1957 233 2015 tundem
249 1955 329 2015 alteri
344 1956 454 2030 dando),
471 1957 529 2016 iam
544 1956 599 2016 sibi
616 1962 762 2031 tamquam
777 1971 861 2016 sunm
877 1956 1006 2015 adscivit.
1024 1956 1159 2024 Quamvis

116 2055 149 2099 eo
165 2040 252 2100 etiam
266 2057 334 2100 casu
349 2041 397 2115 qul
414 2041 555 2099 actionem
570 2043 649 2115 ponit
667 2041 772 2099 mereri
789 2040 891 2114 poterit
905 2046 1019 2114 propter
1032 2040 1157 2113 peculia·

115 2138 177 2182 rem
191 2124 369 2197 diligentiam
382 2124 428 2182 vel
442 2125 616 2182 celeritatem
629 2129 678 2182 aut
692 2123 826 2182 adiuncta
841 2124 906 2196 alia,
919 2129 1030 2196 praeter
1040 2138 1158 2182 consue·

115 2212 176 2265 tum
191 2209 319 2266 ordinem
334 2206 502 2279 conquisita.
524 2207 577 2266 Sed
591 2208 711 2281 quoties,
729 2208 807 2266 nulla
821 2207 959 2283 peculiari
969 2208 1099 2283 pactione
1110 2222 1156 2267 co·

113 2297 205 2363 gente,
223 2291 287 2364 quis
303 2290 333 2349 in
349 2290 455 2349 bonum
471 2291 588 2350 alterius
603 2297 749 2366 operatum
766 2292 879 2352 etiamsi
899 2292 1025 2352 otboium
1041 2292 1155 2367 aliquod

112 2380 141 2433 ot
155 2374 296 2448 generalis
306 2374 439 2448 obligatio
450 2375 479 2433 id
490 2376 657 2449 praecipiat3
676 2382 772 2435 tamen
786 2377 849 2436 eius
860 2377 933 2435 actio
943 2377 1082 2435 rationem
1096 2391 1156 2434 me-

111 2456 159 2516 riti
174 2474 273 2518 revera
287 2459 386 2518 induet
401 2466 429 2518 et
444 2461 479 2518 ad
495 2461 653 2535 praemium
670 2462 771 2520 saltem
786 2461 860 2536 grati
876 2461 1025 2534 animitas
1044 2461 1153 2518 atteret.

112 2542 145 2602 Et
158 2559 236 2617 sane,
249 2545 380 2618 quamvis
390 2545 527 2604 charitate
542 2547 650 2619 patriae
661 2562 762 2605 omnes
773 2547 967 2618 devincimur3
984 2551 1079 2602 tamen
1089 2545 1154 2617 quis

110 2629 226 2702 negabit
241 2630 322 2688 raldo
338 2631 442 2690 mereri
457 2646 533 2704 sum,
550 2631 599 2705 qni
614 2631 690 2690 curis
705 2630 839 2690 omnibus
854 2645 920 2688 eam
938 2628 1089 2697 illustrare,
1106 2642 1154 2684 au·
1219 2669 1222 2673 «

109 2725 185 2787 gere,
203 2719 233 2772 ct
246 2715 282 2773 ab
299 2715 427 2774 hostibus
442 2716 515 2775 tueri
540 2715 651 2775 studet?
666 2717 811 2788 itemque,
828 2713 881 2772 etsi
902 2711 1051 2784 egentibus
1070 2724 1153 2784 opem

109 2796 183 2854 terre
193 2803 312 2858 naturae
321 2800 383 2871 lego
398 2800 562 2870 iubeamus,
575 2800 639 2872 quis
654 2800 789 2857 meritum
805 2795 959 2868 denegabit
971 2795 1012 2866 ei,
1025 2793 1074 2866 qui
1085 2793 1152 2851 buic

109 2880 203 2938 cilicio
226 2881 424 2954 obtemperat?
439 2883 515 2940 ldem
529 2883 576 2940 dic
590 2882 625 2940 de
639 2881 791 2940 sexcentis·
802 2879 867 2938 aliis
880 2877 1019 2954 exemplis
1037 2876 1151 2950 generis

109 2962 247 3021 ciusdem.
1138 2994 1145 3002 ·

145 3045 189 3104 37.
205 3048 238 3104 dt
251 3048 329 3106 enim
344 3049 420 3123 apud
433 3063 504 3122 quos
519 3047 629 3108 actione
643 3054 740 3108 nostra
755 3049 859 3108 mereri
874 3049 1045 3123 possumus?

142 3129 305 3204 despondeo
319 3133 390 3192 nulli
405 3133 525 3192 dubium
541 3133 610 3207 quin
626 3134 711 3192 bomo
726 3133 837 3192 actibus
856 3135 916 3193 suis
936 3135 1040 3194 mereri
1061 3134 1149 3209 possit

105 3212 151 3273 vel
165 3215 304 3274 demereri
319 3233 374 3276 non
388 3218 471 3277 modo
487 3218 562 3292 apud
576 3218 753 3277 individuam
768 3233 928 3293 personam,
944 3234 1044 3278 rernm
1060 3220 1148 3277 etiam
1190 3248 1201 3280 s

105 3299 180 3373 apud
206 3305 292 3358 totam
316 3302 498 3376 societatem3
516 3303 657 3377 siquidem
683 3303 832 3378 utriusque
855 3303 1006 3362 utilitatem
1031 3303 1075 3361 rel
1098 3302 1146 3360 da·

104 3400 205 3444 mnum
220 3385 331 3446 actione
345 3403 397 3446 sua
411 3403 563 3462 procurare
578 3393 678 3462 potest.
689 3389 821 3463 Apposite
831 3389 859 3448 S.
870 3389 979 3448 tomas.
994 3412 1005 3438 ι
1018 3386 1147 3448 lderitum

107 3489 118 3521 r
138 3471 185 3530 rel
199 3471 368 3530 demeritum
383 3471 517 3531 dicuntur
530 3473 560 3532 in
575 3472 675 3531 ordine
690 3473 727 3530 ad
742 3473 956 3532 retributionem
971 3485 1044 3545 quae
1056 3471 1089 3529 dt
1102 3485 1146 3528 se·

106 3577 118 3607 ι
139 3555 264 3614 cundum
279 3555 427 3615 iustitiam.
444 3555 600 3616 lletributio
616 3563 712 3616 autem
722 3557 879 3616 secundum
894 3556 1033 3615 iustitiam
1047 3555 1080 3613 dt
1094 3553 1144 3611 ali-
1174 3585 1189 3624 q

105 3659 117 3690 ι
138 3639 184 3699 cui
199 3655 236 3698 ex
250 3654 284 3698 eo
299 3639 373 3715 quod
388 3641 446 3714 agit
460 3640 489 3698 in
505 3641 662 3716 pmlectum
676 3641 723 3701 rel
736 3646 942 3701 nocumentum
957 3639 1083 3699 alterius.
1096 3637 1145 3697 Est

104 3744 116 3773 ι
137 3729 233 3782 autem
247 3725 484 3786 considerandum
498 3725 571 3800 quod
588 3727 785 3800 unusquisque
798 3725 830 3785 in
844 3725 940 3800 aliqua
954 3724 1088 3784 societate
1102 3723 1143 3782 ri·

146 3899 158 3947 ⁴
176 3902 261 3961 Sura
279 3905 394 3957 amoueo
407 3908 434 3958 a·
447 3909 537 3958 mssa
553 3907 670 3959 nanno
685 3923 730 3956 ωε.
742 3907 792 3956 re.
803 3906 829 3971 r,
840 3907 931 3959 num.
944 3904 968 3971 t,
979 3920 999 3955 ο.
1012 3904 1036 3970 s,
1047 3903 1074 3969 a
1086 3902 1141 3953 rso.

881 3986 969 4089 *N

951 4092 1011 4134 X.
