2767 4492
311 370 386 416 raas
401 367 894 414 annam-runonooranaroaams
1072 353 1125 412 253

83 481 94 509 a
111 457 233 516 cientem
248 454 459 516 vicissitudines
478 453 687 513 anniversarias
702 467 768 511 cnm
782 467 895 512 summa
910 451 1000 512 salute
1014 458 1043 510 et
1059 466 1126 510 coo·

83 565 93 595 ι
112 541 270 600 servatione
291 555 388 598 rerum
410 539 555 611 omnium,
573 535 736 606 dubitemus
752 536 821 609 quin
835 551 870 594 ea
884 552 942 595 non
965 535 1058 595 solnm
1079 552 1126 593 ra·

84 649 95 677 a
113 626 188 684 tione
202 626 273 683 liant
287 625 337 683 sed
351 623 439 682 etiam
453 622 604 682 excellenti
618 621 744 695 quadam
763 620 917 692 divinaque
938 621 1070 678 ratione?
1085 620 1128 680 lt-

84 733 95 762 a
113 715 159 768 cet
171 709 247 767 enim
263 709 330 782 iam,
348 716 457 767 remota
472 706 627 766 subtilitate
642 703 825 779 disputandi,
839 703 930 761 oclrlis
945 705 1128 776 quodammo

85 817 97 846 a
114 795 149 854 do
164 793 348 867 contemplari
362 792 603 868 pulchritudinem
618 806 715 849 rerum
731 804 849 860 earnm,
866 803 936 861 quas
951 788 1049 866 divina
1066 805 1128 862 pro-

84 902 96 930 α
113 877 239 938 videntia
253 878 374 936 dicimus
390 879 566 936 constitutas.
579 877 617 934 lic
633 873 773 948 principio
789 880 864 932 terra
880 871 1014 930 universa
1028 887 1126 930 cerna·

86 987 97 1016 l
116 968 179 1035 tur,
196 962 286 1020 locata
300 963 331 1020 in
346 962 441 1020 media
456 961 555 1019 mundi
575 960 661 1030 sede,
680 958 814 1018 solidaot
828 955 944 1029 globosa
959 960 987 1014 et
1000 955 1127 1028 undique

75 1045 96 1099 'l
114 1049 176 1122 ipsa
190 1047 221 1106 in
235 1062 297 1106 sese
311 1045 427 1104 nulibus
442 1045 501 1103 suis
517 1043 697 1118 conglobata
708 1040 808 1100 vestita
821 1041 950 1113 floribus,
961 1039 1069 1112 herbis,
1082 1055 1127 1096 ar-

86 1156 97 1184 «
114 1132 242 1204 boribus,
254 1129 398 1203 frugibus,
415 1143 537 1202 qnorum
552 1127 682 1185 omnium
697 1123 874 1184 incredibilis
887 1123 1038 1182 multitudo
1054 1124 1129 1181 insa-

87 1239 98 1266 «
118 1217 206 1274 tiabili
220 1215 356 1274 varietate
371 1213 564 1285 distinguitur.
578 1211 653 1270 Adde
666 1212 723 1269 hnc
739 1211 860 1268 fontium
875 1210 983 1283 gelidas
997 1210 1129 1284 perenni·

86 1323 97 1351 s
116 1303 195 1370 tates,
211 1300 391 1372 liquoresqne
406 1297 566 1371 perlucidos
581 1296 724 1366 amnium,
742 1294 870 1369 riparum
885 1293 1003 1352 vestitus
1019 1293 1129 1352 viridis·

86 1405 97 1434 «
116 1383 213 1450 simos,
230 1381 431 1454 speluncarum
446 1396 585 1440 concavas
600 1379 781 1451 altitudines,
798 1393 934 1436 sanorum
949 1378 1126 1451 asperitates,

87 1465 341 1540 «impendentium
364 1465 504 1524 montium
526 1463 708 1535 altitudines,
731 1463 995 1535 immensitatesqne
1016 1477 1129 1534 campo·

87 1574 99 1602 a
116 1565 194 1607 rum:
207 1549 278 1607 adde
293 1549 380 1606 etiam
394 1549 553 1607 reconditas
569 1549 631 1606 anri
648 1549 814 1620 argentique
829 1561 916 1605 venas
932 1546 1131 1618 inlinitamqne

88 1658 99 1686 a
117 1633 176 1691 vim
191 1634 349 1691 marmoris.
372 1635 448 1701 Onne
470 1649 536 1691 vero
551 1638 680 1705 olquam
696 1633 775 1689 varia
790 1647 895 1704 genera
914 1630 1071 1689 bestiarum
1086 1629 1132 1688 vol

88 1717 248 1776 «cicurum
263 1718 308 1777 vel
323 1713 464 1776 ierarn'ml
483 1719 531 1790 qni
551 1719 699 1775 volucrum
719 1716 815 1788 lapsus
837 1723 921 1789 alque
945 1715 1060 1773 cantus!
1083 1713 1132 1786 qni

90 1825 100 1852 a
117 1802 259 1874 pecudum
275 1803 385 1876 pastus!
403 1817 476 1875 quae
491 1801 549 1858 vita
563 1800 754 1858 silvestrium!
773 1799 844 1866 Quia
861 1799 919 1856 iam
932 1800 968 1858 de
982 1797 1131 1857 hominnm

90 1900 221 1958 «genere
241 1885 354 1943 dicam?
369 1886 418 1959 qui
434 1885 516 1958 qnasi
536 1884 657 1943 cultores
678 1890 769 1941 terrae
789 1882 933 1940 constituti
949 1898 1005 1940 non
1022 1881 1131 1956 patian-
1228 1917 1232 1920 -

91 1993 102 2020 l
121 1975 242 2028 tuream
257 1985 309 2028 neo
327 1969 505 2027 immanitate
527 1967 686 2026 belluarum
711 1966 822 2024 efferari
837 1982 891 2023 nec
906 1966 1037 2038 stirpium
1052 1981 1132 2039 aspe-

91 2076 102 2104 «
120 2052 201 2111 ritate
216 2053 335 2125 vastari,
352 2069 530 2126 quorumque
545 2053 679 2125 operibus
694 2051 765 2123 agri,
778 2051 898 2122 insulae,
911 2049 1060 2123 littoraque
1076 2049 1130 2106 col·

90 2159 101 2187 l
118 2137 221 2207 lucent,
239 2137 371 2194 distincta
387 2137 467 2196 lectis
482 2143 510 2194 et
524 2136 659 2208 urbibus,
677 2134 789 2209 quaesi
805 2141 836 2192 nt
849 2134 966 2206 animis,
982 2135 1024 2192 sic
1039 2133 1131 2192 oculis

91 2245 101 2274 l
121 2220 216 2285 videre
231 2235 396 2292 possemus,
413 2235 497 2277 nomo
516 2226 649 2278 cunctam
669 2219 784 2277 intuens
803 2227 908 2277 terram
924 2219 959 2276 de
974 2219 1071 2276 divina
1089 2233 1135 2275 ra·

92 2328 102 2355 a
121 2303 196 2362 tione
210 2302 362 2359 dubitaret.
375 2303 484 2360 atvero
496 2309 602 2375 quanta
617 2303 705 2360 maris
719 2311 763 2360 est
779 2303 972 2376 pulchritudo!
986 2303 1061 2369 onae
1072 2317 1133 2375 spe·

91 2411 102 2438 l
121 2386 179 2444 cies
191 2385 332 2443 universi!
346 2385 422 2452 Quae
434 2385 584 2443 multitado
595 2392 623 2444 et
635 2386 756 2444 varietas
767 2386 939 2445 insularum!
953 2386 1028 2452 onae
1039 2401 1132 2443 amoe-

92 2493 103 2520 α
122 2469 197 2527 nitas
211 2485 326 2527 orarum
337 2475 365 2527 et
376 2469 515 2527 littorum!
529 2469 600 2537 Quot
610 2485 716 2542 genera
731 2485 874 2545 quamque
889 2469 1015 2543 disparia
1030 2468 1134 2541 parlim

92 2577 103 2602 l
122 2552 345 2624 submersarum,
361 2553 465 2627 partim
481 2553 655 2612 fluitantium
670 2560 698 2612 et
713 2555 875 2613 innantium
888 2553 1057 2622 belluarum,
1070 2565 1134 2623 par-

92 2661 104 2687 «
123 2635 173 2694 tim
189 2637 225 2694 ad
241 2651 311 2696 saxa
329 2639 432 2696 nativis
449 2639 526 2697 lestis
542 2638 768 2698 inhaerentium!
781 2640 876 2712 Ipsum
890 2643 985 2694 aulem
999 2633 1136 2692 maresia

93 2743 104 2769 l
122 2725 226 2779 terram
241 2727 376 2794 appetens
393 2722 534 2782 littoribus
545 2722 654 2790 alludit,
665 2729 698 2780 ut
709 2738 765 2780 nna
776 2736 813 2779 ex
826 2719 937 2778 duabus
948 2719 1058 2776 naturis
1068 2733 1134 2776 con·

94 2828 104 2854 a
123 2803 189 2862 flata
205 2805 334 2863 videatur
349 2813 402 2863 etc.
421 2809 431 2852 l
454 2829 477 2862 ll.

127 2888 216 2959 Atque
230 2888 341 2959 reliqua
350 2889 494 2960 deinceps,
508 2905 580 2960 qnae
595 2889 631 2944 ad
646 2893 742 2942 adrem
757 2893 785 2943 et
795 2887 906 2959 caelum
921 2886 1136 2959 pertinentpev·

90 2970 133 3044 git
147 2984 305 3038 recensere,
322 2984 443 3040 quorum
459 2970 654 3041 spectaculum
670 2969 739 3024 dnm
755 2984 811 3026 non
826 2970 923 3027 minus
938 2969 1134 3043 admiratione,

90 3067 178 3126 quam
193 3049 381 3108 oblectatione
404 3051 487 3122 rapit,
505 3051 540 3128 ad
556 3064 720 3122 supremam
743 3051 868 3124 aliquam
887 3067 1007 3125 eamque
1028 3053 1138 3126 sapien·

94 3134 236 3194 tissimum
258 3132 467 3201 agnoscendam
482 3147 598 3189 cansam
618 3147 734 3205 prorsus
756 3133 852 3206 adigit.
870 3135 995 3193 Proiecto
1012 3136 1076 3209 plns
1094 3153 1139 3194 ra·

93 3217 179 3276 tionis
204 3216 240 3274 ad
264 3215 449 3273 artificiosum
474 3213 583 3288 aliquid
611 3216 832 3287 excogitandum
852 3218 1136 3291 conficiendumque,

1 3327 3 3334 v
93 3316 181 3376 qnam
196 3300 230 3357 ad
250 3299 467 3368 intelligendum
486 3299 651 3372 requiritur.
669 3299 698 3358 Si
716 3300 802 3373 igitar
821 3301 852 3359 in
871 3301 978 3361 mundo
999 3308 1139 3359 tanarum
1202 3365 1206 3370 ,

96 3392 209 3458 tamque
229 3382 413 3443 dissimilium
434 3398 531 3442 rerum
553 3391 670 3443 ornatus
694 3391 723 3443 et
740 3385 808 3443 ordo
826 3385 875 3444 vix
895 3399 1073 3444 summorum
1095 3401 1138 3444 sa·

96 3469 237 3543 pientiam
260 3466 446 3541 intelligentia
466 3468 574 3543 percipi
592 3468 637 3526 vel
657 3469 779 3527 minima
798 3485 837 3531 ex
850 3473 934 3544 parte·
948 3475 1051 3542 potest,
1071 3469 1139 3542 qnid

96 3553 131 3610 de
147 3557 243 3678 me'nte
257 3553 307 3612 illa
328 3553 511 3626 cogitandum
530 3559 582 3627 est,
599 3569 672 3628 quae
689 3554 788 3612 eadem
805 3554 876 3614 llaec
896 3554 1004 3612 invenlt
1023 3559 1051 3612 et
1068 3553 1140 3613 ordi·

96 3643 191 3695 navit.

132 3720 279 3780 Praeterea
296 3721 320 3780 si
340 3721 423 3795 longo
442 3722 555 3782 minora
569 3727 598 3782 et
618 3723 716 3782 minus
736 3737 854 3798 operosa
871 3722 986 3782 nonnisi
1005 3737 1140 3797 amagna

97 3803 221 3878 quadam
239 3805 348 3865 radone
368 3806 508 3880 proficisci
530 3814 692 3882 potuerunt,
709 3807 804 3882 qualia
821 3813 889 3868 sunt
908 3823 956 3868 ex.
976 3823 1019 3882 gr.
1038 3813 1141 3882 poema

143 3983 154 4030 l
175 3984 210 4034 Do
223 3989 311 4035 aeluro
324 3987 428 4034 Deorom
441 3985 458 4034 l.
475 4003 495 4034 c.
511 3985 553 4048 28,
