2767 4492
656 549 836 611 Pnorosrrro
851 549 875 609 lt

241 719 275 784 tt
290 720 350 781 tria
364 719 419 782 itta
432 719 540 780 uiuit-io
559 721 746 780 auctoritatis
757 721 857 796 qatoad
871 719 1045 780 eucratium
1058 720 1296 798 mastdarmtur,

403 813 541 884 soporato
555 807 683 865 catalecto
698 807 830 882 eaipuat,
847 806 956 881 quitus
969 805 1129 870 tmtocuut.

279 977 366 1039 Prot.
383 979 516 1039 Diversae
531 978 710 1054 operationes
724 978 837 1038 diversa
853 976 1006 1053 requirunt
1018 978 1220 1056 instrumenta,
1232 983 1298 1057 qui·
1361 1040 1362 1055 ,

243 1065 299 1126 bus
318 1072 515 1126 exerceantur.
541 1065 623 1138 ultani
638 1065 738 1123 munia
755 1065 805 1123 illa
827 1065 1004 1124 auctoritatis
1018 1066 1214 1126 diversissima
1228 1075 1299 1127 sunt

244 1153 321 1211 inter
339 1167 379 1210 se.
397 1151 468 1224 Ergo
483 1151 681 1223 instrumenta,
700 1149 804 1223 uiribus
818 1155 998 1223 exercentur,
1015 1165 1068 1210 seu
1082 1149 1222 1224 subiecta,
1235 1153 1299 1226 qui-
1361 1200 1362 1213 ,

247 1237 303 1296 bus
322 1237 416 1311 quoad
435 1235 603 1294 exercitium
619 1236 753 1307 insident,
770 1234 875 1293 debent
893 1250 956 1294 esse
975 1235 1095 1295 diversa.

280 1323 311 1382 ld
330 1323 508 1381 manifestius
523 1327 639 1395 apparet
654 1317 677 1380 si
697 1321 890 1395 ponderetur,
911 1322 947 1380 ad
970 1322 1071 1380 munia
1091 1321 1141 1381 illa
1154 1323 1210 1384 rite
1229 1341 1300 1386 exa
1361 1296 1362 1309 ἵ

245 1409 359 1484 quenda
374 1409 500 1468 diversas
514 1406 622 1480 requiri
640 1407 737 1479 dotes,
754 1421 828 1480 qnae
846 1405 1015 1466 difficillime
1035 1409 1066 1466 in
1081 1409 1182 1468 eodem
1200 1411 1306 1472 serbie-

220 1518 223 1523 ·
245 1499 290 1552 cto
309 1491 417 1552 insunt.
438 1492 515 1552 llius
534 1492 612 1550 enim
630 1492 767 1550 scientiae
785 1496 938 1566 apparatus
959 1496 988 1550 et
1005 1492 1062 1551 alia
1082 1491 1243 1554 dexteritas
1259 1474 1308 1557 iri-

245 1578 322 1650 genii
340 1578 495 1653 requiritur
512 1578 542 1636 iu
558 1593 600 1651 eo,
614 1577 663 1652 qui
677 1577 713 1636 de
726 1577 882 1636 sciscendis
900 1577 1011 1651 legibus
1026 1583 1127 1652 pacate
1141 1580 1310 1660 deliberat,

245 1679 350 1737 easque
369 1665 525 1737 generatim
543 1663 768 1736 contemplatum
787 1677 874 1735 quam
893 1661 924 1720 in
942 1662 998 1735 iis,
1015 1663 1065 1736 qui
1084 1663 1202 1724 illarum
1235 1667 1312 1727 vim

245 1748 282 1805 ael
297 1753 406 1806 motum
421 1749 555 1808 socialem
570 1748 784 1822 producendum
798 1747 961 1822 applicant,
978 1753 1027 1806 aut
1041 1750 1211 1810 earumdem
1230 1751 1310 1812 luce

247 1831 324 1890 faeta
337 1833 492 1906 peculiaria
507 1833 673 1892 diiudicant.

282 1916 359 1974 ldem
374 1918 558 1976 confirmatur
573 1919 597 1976 si
611 1918 735 1979 labilitas
744 1918 896 1990 voluntatis
904 1919 1050 1982 hnmanae
1059 1927 1213 1997 spectetur.
1227 1923 1307 1985 Nam
1361 1992 1362 1997 γ

242 2001 404 2074 perieulum
418 2003 544 2075 abusus,
566 2005 641 2080 quod
661 2005 741 2064 timet
756 2007 968 2082 llontesquieu‚
991 2015 1059 2067 tune
1076 2023 1178 2082 reapse
1197 2009 1305 2085 riget,
1361 2018 1362 2027 ’

246 2099 313 2143 cum
328 2101 385 2144 una
400 2103 521 2160 persona
535 2095 584 2147 aut
598 2089 674 2148 idem
690 2092 808 2151 omnino
821 2099 918 2152 coetus
933 2108 1032 2152 omnes
1046 2093 1111 2152 illas
1127 2098 1186 2151 tres
1200 2101 1309 2168 partes

247 2171 393 2243 adimplet.
410 2173 443 2230 nt
457 2174 526 2231 satis
539 2179 663 2250 cavetur,
676 2177 791 2250 quando
806 2177 975 2236 exercitium
990 2178 1114 2236 divisum
1129 2183 1173 2236 est
1188 2178 1221 2236 iu
1240 2195 1311 2253 per·

247 2271 330 2314 sonas
349 2261 399 2315 aut
413 2263 510 2318 coetus
524 2261 640 2319 omnino
654 2263 781 2320 diversos
796 2262 870 2321 iuter
883 2279 933 2337 se,
950 2263 1000 2337 qui
1013 2261 1117 2321 iisdem
1132 2263 1311 2336 cupiditati·

242 2341 307 2413 bus,
326 2343 545 2418 eodemmodo,
567 2346 668 2405 iisdem
682 2347 866 2420 praeiudiciis
885 2347 960 2406 aisiel
975 2352 1131 2422 nequeunt.

278 2428 311 2484 nt
324 2427 378 2486 hec
397 2444 456 2488 non
474 2436 517 2490 est
535 2430 643 2505 aliquid
656 2447 763 2490 novum
776 2437 804 2491 et
822 2432 954 2491 mirabile
969 2449 986 2491 a
1005 2433 1203 2507 Montesquieu
1224 2436 1311 2498 eiras-

243 2527 299 2586 une
310 2513 407 2572 schola
416 2516 626 2590 excogitatum3
640 2517 689 2574 sed
699 2517 843 2576 dictamen
853 2523 896 2576 est
905 2518 1104 2593 pervulgatum
1113 2523 1142 2576 et
1151 2519 1310 2596 antiquis-

242 2597 357 2657 simum.
371 2599 478 2673 Ubique
488 2601 566 2659 enim
580 2607 608 2660 et
623 2617 736 2676 semper
750 2601 781 2660 in
797 2603 940 2662 societatis
955 2603 1164 2677 gubernatione
1180 2605 1244 2666 rite
1261 2625 1311 2668 or-

243 2681 368 2742 dinanda
385 2689 440 2742 tres
459 2684 524 2744 illae
549 2686 724 2746 auctoritatis
738 2693 834 2761 partes
852 2687 994 2747 distinctis
1008 2687 1234 2762 magistratibus
1259 2692 1312 2752 tri·

241 2765 327 2828 butue
343 2773 409 2828 sunt
424 2775 453 2830 et
469 2769 643 2834 tribuuntur.

655 2941 833 3038 Pnerosmro
848 2945 884 3009 IL

312 3110 346 3176 Si
362 3112 527 3192 solutiones
541 3113 610 3180 ittae
625 3093 813 3181 auctoritatis
827 3135 889 3182 aon
907 3113 1008 3198 quoad
1026 3115 1227 3194 oaoroitium,

494 3205 542 3265 scd
556 3206 590 3266 ia
608 3205 708 3266 'radico
722 3215 748 3266 ot
761 3209 841 3282 touta
854 3215 1040 3283 spectentur,

541 3288 688 3368 unitatem
702 3291 823 3352 cumali
833 3291 996 3368 postulant.

280 3457 366 3523 Prot.
383 3463 550 3540 dormitas,
571 3464 624 3526 etsi
638 3461 735 3540 plures
748 3463 897 3526 facultates
911 3459 1048 3541 operandi
1061 3462 1184 3541 habeat,
1203 3469 1315 3530 tamen

242 3559 295 3622 per
311 3565 359 3623 se,
376 3551 463 3609 etiam
485 3556 615 3611 concrete
639 3557 774 3626 accepta,
788 3567 849 3611 una
866 3555 927 3626 est,
946 3567 1051 3626 nempe
1071 3551 1118 3610 ius
1141 3551 1315 3615 ordinandi

244 3634 466 3694 multitudinem.
488 3637 570 3710 Atqui
585 3651 642 3695 una
659 3652 711 3710 per
725 3653 756 3698 se
774 3642 803 3694 et
820 3642 952 3696 concrete
970 3653 1029 3697 uon
1048 3640 1142 3710 esset,
1158 3636 1223 3697 nisi
1246 3657 1317 3702 uno

245 3720 373 3796 subiecto
388 3727 538 3796 conseret
556 3723 698 3796 siquidem
711 3723 740 3782 ni
755 3723 890 3797 subiecti,
905 3723 938 3784 in
953 3739 1009 3798 quo
1023 3723 1144 3795 residet,
1161 3733 1319 3786 concreta

244 3812 273 3859 et
287 3805 373 3864 realis
388 3807 521 3865 efficitur.
537 3807 610 3881 llrgo
626 3815 682 3868 etet

283 3885 316 3940 Et
333 3903 420 3959 sane,
438 3891 578 3962 quomodo
593 3908 661 3951 vera
674 3894 771 3954 unitas
789 3894 968 3958 inconcreta
985 3895 1120 3958 societate
1139 3909 1321 3975 exsurgere

245 3972 350 4042 possen
361 3970 418 4033 nisi
432 3971 481 4032 illa
495 3974 635 4050 principio
649 3993 716 4040 vere
730 3996 788 4041 uno
801 3982 1023 4045 informaretur?
1036 3985 1178 4046 Haerere
1194 3987 1328 4059 priuci-
