2767 4492
400 338 847 396 parsurm-muosomou
1094 331 1144 399 iit

102 426 164 489 nhe
178 439 339 500 pomnmus,
355 425 387 486 iu
401 426 579 486 naturalibus
592 425 765 499 habeantur3
781 429 846 488 illae
856 443 933 502 sero,
950 441 1024 504 quae
1033 445 1147 491 excon-

103 511 285 586 templetioue
299 525 396 570 rerum
411 510 646 584 adspectahilium
661 509 781 569 minime
794 511 955 587 eliciuntur,
971 514 1004 574 in
1013 530 1147 590 superna·

106 595 243 654 huelibus
259 595 325 652 sint.
343 594 387 654 Sic
402 594 545 657 Trinitatis
560 593 746 668 mysterium,
771 596 840 668 pua
862 597 990 658 hunam
1012 605 1146 660 naturam

105 679 217 753 attingit
230 685 372 754 quatenus
384 693 451 742 cum
464 680 572 740 mundo
592 695 650 738 non
674 680 1009 755 comecdunlmnudus
1031 686 1109 745 euim
1129 701 1147 745 a

105 760 161 824 Deo
176 764 312 838 prooessit
324 764 353 824 vi
368 765 520 825 voluntatis
534 769 563 824 et
576 763 738 838 montiae,
761 779 834 836 quae
857 781 917 823 uua
933 772 977 826 est
990 768 1147 842 mdemqne
1218 785 1229 798 ·

104 847 136 907 in
154 848 243 908 trihus
262 849 366 908 divinis
380 850 538 924 personis),
562 865 580 908 a
598 849 701 908 mundi
715 849 939 909 consideratione
953 851 1075 911 derivari
1089 868 1147 913 uon

1 939 2 948 ’
105 936 213 1007 potest;
231 937 316 1006 atque
330 933 394 992 ideo
408 935 470 993 eius
484 933 585 994 notitia
594 932 763 993 naturaliter
775 933 877 1006 attingi
891 935 998 1008 nequit.
1022 937 1148 997 htintul·

107 1017 181 1078 tioue
191 1018 357 1077 immediata
367 1018 417 1078 llei
433 1020 595 1092 constituta,
612 1019 641 1078 id
656 1018 777 1078 minime
790 1019 883 1091 ralet3
899 1020 1061 1081 nihilonim
1073 1027 1150 1082 vetat

1 1115 2 1128 ¹
106 1102 258 1176 quominus
272 1103 414 1176 perimes,
431 1115 503 1176 quas
518 1103 748 1176 supernaturales
762 1102 947 1176 appellemus,
964 1103 996 1165 in
1005 1103 1062 1164 lleo
1075 1103 1151 1165 clara

106 1185 323 1260 perspiciantur,
339 1187 424 1246 modo
438 1187 536 1246 finitae
551 1187 609 1248 siut
626 1201 747 1246 numeru
759 1191 789 1246 et
802 1192 868 1246 actu
882 1188 1006 1262 mentis,
1022 1189 1072 1263 qui
1086 1189 1150 1249 liui-

108 1271 166 1327 tam
181 1269 385 1343 perlectionem
398 1269 512 1343 haheat,
525 1270 783 1345 deprehendantur.
955 1347 961 1356 .

141 1355 230 1426 htoue
246 1355 317 1414 haec
333 1355 368 1414 de
382 1355 572 1428 Outologismo
589 1355 718 1414 innuisse
737 1356 774 1414 sit
793 1354 880 1429 sahs3
899 1357 950 1430 qui
968 1357 1052 1430 plura
1064 1357 1148 1431 cupit

106 1437 237 1496 consulat
250 1438 383 1498 arhculos
398 1439 555 1502 Civilitatis
566 1439 745 1513 Catholicae,
760 1439 813 1499 ubl
825 1439 880 1499 hoc
894 1445 1094 1515 argumentm
1108 1441 1151 1500 lu·

109 1521 169 1580 slus
183 1526 334 1582 tractatum
348 1527 391 1582 est
406 1525 431 1582 t.
1245 1525 1249 1532 ’

518 1679 687 1738 laricanus
702 1678 745 1738 vt.

415 1809 417 1812 ’
476 1830 516 1906 ne
529 1845 793 1908 amatunam

151 2013 211 2074 tet.
227 2013 427 2076 Rationalietee
441 2015 538 2074 omnia
551 2029 589 2074 ex
602 2016 713 2075 ratione
726 2015 851 2076 derivari
865 2016 1076 2077 existimarunt.
1092 2017 1155 2077 Pro

115 2113 185 2160 uum
199 2103 260 2158 erat
273 2091 305 2158 ul
318 2100 458 2160 monario
472 2105 552 2160 motu
565 2115 649 2160 mens
663 2101 837 2173 excedendo,
848 2101 880 2158 in
893 2106 1056 2160 extremum
1069 2115 1155 2174 oppo

1 2199 2 2202 ¹
115 2185 204 2242 situm
213 2182 363 2244 laberetur.
380 2186 453 2244 llaec
462 2189 634 2258 exaggerata
646 2185 677 2244 in
687 2183 938 2244 Rotmoolirmmo
946 2185 1052 2244 reactio
1061 2189 1157 2244 ortum

115 2267 194 2324 dedit
209 2265 475 2336 Traditioootismo,
491 2268 563 2326 duce
577 2268 693 2342 Bonald
703 2269 753 2341 orti
767 2269 863 2328 docuit
877 2271 1017 2329 rationem
1030 2271 1093 2330 sine
1106 2285 1155 2329 ex·
1212 2279 1215 2282 ’

114 2352 415 2426 rememoreramus
429 2353 547 2427 proinde
562 2353 624 2412 sine
639 2354 798 2426 traditione,
810 2354 848 2412 sd
862 2354 971 2414 nullam
985 2369 1068 2428 posse
1082 2355 1155 2414 veri·

118 2439 205 2494 tatem
219 2451 375 2511 assurgere
392 2442 542 2512 propterea
555 2438 630 2510 quod
644 2451 738 2497 sermo
751 2439 930 2497 necemariue
944 2438 982 2496 sit
991 2438 1108 2498 omnino
1117 2438 1155 2496 ad

114 2517 314 2591 cogitationem
328 2522 513 2582 evolvendam
526 2521 558 2582 in
576 2522 691 2595 animo,
709 2536 803 2580 sermo
818 2527 914 2581 autem
932 2521 969 2578 ab
983 2519 1100 2579 homine
1113 2521 1154 2578 el-

118 2603 235 2663 formari
249 2611 371 2679 nequeat
386 2609 411 2665 ².
427 2607 505 2666 Hauc
519 2607 589 2666 adeo
604 2607 704 2666 duram
718 2605 890 2666 senteutiam
903 2603 1014 2664 mollire
1022 2602 1158 2676 deinceps

117 2687 211 2746 conati
225 2694 292 2750 suut
306 2691 538 2764 temperantiores
552 2690 785 2750 traditionalistee
798 2693 956 2749 statuentes
970 2687 1112 2749 rationem
1121 2686 1158 2746 si·

1 2807 3 2820 ,
119 2785 156 2830 ne
170 2774 311 2834 exteriore
326 2773 496 2847 discipline,
511 2789 585 2848 quae
598 2791 616 2833 a
630 2775 781 2833 traditione
797 2778 883 2845 atque
899 2771 1006 2830 idcirco
1021 2770 1159 2830 arevela·

1 2883 2 2902 a
120 2854 196 2914 tione
210 2857 366 2929 proveniat,
376 2873 460 2930 posse
474 2858 590 2929 uiridem
599 2857 752 2915 nonnullas
762 2856 895 2914 veritatoe
905 2853 1159 2926 adordinemphy·

115 2939 209 2998 sicum
229 2944 258 2996 et
275 2939 452 2996 materialem
472 2944 631 3010 spectantes
650 2938 707 2998 sihi
726 2953 910 3011 «comparere,
929 2941 959 2995 at
975 2936 1161 3011 impotentem

120 3019 239 3080 omuino
253 3035 316 3078 esse
330 3021 366 3077 ed
380 3020 444 3078 illas
458 3020 592 3078 veritates
606 3021 795 3093 detegendas,
811 3035 885 3094 quae
903 3021 940 3079 ad
956 3020 1087 3080 ordinem
1099 3035 1159 3079 mo

1 3177 18 3196 pq
119 3106 211 3166 ratem
225 3108 254 3163 et
267 3103 495 3200 metaphysicum
504 3102 648 3177 pertinent
662 3106 687 3159 ὅ.
705 3104 801 3171 Quoad
810 3104 952 3164 eiusmodi
960 3105 1093 3166 veritates
1102 3119 1161 3163 non

167 3275 178 3321 l
198 3265 293 3321 Ctvttr'h
309 3276 454 3336 (limitet,
471 3272 569 3320 Secoudr
583 3273 654 3336 Seria,
670 3273 719 3318 vot.
736 3263 774 3336 IV,
790 3289 840 3336 pag.
856 3273 917 3320 lid:
935 3273 1164 3332 necromantem

119 3353 337 3476 &mangonem
351 3427 539 3488 ptttosopotpoes
553 3437 597 3474 tter
612 3425 644 3473 let
656 3427 774 3486 premiere
788 3426 919 3485 chnud«
929 3425 1103 3474 mmm
1115 3438 1163 3472 οω-

120 3507 183 3625 Νιῗ
195 3509 212 3622 ίιΙ
228 3504 308 3634 {luem
324 3593 379 3626 nous
393 3592 460 3626 trous
474 3578 508 3624 dit
521 3591 562 3640 que
575 3577 597 3624 lr
612 3575 749 3640 philosophie
764 3591 792 3624 no
805 3575 852 3624 doit
865 3591 904 3640 prs
918 3575 1045 3624 richoceim
1054 3576 1076 3621 lu
1085 3576 1161 3639 virili,

125 3672 134 3695 ι
153 3669 192 3716 per
207 3653 229 3701 le
244 3657 295 3702 mot'
304 3655 397 3717 cirili,
414 3669 469 3701 none
483 3667 550 3700 evene
568 3651 664 3700 cumula
685 3653 806 3699 smletneut
819 3653 851 3714 las
864 3654 949 3700 misto
964 3653 992 3699 do
1007 3653 1087 3711 dam
1101 3655 1124 3698 et
1136 3652 1164 3700 de

125 3749 135 3771 ι
153 3733 242 3778 morale
258 3733 395 3779 adamim
410 3732 426 3777 d
440 3731 517 3776 croire
532 3733 554 3776 et
569 3731 584 3776 d
598 3732 725 3789 prattqoer
739 3729 852 3790 onseipnls
867 3741 894 3774 eu
910 3723 1055 3790 philosophie,
1071 3726 1165 3774 e’nta·

53 3837 55 3840 .
125 3823 135 3846 ι
154 3805 201 3851 dire
215 3805 247 3852 les
262 3807 342 3853 veritis
356 3805 484 3854 salvantes:
505 3807 566 3853 Dies
582 3809 603 3852 et
617 3817 651 3852 ret
667 3806 786 3866 attribute,
802 3806 917 3856 ihomas,
929 3815 973 3851 ros
986 3803 1075 3863 oripi»,
1084 3815 1112 3850 aa
1121 3806 1165 3862 fiet,

126 3882 497 3942 metaumaucensis
513 3879 1093 3943 umadvmetdetosocitttdmdm
1109 3877 1167 3928 roill
