2767 4492
251 247 304 308 tes
577 261 790 310 rmrsrrsssmtt
801 261 970 310 eumenis

247 348 329 406 solat.
343 343 419 405 'datis
429 350 473 405 est
482 347 635 421 distinctio,
653 364 728 422 quae
737 347 888 407 intercedit
898 347 972 406 inter
983 347 1134 407 demissent
1144 352 1173 407 et
1183 347 1303 407 estimat

230 431 416 516 ¹sotiosque,-
435 432 516 490 ntrita
535 433 614 492 enim
632 439 676 493 est
697 434 754 492 otia
776 432 944 506 diversitas,
968 433 1025 496 uisi
1039 433 1116 514 qnod
1130 433 1208 492 idem
1222 431 1301 492 obie-

249 522 330 578 ctum
343 516 424 591 prius
437 517 609 595 exprimitur
621 518 687 577 idea
703 514 832 591 contusa,
848 516 985 594 deinceps
999 517 1143 580 distincta.

621 692 855 751 Anrrounns
881 687 926 751 ΙΙΙ.

677 863 716 921 Dc
733 863 865 923 ueritate.

252 1071 255 1074 ·
287 1039 331 1098 tt.-
353 1033 563 1097 Veritatemhic
577 1038 741 1110 spectamus
753 1037 838 1112 prout
858 1034 945 1093 rebus
964 1034 1058 1107 inest,
1081 1035 1187 1108 quibus
1206 1033 1301 1107 aliqua

247 1127 358 1186 ratione
373 1128 534 1198 competere
547 1138 585 1182 ex
600 1123 663 1198 ipsa
681 1121 817 1196 loquendi
840 1121 1046 1180 consuetudine
1064 1125 1151 1195 patet.
1175 1119 1301 1178 Dicimus

250 1211 330 1271 enirn
344 1223 565 1284 saepenumero:
583 1208 655 1265 haec
670 1213 713 1265 est
727 1222 795 1265 vera
808 1207 908 1280 virtus,
925 1205 979 1266 hoc
993 1220 1095 1264 verum
1110 1203 1237 1276 animal,
1252 1204 1300 1262 hic

248 1311 334 1354 verus
349 1295 469 1366 audeus,
485 1299 571 1366 atque
584 1292 632 1351 iris
646 1291 773 1364 similia,
792 1291 898 1366 quibus
919 1291 1041 1350 edendis
1059 1290 1136 1349 reale
1158 1289 1302 1349 obiectum

250 1396 268 1438 c
288 1379 383 1438 iudaei
402 1377 449 1436 rel
467 1378 602 1437 simulato
621 1375 758 1450 distingui
781 1377 924 1436 volumus.
950 1377 1033 1436 itioris
1052 1379 1147 1434 eutem
1166 1373 1301 1448 loquendi

250 1479 358 1537 magna
380 1462 550 1538 philosopho
573 1462 707 1520 habenda
721 1462 794 1520 ratio
809 1467 871 1534 est;
894 1460 945 1520 nbi
965 1462 1043 1519 enim
1065 1457 1225 1520 communis
1240 1463 1298 1529 est,

248 1554 383 1607 naturam
396 1547 554 1606 auctricem
567 1547 698 1605 habetet
711 1547 898 1620 magistram,
917 1559 1156 1620 communemque
1170 1543 1300 1603 ordinem

249 1632 440 1708 cognoscendi
454 1631 629 1690 manifestat.

285 1719 342 1791 nge
356 1731 434 1774 nunc
448 1715 484 1774 de
498 1715 553 1774 hac
567 1715 696 1790 renate,
715 1731 801 1790 quam
816 1721 925 1777 veteres
943 1715 1242 1788 transcendentatem,
1258 1730 1301 1794 re·

251 1801 393 1860 centioros
414 1800 649 1875 metophqst'com
668 1801 831 1876 appellant,
859 1805 977 1862 contuse
997 1802 1150 1861 admodum
1170 1798 1304 1858 disseruit

249 1886 368 1944 wolfius
383 1900 447 1943 eam
461 1885 621 1944 definiens:
641 1887 773 1948 ordinem
788 1903 904 1957 eorum,
921 1903 995 1962 quae
1009 1887 1069 1946 enti
1085 1883 1259 1945 conveniunt
1275 1885 1299 1940 t.

249 1969 388 2044 Equidem
403 1969 561 2030 secundum
576 1986 619 2043 ea,
638 1987 711 2045 qnae
726 1972 758 2030 in
772 1973 874 2046 Logics
889 1973 986 2046 asum,
1009 1972 1082 2031 entis
1098 1970 1246 2030 veritatem
1261 1968 1302 2027 sic

248 2056 280 2114 in
296 2054 448 2128 complexu
461 2069 570 2128 eorum,
587 2055 693 2128 quibus
708 2071 760 2114 ens
775 2058 963 2130 constituitur,
980 2055 1174 2131 reponendum
1186 2069 1300 2125 censeo,
1379 2129 1380 2132 Ἴ

250 2143 283 2197 ut
298 2145 459 2214 respectum
474 2139 599 2213 aliquem
610 2156 661 2199 seu
671 2141 840 2200 relationem
853 2143 889 2200 ad
900 2142 1090 2215 cognitionem
1101 2139 1236 2199 includat.
1249 2140 1302 2197 iin-

249 2224 407 2283 rumonim
422 2241 468 2283 ex.
485 2240 528 2298 gr.
545 2225 652 2283 idcirco
663 2225 823 2300 appellatur
833 2241 943 2300 verum,
961 2226 1029 2300 quia
1040 2225 1180 2283 eiusmodi
1189 2229 1242 2297 est,
1258 2227 1299 2296 ut,
1378 2297 1379 2304 ἵ

250 2310 276 2368 si
289 2310 466 2383 concipiatur
482 2315 619 2382 tanqrram
636 2324 756 2383 nurum,
773 2326 842 2368 vera
856 2315 993 2384 exsurgat
1007 2309 1140 2384 cognitio.
1163 2308 1242 2367 idem
1257 2308 1303 2366 dic
1378 2305 1379 2364 3

250 2393 286 2451 do
300 2394 434 2468 retiquis,
459 2409 533 2467 quae
547 2408 617 2452 vera
629 2399 843 2468 nuncupantur.
866 2395 942 2453 Unde
957 2395 1029 2452 haec
1050 2393 1244 2452 denominatio
1260 2409 1303 2452 re-

249 2479 305 2536 bus
320 2478 436 2552 quidem
450 2477 521 2552 ipsis
535 2479 598 2536 iure
613 2477 768 2548 tribuitur,
791 2495 946 2554 earumque
967 2479 1127 2538 realitatem
1148 2477 1301 2551 importat,

250 2561 302 2620 sed
317 2577 429 2635 semper
443 2568 605 2634 respectum
620 2563 776 2638 quemdem
789 2564 909 2622 involvit
920 2565 956 2622 ad
966 2563 1151 2635 intellectum,
1168 2577 1204 2621 ex
1220 2563 1303 2620 onius

251 2647 382 2720 analogia
395 2647 549 2705 derivatur.
572 2649 661 2722 itque
680 2649 735 2708 hoc
757 2649 869 2708 videtur
883 2649 1005 2708 voluisse
1022 2650 1211 2723 Augustinus,
1235 2663 1302 2706 enm

250 2729 361 2803 inquit:
378 2745 483 2788 cessum
499 2739 548 2804 est,
570 2731 651 2805 qood
665 2732 711 2791 ite
724 2748 753 2792 se
769 2733 853 2792 habet
867 2741 902 2792 ut
915 2734 1034 2793 uidetur
1049 2733 1202 2807 sequitert,
1218 2733 1245 2792 si
1259 2748 1303 2791 ue·

251 2815 286 2872 tit
299 2815 447 2890 possitque
461 2831 627 2890 cognoscere
642 2817 667 2876 2.
689 2817 797 2884 Quibus
815 2819 912 2878 verbis
928 2823 971 2877 sat
985 2820 1143 2878 luculenter
1161 2817 1303 2892 expressit

250 2899 287 2959 ad
301 2899 375 2958 entis
385 2900 535 2959 veritatem
545 2902 775 2960 convenientiam
789 2903 903 2978 exquiri
918 2905 1072 2978 qnamdam
1086 2905 1128 2964 rei
1143 2919 1210 2962 eum
1223 2918 1302 2960 men·
1375 2933 1376 2936 =

250 2990 287 3052 te,
304 2999 377 3057 quoe
391 2983 470 3042 illam
484 2988 691 3061 contempletur
705 2987 750 3048 sel
767 2989 868 3047 saitem
883 2991 1070 3064 contemplari
1085 2995 1179 3064 queat.

220 3068 230 3075 “
284 3069 440 3142 Explicatis
454 3069 542 3128 istaec
557 3071 685 3130 veritatis
704 3072 817 3132 divinae
834 3076 920 3134 etiam
941 3081 1060 3134 naturae
1076 3075 1209 3149 quadram
1227 3089 1301 3148 qnae

248 3153 280 3210 in
294 3158 406 3211 tantum
420 3168 489 3211 vera
504 3155 678 3229 nominatur,
696 3156 882 3230 inquantum
897 3175 995 3220 veram
1011 3161 1055 3218 sui
1070 3159 1201 3219 notitiam
1211 3159 1242 3216 in
1258 3158 1301 3217 in·

253 3235 364 3294 tellecta
378 3236 485 3311 divino,
502 3253 569 3296 enm
583 3255 639 3313 quo
653 3255 744 3299 unum
759 3241 892 3318 idemque
904 3250 956 3318 est,
972 3244 1141 3303 necessitate
1156 3242 1257 3316 giguit.
1270 3243 1303 3299 itt

250 3318 409 3378 evidentius
424 3328 542 3394 apparet
551 3321 583 3379 in
598 3323 684 3382 rebus
699 3327 813 3400 creatis,
825 3339 898 3400 quae
912 3327 943 3386 in
958 3332 1069 3386 tantum
1083 3327 1227 3403 propriant
1243 3341 1301 3384 sor·

249 3403 360 3465 tiuntur
373 3405 532 3463 neptitatem
548 3421 582 3464 ac
596 3407 708 3466 suntid
723 3411 798 3482 quod
812 3417 888 3484 sunt,
906 3413 937 3469 in
952 3419 1090 3486 quantum
1103 3413 1177 3472 ideis
1190 3411 1241 3470 Dei
1257 3426 1301 3469 ar·

250 3488 378 3562 ehetypis
393 3489 597 3548 assimilantur.
611 3493 786 3568 Quapropter
801 3509 900 3552 aarum
915 3497 1016 3556 entitas
1031 3514 1048 3557 a
1063 3498 1200 3557 relatione
1211 3495 1248 3554 ad
1257 3511 1302 3555 co·

251 3568 407 3637 grritionem
421 3569 522 3627 saitem
536 3570 628 3644 illam,
645 3588 682 3631 ex
698 3589 754 3660 qus
768 3575 906 3648 pendent,
923 3579 1047 3652 separari
1064 3595 1122 3639 non
1140 3583 1241 3653 potest.
1260 3577 1301 3635 Ex

295 3752 307 3796 4
329 3753 382 3799 Ost.
396 3756 439 3813 loq.
452 3757 511 3803 rnre.
524 3756 547 3818 i,
559 3773 602 3804 sec.
614 3759 639 3822 ὅ,
651 3777 670 3806 c.
683 3761 706 3825 6,
719 3761 744 3826 §.
759 3761 813 3808 459.

296 3827 312 3872 2
326 3829 425 3891 Sett'loq.
437 3829 476 3878 lib.
488 3833 512 3898 2,
524 3850 544 3880 c.
556 3833 580 3896 5,
593 3849 616 3880 n.
629 3836 652 3883 8.
