2767 4492
228 318 266 386 66
552 328 781 377 rmrsrnrsioer
794 325 944 374 seramus

233 435 299 484 rum
314 419 412 478 diviua
421 417 521 492 gloria,
538 418 729 488 congruenter
742 413 875 487 oopudare
885 411 1032 486 potuisset.
1048 410 1163 472 lfationi
1172 414 1283 474 factum

233 506 329 582 ipsum
349 506 502 577 consonat,
519 501 661 576 siquidem
677 499 758 557 nulla
775 503 819 558 est
831 514 887 570 res,
907 512 991 572 quae,
1009 498 1033 557 si
1050 502 1128 557 reete
1146 498 1282 559 adbfbee·

236 598 291 664 tur,
307 591 416 649 bonum
427 586 542 660 aliquod
555 584 666 645 homiui
675 600 733 643 non
745 584 888 658 importet.
898 582 959 641 lilia
974 581 1053 640 enim
1068 582 1205 642 advitam
1219 585 1282 646 eius

238 675 372 736 alendam
387 673 588 746 tuendamque,
605 669 662 729 ulia
676 671 714 728 ad
726 669 915 729 relaxandum
929 669 1068 741 animum,
1084 668 1141 726 alia
1155 670 1192 728 ad
1206 671 1282 730 sani-

148 767 152 778 ·
236 765 323 820 tatem
338 759 506 818 seruandam
525 756 572 815 vel
589 755 823 830 recuperandam,
840 755 897 814 alia
911 754 948 812 ad
966 754 1072 813 iustam
1085 754 1282 815 defensionem

236 844 435 916 exercendam,
453 841 509 902 alia
526 842 563 900 ad
577 845 669 900 semet
683 846 848 914 ceterosque
861 839 1058 914 perficiendos,
1075 840 1173 899 omnia
1186 841 1283 900 adDei

235 929 365 990 roduam
381 933 408 986 et
423 941 550 987 amorem
564 925 799 1000 comparandum,
815 925 847 984 iu
860 939 917 999 quo
932 939 1045 984 summa
1059 924 1185 984 hominis
1194 924 1283 985 beati-

236 1019 279 1074 tas
294 1020 346 1087 ost,
362 1015 558 1087 maximopere
574 1013 736 1072 conferunt.
987 1081 990 1086 ,

272 1100 317 1159 25.
334 1099 411 1158 lilino
432 1097 504 1157 ratio
527 1097 637 1156 desumi
658 1101 752 1171 potest
772 1097 808 1154 ad
829 1096 1030 1172 explicandam
1049 1111 1157 1170 rerum,
1177 1097 1283 1172 quibus

237 1185 373 1244 machina
387 1183 458 1242 haec
473 1183 616 1255 coalescit,
628 1182 796 1242 uarietatem
805 1187 834 1240 et
843 1181 982 1241 ordinem.
993 1181 1064 1241 fiam
1073 1181 1098 1240 si
1108 1180 1185 1254 finis,
1196 1197 1285 1256 quem

236 1269 310 1329 deus
324 1268 355 1326 in
370 1267 500 1326 creandis
514 1267 601 1326 rebus
612 1266 744 1335 intendit,
761 1267 858 1325 divina
872 1266 961 1340 gloria
970 1266 1141 1338 oonn'uetur,
1156 1279 1231 1340 quae
1245 1283 1284 1326 ex

238 1354 402 1414 divinarum
416 1353 625 1426 perfectionum
638 1351 869 1410 manifestatione
879 1350 1021 1424 exsurgit3
1038 1355 1215 1425 compertum
1224 1355 1284 1412 cui-

237 1453 292 1512 que
308 1438 348 1510 fit,
366 1437 443 1495 bunc
458 1437 599 1494 muudum
614 1436 778 1508 quamdam,
792 1441 824 1494 ut
837 1436 878 1494 ita
891 1434 995 1508 dicam,
1011 1435 1168 1509 imaginem
1183 1439 1284 1497 etimi-

235 1523 371 1582 tationem
385 1522 434 1580 Dei
450 1521 625 1594 praeseferre
639 1521 773 1579 debuisse
790 1525 822 1578 ut
836 1535 874 1578 ex
886 1521 978 1594 ipsius
993 1522 1222 1582 consideratione
1236 1539 1283 1583 eo·

235 1607 324 1682 gnitio
340 1612 368 1665 et
389 1606 452 1664 laus
471 1605 588 1664 artificis
610 1610 841 1679 consequeretur.
858 1605 918 1664 lam
933 1620 999 1663 uero
1012 1605 1086 1664 fieus
1104 1614 1148 1665 est
1161 1623 1237 1666 unus
1256 1613 1285 1667 ει

239 1691 405 1765 multiplex3
417 1706 493 1749 unus
504 1691 619 1764 quidem
633 1695 747 1762 natura,
758 1690 910 1763 multiplex
922 1690 1036 1749 virtute.
1047 1691 1119 1750 flam
1132 1691 1284 1765 simplicis·

235 1777 311 1836 sima
333 1776 395 1834 eius
416 1775 511 1834 unias
526 1775 647 1835 infinitis
669 1774 892 1849 perfectionibus
915 1775 1086 1849 aequivalet,
1106 1781 1136 1835 et
1155 1791 1281 1852 omnem,

237 1877 310 1936 quae
326 1861 482 1934 excogitari
495 1866 596 1935 potest,
612 1860 770 1919 bonitatem
784 1859 919 1919 deuactis
931 1859 1071 1919 limitibus
1081 1875 1115 1919 ac
1125 1860 1283 1922 defectibus

239 1945 374 2004 continet.
391 1945 462 2018 drgo
472 1945 721 2020 mundua,utpote
731 1945 807 2003 bano
820 1944 935 2014 divinae
948 1949 1069 2004 naturae
1078 1945 1227 2020 unitatem,
1243 1953 1281 2021 et,

237 2030 261 2088 si
277 2029 317 2087 ita
337 2029 413 2102 loqui
429 2029 473 2087 fas
494 2034 545 2102 est,
567 2029 735 2088 varietatem
750 2043 947 2102 expressurus,
967 2029 1077 2088 unitate
1094 2030 1181 2090 simul
1194 2036 1224 2089 et
1237 2046 1284 2090 aa·

236 2115 336 2174 rietate
359 2114 507 2172 donandus
521 2114 584 2172 fuit.
602 2115 632 2172 ld
652 2120 749 2174 autem
769 2114 873 2173 melius
889 2114 952 2173 fieri
972 2129 1032 2174 non
1050 2121 1170 2189 poterat,
1195 2131 1283 2191 quam

235 2199 260 2259 si
274 2197 424 2271 multiplici
444 2198 621 2258 diversarum
635 2213 733 2258 rerum
748 2209 854 2273 genere
873 2203 1025 2273 constaret,
1040 2214 1113 2274 quae
1128 2205 1224 2260 tumen
1237 2216 1284 2259 ra-

238 2284 316 2342 tiono
333 2283 442 2341 ordinis
458 2283 532 2341 aliae
547 2299 584 2341 ex
604 2283 668 2345 aliis
685 2299 780 2343 nexae
798 2289 827 2342 et
840 2283 965 2343 inuicem
985 2281 1132 2357 colligatae
1147 2285 1179 2344 in
1192 2301 1284 2344 unum

234 2368 443 2442 quodammodo
460 2367 660 2427 coalescerent.
678 2367 719 2426 En
733 2368 820 2442 igitur
833 2385 885 2427 cur
899 2373 980 2428 tanta
993 2383 1091 2428 rerum
1104 2371 1187 2444 copia
1200 2385 1284 2429 mun-

234 2453 288 2512 dus
303 2453 497 2526 locupletetur,
514 2453 667 2527 omniaque
684 2458 762 2512 ιειιιο
776 2453 877 2512 ordine
891 2453 1016 2513 invicem
1030 2453 1209 2527 colligentur.

270 2538 344 2596 Deus
358 2553 410 2611 por
425 2538 598 2596 creationem
610 2553 641 2596 se
655 2538 834 2596 extrinsecus
843 2537 1017 2598 manifestat.
1033 2538 1067 2596 dt
1080 2554 1147 2597 cum
1160 2539 1236 2598 Deus
1244 2540 1284 2599 sit

236 2621 376 2694 infinitus,
394 2627 540 2681 creaturae
555 2627 652 2681 autem
666 2622 781 2696 finitae3
798 2621 914 2682 nonnisi
928 2638 1013 2697 aegre
1022 2623 1177 2683 admodum
1191 2625 1283 2683 etim-

162 2747 167 2754 .
235 2705 359 2780 perfecte
375 2706 423 2764 ille
442 2707 478 2765 ab
498 2706 544 2766 bia
565 2710 675 2781 poterat
694 2709 914 2781 repraesentari.
933 2708 1006 2782 Ergo
1028 2713 1062 2766 ut
1084 2707 1132 2767 hic
1155 2708 1285 2767 defectus

235 2790 330 2864 aliquo
349 2797 432 2864 pacto
452 2795 693 2865 compensaretur,
710 2805 827 2852 necesse
845 2792 901 2850 fuit
918 2797 1063 2851 creaturas
1082 2791 1283 2866 multiplicari3

234 2882 267 2936 ut
281 2877 322 2936 sio
337 2876 449 2935 facilius
464 2875 674 2950 exprimeretur
687 2891 741 2950 per
754 2878 848 2951 plura,
865 2877 941 2951 quod
953 2891 1006 2952 per
1019 2875 1153 2952 pauciora
1167 2875 1218 2933 rix
1232 2882 1286 2934 aut

236 2976 273 3019 ne
291 2961 341 3020 vix
356 2961 473 3034 quidem
488 2961 668 3020 innotuusset.
686 2961 731 3020 Sic
745 2961 854 3037 peritus
870 2968 973 3035 orator,
990 2977 1057 3021 cum
1071 2976 1129 3020 uno
1143 2959 1285 3020 vocabulo

235 3050 406 3116 conceptum
424 3057 509 3102 suum
523 3059 581 3104 non
603 3045 672 3104 satis
691 3045 849 3120 significari
868 3046 1014 3121 perspicit,
1034 3045 1123 3105 rerba
1141 3045 1285 3118 congemi-

236 3132 289 3185 nat
311 3126 507 3200 protrahitque
526 3129 693 3202 orationem,
719 3135 752 3189 ut
768 3130 851 3204 eopia
868 3136 1041 3204 ornatusque
1059 3129 1172 3189 dicendi
1187 3129 1285 3188 ideam

235 3210 351 3284 mentis,
368 3213 461 3286 quoad
476 3213 538 3272 fieri
558 3219 659 3289 potest,
680 3220 872 3288 congruenter
887 3215 1020 3289 explicet.
1036 3216 1096 3275 flou
1112 3215 1194 3274 aliter
1207 3213 1284 3273 licus

235 3297 379 3357 creatione
400 3311 497 3357 rerum
517 3299 600 3372 quasi
621 3299 756 3358 disertam
778 3298 904 3372 aliquam
922 3301 1080 3359 orationem
1093 3299 1204 3373 babuit,
1225 3309 1285 3372 qua

236 3383 313 3457 apud
333 3383 487 3442 rationales
505 3389 650 3442 creaturas
671 3384 707 3441 de
725 3398 757 3441 se
775 3381 867 3457 deque
887 3391 939 3443 sua
957 3386 1086 3446 bonitate
1104 3400 1139 3444 ac
1155 3383 1285 3460 potentia

235 3467 350 3541 copiose
364 3467 553 3540 eloqueretur.
574 3467 688 3526 atvero
706 3481 806 3530 rerum
818 3469 941 3529 varietas
960 3473 989 3528 et
1005 3470 1158 3530 multitudo
1175 3485 1284 3543 nequa-

235 3566 325 3626 quam
339 3551 428 3610 Deum
449 3551 519 3611 satis
534 3557 598 3625 apte
612 3552 829 3627 expressissent,
845 3554 903 3614 nisi
922 3555 985 3615 eius
998 3555 1139 3615 mitatem
1158 3553 1285 3614 dilucide

238 3637 479 3696 manifestassent.
497 3637 574 3704 Quod
584 3637 702 3711 quidem
715 3636 797 3696 aliter
810 3641 950 3712 praestari
959 3656 1018 3701 non
1031 3645 1151 3716 poterat,
1166 3639 1224 3698 nisi
1236 3653 1286 3697 ra·

238 3717 316 3778 done
332 3721 440 3780 ordinis
454 3725 483 3780 et
491 3721 586 3780 mutui
593 3737 686 3780 nexus
700 3737 747 3780 res
757 3737 858 3784 omnes
867 3725 1082 3786 continerentur
1093 3721 1204 3784 unitate
1214 3738 1286 3797 qua-

237 3801 314 3874 dam,
331 3802 361 3860 ri
375 3805 456 3864 cuius
472 3820 502 3865 ss
517 3804 554 3864 nb
568 3821 626 3864 uno
640 3807 812 3880 profluxisse
820 3809 961 3885 principio
975 3812 1177 3885 patefacerent
1193 3809 1287 3882 utque

236 3884 345 3946 idcirco
360 3893 411 3961 est,
430 3895 463 3947 ut
478 3894 557 3949 tanta
575 3890 700 3951 rmictas
714 3894 856 3955 mundum
869 3901 997 3968 exornet,
1015 3900 1101 3968 aque
1119 3894 1218 3956 omnia
1230 3893 1287 3954 mi-

240 3969 321 4032 rifice
335 3971 409 4032 inter
422 3987 454 4034 ss
471 3979 538 4047 apta
551 3975 709 4038 uideantur.
