2767 4492
271 319 324 388 ito
479 303 484 312 ’
712 328 876 384 loturum.

261 438 316 482 nee
332 415 523 494 integritatem
540 413 673 492 pertinet,
691 413 731 474 ite
746 413 890 488 respiciat,
906 420 938 484 ut
951 430 986 476 ee
1002 416 1046 486 nti
1064 432 1116 492 nro
1130 416 1221 486 inbitn
1234 433 1304 480 ern·

264 522 323 580 que
350 504 497 574 destruere
522 501 676 562 veleamus.
705 499 768 560 nite
792 505 888 558 eutem
913 500 1019 568 eicitur
1043 503 1151 567 donum
1174 513 1305 579 quotenus

260 590 340 650 nulle
359 588 472 664 praeuio
491 585 592 653 merito
612 583 729 645 anobie
748 583 879 645 exhibite
896 585 1001 671 tribute
1017 587 1073 662 rit,
1091 604 1147 656 non
1164 605 1229 654 nero
1245 606 1306 664 qne..

262 680 346 736 tenus
371 673 460 754 nobie·
479 671 568 740 libero
593 668 792 746 recipiendum
816 669 961 737 efferetur.
988 672 1044 732 nec
1069 674 1105 734 orl
1124 689 1189 737 eom
1208 673 1306 734 beben

262 761 330 822 dem
349 763 398 824 out
415 755 594 822 retinentium
609 759 706 817 noeter
721 766 879 817 censemus
896 754 1075 830 exquiriturp
1093 756 1200 834 quippe
1216 757 1251 819 orl
1268 758 1308 818 ior

264 843 388 920 pertinet
404 842 518 908 divinoe
536 838 703 916 potestatis,
720 838 768 898 eui
785 847 880 912 prater
894 856 980 914 opere
998 848 1028 905 et
1042 843 1149 912 reterre
1164 851 1309 918 tenemur,

262 945 329 992 curn
350 933 462 996 tentum
479 926 589 996 bonnm
606 924 690 987 nobie
711 939 781 1000 pree
799 924 884 1000 eliis,
906 925 956 1001 qui
975 927 1060 993 eonii
1079 934 1228 1005 poterent,
1247 944 1309 990 eon

264 1016 339 1076 ferre
354 1013 486 1080 uoluerit.

296 1100 441 1170 landem,
461 1097 597 1174 obligatio
614 1094 789 1172 procurandi
806 1095 916 1156 bonum
935 1097 1078 1158 societatis
1097 1114 1248 1174 uunquam
1265 1115 1308 1160 ex·

263 1185 411 1258 linguitur.
423 1184 512 1257 utque
528 1183 641 1242 etiamsi
657 1181 778 1251 societte
793 1181 907 1243 muneri
920 1197 973 1240 ruo
987 1182 1060 1242 derit
1075 1183 1240 1258 eliquend03
1256 1200 1309 1245 nen

263 1270 332 1332 inne
347 1275 442 1338 tomen
457 1284 509 1330 nee
524 1275 621 1334 norim
636 1267 736 1334 deense
749 1281 833 1341 peere
847 1267 1040 1341 consequitur.
1057 1269 1116 1330 lien
1131 1267 1229 1340 enim,
1247 1269 1309 1342 quie

261 1355 310 1414 elii
330 1354 405 1420 mele
420 1359 592 1428 operentur.
609 1351 716 1420 ideirco
732 1350 814 1416 nebit
830 1351 906 1413 male
919 1350 1056 1426 operenrli
1071 1353 1153 1426 eepie
1168 1353 1309 1413 tribuitur.

264 1441 390 1514 itemque
405 1437 600 1512 ruimetipriue
614 1435 773 1506 interiectio
788 1450 845 1496 nen
866 1435 1060 1510 fortitudinis,
1076 1436 1127 1500 eod
1143 1436 1310 1512 desperatio·

261 1523 307 1583 nis
321 1529 350 1584 et
365 1522 496 1597 ignaviae
513 1520 608 1596 petius
623 1520 788 1594 exemptum
807 1519 933 1594 praebet.
954 1521 1062 1580 idcireo
1080 1522 1159 1581 enim
1177 1521 1308 1595 eligitur,

259 1616 292 1668 ut
306 1607 383 1672 mala
397 1607 484 1672 liniue
501 1606 577 1672 ritne
596 1606 752 1679 fugiantur.
771 1605 860 1665 Fortis
880 1612 976 1665 eutem
997 1606 1045 1666 ille
1065 1621 1165 1666 revere
1183 1614 1250 1680 est,
1266 1607 1309 1681 qui

261 1692 503 1760 tumultuantibus
523 1690 673 1758 affectibus
694 1690 1082 1762 neminemneminer
1102 1691 1308 1764 animemur,

263 1783 400 1851 quotquot
415 1777 562 1850 ingruunt,
573 1775 675 1854 toleret
688 1790 726 1834 ne
741 1791 759 1834 e
773 1774 877 1835 uirtute
892 1774 1015 1837 debriet.
1033 1776 1088 1835 ileo
1102 1791 1173 1836 enne
1184 1791 1308 1850 unquam

261 1861 293 1920 iu
307 1861 465 1934 oppetendo
479 1867 570 1920 morte
584 1859 662 1920 cerni
678 1863 770 1932 petest
790 1860 944 1932 fortitudo,
962 1875 1028 1918 cnm
1044 1864 1094 1919 eut
1109 1859 1251 1920 merirum
1266 1868 1310 1920 eut

259 1944 371 2017 mollire,
390 1943 631 2018 quemadmodum
647 1944 677 2002 iu
692 1944 814 2004 euieiiie
829 1951 881 2017 eet,
898 1943 1006 2004 reelere
1022 1945 1158 2004 inlicitur.

295 2028 340 2088 no.
359 2029 453 2100 ilaec,
475 2043 549 2108 quoe
572 2033 672 2091 centra
698 2027 853 2088 ouioidium
878 2027 1024 2101 diximus,
1048 2027 1169 2102 intelligi
1188 2029 1309 2088 nonde

259 2115 330 2174 irent
345 2114 382 2175 do
400 2118 492 2178 morte
513 2129 586 2187 quoe
605 2113 744 2174 indirecte
767 2119 935 2187 procuretur
950 2114 987 2172 eb
1011 2113 1117 2174 instem
1135 2120 1164 2172 et
1182 2109 1309 2174 laudabi-

259 2199 317 2258 lem
334 2213 468 2271 ceuenm;
486 2212 554 2258 oum
572 2213 675 2273 nempe
692 2199 757 2273 quis
780 2197 920 2259 nobiliore
943 2198 1085 2270 inpetres
1099 2199 1195 2268 oilleio
1214 2199 1248 2258 in
1267 2216 1309 2274 pe

258 2283 384 2346 rieulum
400 2298 431 2342 oe
447 2282 581 2354 coniicit,
598 2299 633 2340 er
653 2298 710 2357 quo
727 2281 912 2357 probabiliter
928 2283 972 2341 rei
990 2282 1077 2342 etiem
1091 2291 1168 2343 certe
1187 2295 1310 2344 mortem

261 2366 317 2426 sibi
333 2367 523 2434 obventurum
543 2373 651 2429 noscet.
673 2367 703 2426 ld
721 2368 801 2427 enim
818 2367 913 2426 ordini
934 2373 1054 2427 naturae
1072 2383 1131 2430 non
1147 2377 1308 2444 repugnem

261 2451 367 2526 quippe
386 2467 452 2510 oum
474 2451 558 2518 bomo
584 2468 614 2510 se
634 2456 702 2510 tunc
722 2451 841 2510 minimo
860 2452 1028 2525 interierat,
1048 2453 1098 2511 sed
1117 2459 1228 2515 lenturn
1253 2471 1308 2528 per·

259 2536 354 2599 initiet
376 2535 502 2601 interimi
522 2536 628 2595 intuito
651 2535 760 2596 altioris
781 2534 864 2609 boni3
886 2537 920 2597 ed
937 2537 1010 2610 quod
1028 2538 1185 2598 cumulum
1201 2538 1311 2600 iueriria

259 2626 309 2680 eut
323 2621 441 2687 cortrone
461 2624 511 2680 out
527 2620 583 2681 elio
600 2619 704 2681 virtute
720 2619 894 2694 impelletur.
913 2621 1003 2683 lmmo
1020 2637 1055 2681 ee
1074 2622 1148 2682 ectio
1163 2629 1233 2682 tune
1252 2641 1312 2684 mo·

259 2719 345 2778 gnem
355 2704 1312 2783 moreturlaudemetlrereismigradumattingitsicmilesquem·

260 2805 349 2862 quom
367 2790 446 2856 eolus
465 2796 575 2863 exstet,
594 2789 728 2864 pbelengi
749 2789 874 2848 bestium
886 2806 917 2848 ee
932 2789 1112 2853 leunebititer
1127 2795 1264 2867 opponit,
1282 2801 1311 2852 ut

258 2875 320 2934 eine
339 2890 521 2950 propreeeum
543 2881 688 2949 rueretur3
713 2875 779 2934 licet
794 2880 871 2937 certo
891 2891 921 2937 ee
941 2875 1125 2936 interiectum
1143 2867 1178 2935 iri
1199 2877 1309 2938 rident.

259 2961 304 3019 Sic
322 2961 481 3034 rutilianus
495 2959 607 3033 emico,
623 2959 673 3034 qui
693 2961 795 3021 eedem
815 2961 929 3020 iortune
950 2961 1092 3034 iactetur,
1114 2962 1247 3042 tribulem
1267 2981 1311 3023 ce
1362 2956 1363 2969 ¹

258 3045 308 3105 iiii.
331 3045 376 3108 ilio
394 3050 473 3120 neele
491 3044 687 3114 laborantibus
706 3046 771 3121 quie
786 3046 929 3120 desernit,
944 3045 1012 3115 lieet
1030 3047 1076 3109 lue
1094 3063 1126 3109 oe
1146 3047 1312 3123 periturum

260 3127 403 3198 commate

706 3304 876 3366 inmenens
890 3301 934 3364 ιιι.

435 3466 474 3536 lie
486 3467 553 3530 iure
565 3466 713 3531 iniuriam
726 3469 944 3544 meretricum
953 3461 1120 3546 repellendi.

293 3639 339 3698 ni.
353 3637 394 3710 lix
409 3638 503 3710 officie
518 3637 616 3700 meoli
631 3636 720 3701 vitem
735 3638 864 3714 requitur
883 3645 917 3700 ut
935 3639 1059 3716 quisque
1076 3638 1122 3701 ius
1140 3637 1250 3707 lnbeet
1266 3657 1313 3700 ro·
1362 3630 1363 3725 l

257 3723 391 3792 merendi
405 3723 562 3798 ebrteeule,
577 3739 652 3798 quae
666 3723 721 3799 ipsi
736 3724 842 3792 iniuste
856 3732 1047 3800 opponuntur.
1064 3725 1156 3793 Quare
1169 3725 1195 3785 ei
1209 3725 1314 3785 obsta·

258 3807 356 3868 culum
370 3809 424 3871 noe
444 3809 591 3884 proveniet
605 3824 639 3869 ex
662 3810 845 3883 oppremere
865 3811 981 3870 alteriue
1001 3809 1162 3881 individui,
1178 3814 1227 3870 ine
1244 3829 1314 3884 pro-

259 3891 332 3952 tecte
350 3896 394 3952 est
412 3907 476 3952 eom
492 3894 646 3970 repellendi
667 3895 754 3955 etiem
773 3895 820 3970 ri;
841 3901 952 3960 cenete
969 3901 1064 3957 temen
1078 3893 1313 3971 moderamine,
