2767 4492
223 295 259 358 60
666 303 828 353 cumeurn

217 393 336 454 modum
351 407 417 453 cum
431 393 463 451 in
478 391 587 450 actione
601 389 718 448 libertus
732 390 820 463 adest,
837 389 911 447 ratio
924 385 1154 463 imputabilitatis
1168 389 1262 464 riget3

219 478 262 538 sio
277 481 376 537 eontra
391 476 469 537 omni
484 473 703 550 imputabilitate
720 479 801 532 vacat
814 473 949 547 operatio,
966 487 1040 547 quae
1054 472 1166 532 arbitrii
1179 471 1264 532 liber·

218 567 276 624 tate
290 560 427 636 privatur.

252 639 311 706 Etsi
326 645 533 722 imputabilitas
549 659 614 705 cum
629 642 789 705 moralitate
807 637 922 719 semper
939 641 1148 719 coniungatur,
1164 648 1261 704 tamen

216 746 283 790 curn
296 731 347 790 illa
360 729 480 790 minime
495 730 633 790 conlundi
646 729 740 789 debet.
756 729 942 802 coniungitur
956 729 1082 803 quidem,
1099 729 1168 802 qaia
1181 729 1262 788 nulla

217 815 290 875 actio
305 816 418 890 proprie
434 815 550 874 moralis
576 829 638 873 esse
654 816 762 888 potest,
779 811 836 871 nisi
851 811 988 872 sitellam
1002 811 1104 872 libera.
1121 812 1170 871 Est
1182 814 1261 872 enim

215 900 331 960 libertas
346 900 519 959 elementum
534 897 621 971 illud,
636 914 673 957 ex
688 913 744 972 quo
759 897 850 957 oritur
863 901 896 956 ut
910 898 977 957 ordo
991 897 1110 957 rationis
1129 898 1260 956 volunta-

214 990 269 1043 tem
286 985 401 1044 allicere
417 991 445 1044 el
458 983 489 1043 in
505 983 626 1057 aclibus,
643 983 692 1058 qui
708 982 744 1042 ab
759 982 877 1041 bomine
891 983 974 1053 liunt,
990 982 1085 1041 inesse
1099 981 1199 1056 possit.
1217 983 1260 1041 si·

213 1070 289 1128 milit
306 1086 322 1129 r
336 1069 410 1130 actio
423 1067 503 1128 nulla
517 1068 609 1128 libera
622 1069 654 1126 in
668 1067 815 1127 individuo
839 1066 985 1140 exsurgit,
1002 1064 1072 1140 quin
1087 1065 1184 1139 aliqua
1197 1081 1260 1125 mo·

211 1155 324 1214 ralitate
337 1153 505 1213 instruatur.
523 1151 556 1213 Ut
569 1153 648 1212 enim
672 1150 851 1227 probabilius
863 1150 956 1210 rideri
979 1149 1122 1224 diximus,
1137 1150 1212 1209 actio
1226 1150 1259 1209 in

211 1239 371 1313 individuo,
388 1253 461 1314 quae
475 1237 643 1297 iudillerens
658 1237 709 1311 sit,
725 1251 786 1296 non
799 1235 892 1294 datur.
908 1233 1048 1294 iloralitas
1062 1233 1149 1308 igitur
1162 1240 1193 1293 et
1205 1235 1260 1294 im-

206 1323 373 1398 putabilitas
388 1324 419 1382 in
435 1324 546 1382 actione
560 1323 689 1381 bumana
703 1335 816 1395 semper
830 1319 1038 1379 consociantur.
1054 1318 1195 1378 conirnmi
1210 1334 1259 1378 re·

210 1424 243 1468 ro
258 1425 316 1468 non
331 1409 449 1482 debent3
467 1408 535 1482 quia
549 1406 699 1481 utriusque
717 1405 809 1480 nolio,
826 1410 859 1464 ut
873 1419 911 1463 ex
932 1404 1017 1463 dictis
1034 1407 1126 1478 patet,
1144 1403 1257 1464 diversa

210 1494 365 1552 admodum
379 1498 431 1552 cst.
443 1493 533 1552 Immo
542 1491 629 1551 etiam
638 1491 810 1565 quandoque
825 1494 918 1564 potest
929 1488 1015 1547 alicui
1025 1487 1161 1562 imputari
1170 1488 1254 1561 actio,

210 1577 279 1652 quin
299 1577 427 1636 eiusdem
441 1575 588 1635 moralitas
603 1576 773 1654 imputetur;
789 1574 815 1633 si
826 1574 897 1634 iorte
911 1573 937 1631 is
951 1572 1026 1630 liber
1040 1570 1071 1630 in
1086 1587 1121 1630 ca
1135 1587 1256 1630 exeren-

210 1662 247 1719 da
262 1661 356 1734 luerit,
373 1659 423 1719 sed
438 1659 499 1718 cius
514 1659 654 1718 malitiam
669 1663 784 1733 propter
803 1656 994 1731 ignorantiam
1011 1671 1070 1714 non
1083 1656 1252 1720 tadrertorit.

210 1743 359 1804 Praeterea
373 1749 467 1818 potest
480 1743 544 1816 quis
558 1743 731 1816 investigare
744 1743 870 1817 primum
885 1757 923 1800 an
939 1739 1012 1800 actio
1030 1739 1198 1814 imputanda
1216 1741 1255 1799 sit

212 1828 322 1902 egenti,
338 1832 367 1887 et
382 1827 517 1900 deinceps
535 1825 678 1899 inquirere
700 1831 797 1885 utrum
810 1826 930 1885 honesta
944 1825 987 1894 jsit
1000 1839 1038 1883 an
1050 1825 1157 1899 lturpis.
1174 1825 1254 1893 Quod

210 1916 287 1971 certe
302 1911 365 1970 llari
375 1909 516 1984 nequiret,
529 1909 553 1968 si
562 1909 708 1968 moralitas
717 1925 784 1968 cum
799 1909 1018 1984 imputribilitate
1028 1914 1251 1969 converteretur.

246 1995 318 2054 ilinc
333 1993 364 2054 in
379 1993 504 2054 actiones
519 1993 660 2052 humanas
674 1993 747 2053 ratio
761 1994 853 2052 laudis
876 1999 925 2052 aut
942 1993 1158 2068 vituperationis
1178 1993 1253 2053 deri·

207 2085 300 2140 ratur.
317 2081 387 2140 Nam
402 2094 469 2138 cum
487 2079 561 2138 actio
580 2094 638 2138 non
656 2084 829 2153 utcumque,
845 2078 984 2138 nimirum
1002 2077 1120 2152 physice
1140 2082 1252 2137 tantum

205 2167 342 2239 spectata,
359 2163 409 2222 sed
424 2169 509 2238 prout
522 2163 682 2223 moralitate
697 2163 857 2236 instruitur,
869 2163 964 2236 agenti
978 2161 1129 2235 tribuatur,
1141 2177 1174 2221 ae
1188 2177 1252 2237 pro

205 2247 273 2308 inde
288 2247 351 2306 elus
365 2247 478 2306 bonitas
491 2247 537 2306 vel
552 2246 661 2306 malitia
676 2246 770 2306 eidem
785 2247 955 2320 imputetur;
971 2245 1057 2305 homo
1072 2261 1139 2304 rore
1158 2246 1252 2305 consi-

205 2331 322 2390 deratur
335 2335 481 2405 tamquam
505 2335 604 2390 auctor
617 2331 749 2405 propriae
770 2329 953 2403 perfeetionis
966 2328 1011 2388 rel
1026 2328 1251 2403 imperfectionis

204 2415 236 2476 iu
250 2429 355 2488 genere
376 2430 498 2474 morum.
515 2415 557 2473 Ex
573 2431 629 2488 quo
644 2415 735 2474 oritur
747 2420 780 2472 ut
801 2413 1010 2473 existimatione
1028 2415 1070 2472 rel
1086 2419 1251 2488 contemptu

203 2499 306 2574 dignus
317 2505 461 2574 appareat,
470 2515 543 2573 quae
554 2499 649 2558 verbis
659 2498 820 2572 significata
832 2498 1002 2558 laudem-rel
1011 2498 1251 2572 vituperationem

205 2584 361 2644 constituit.

239 2669 282 2728 35.
293 2669 465 2729 Venionunc
476 2669 513 2728 ad
522 2668 707 2728 morilumrel
716 2667 896 2744 demeritum,
906 2670 982 2744 quod
989 2669 1020 2730 in
1029 2667 1187 2728 redonibus
1194 2669 1250 2728 bu·

199 2754 295 2813 manis
310 2753 459 2828 reperitur.
471 2753 540 2812 dum
550 2753 628 2812 enim
639 2753 725 2813 bomo
734 2754 845 2813 actione
854 2770 907 2812 sua
917 2754 1025 2829 aliquid
1033 2753 1119 2812 eflicit
1129 2752 1205 2825 quod
1215 2751 1251 2811 in

198 2838 423 2898 emolumentum
433 2837 548 2897 alterius
558 2838 642 2910 cedit,
652 2839 737 2896 modo
746 2837 782 2896 ad
792 2839 821 2896 id
831 2839 962 2897 mercede
972 2841 1055 2911 pacta
1064 2853 1100 2895 ex
1110 2834 1250 2909 peculiari

200 2921 372 2996 obligatione
386 2937 444 2981 non
461 2927 601 2996 tencatur;
619 2921 787 2997 apudillum
798 2923 903 2981 mereri
918 2921 1030 2981 dicitur.
1044 2921 1144 2980 Contra
1153 2920 1250 2979 deme·

199 3011 294 3075 retur,
306 3007 331 3066 si
341 3007 451 3066 actione
460 3019 512 3066 sua
522 3007 638 3067 alterius
651 3008 854 3067 detrimentum
868 3005 1054 3080 procuratio
1069 3007 1243 3079 primocasu

202 3090 341 3164 praemio,
358 3091 389 3148 in
403 3091 527 3150 seeundo
541 3107 633 3165 poena
648 3097 691 3150 est
705 3091 824 3164 dignus3
841 3091 927 3164 idque
942 3107 959 3149 a
973 3089 1083 3149 ratione
1097 3088 1205 3148 ordinis
1211 3083 1246 3148 'et

201 3173 314 3234 debitae
323 3169 512 3248 proportionis
526 3174 709 3250 praecipitur.
721 3175 762 3232 lid
771 3189 833 3234 rem
842 3174 1030 3247 Taparellius:
1050 3174 1111 3232 «lln
1123 3173 1194 3232 altro
1204 3173 1245 3232 ei·

200 3281 213 3311 ι
233 3261 302 3318 letto
316 3259 390 3319 della
403 3260 593 3333 impulazione
609 3261 656 3319 eil
666 3260 784 3332 morito;
798 3259 979 3334 imperoecbd
989 3273 1020 3318 se
1030 3258 1108 3317 l'atto
1119 3259 1244 3333 imputa-

202 3365 214 3396 «
238 3349 275 3414 lo,
286 3345 391 3418 epperb
401 3343 565 3418 volontario,
579 3345 848 3419 lendearantaggio
859 3344 953 3418 allrui,
963 3344 990 3402 la
999 3343 1200 3403 ideanaturale
1211 3343 1243 3402 di

200 3451 212 3480 «
233 3428 421 3503 uguaglianza
435 3433 516 3503 porta
530 3443 594 3488 seco
608 3443 660 3505 per
676 3443 873 3502 conseguenaa
886 3429 915 3487 la
929 3427 995 3488 idea
1009 3428 1038 3486 di
1053 3443 1094 3488 un
1108 3441 1243 3501 compen·

199 3534 212 3564 ι
233 3527 264 3571 so
279 3513 332 3573 che
347 3512 398 3572 dee
412 3513 609 3588 ragguagliare
623 3513 650 3572 le
664 3513 768 3587 partite
783 3513 827 3572 ira
845 3513 892 3573 cbi
911 3515 997 3587 operb
1012 3527 1029 3570 e
1043 3511 1090 3570 cbi
1106 3512 1243 3570 ricevette

132 3617 135 3622 ·
202 3617 214 3647 ι
236 3596 257 3654 il
272 3597 432 3672 rantaggio.
445 3597 465 3656 E
476 3597 579 3656 d’onde
588 3603 687 3672 questa
700 3596 841 3656 necessita
851 3598 880 3656 di
890 3595 1075 3671 ragguaqliol
1089 3593 1169 3654 Ilalla
1178 3594 1244 3653 idea

201 3701 213 3730 ι
235 3679 265 3738 di
279 3681 379 3740 ordine
393 3681 450 3740 edi
464 3681 621 3740 simmetria
635 3681 688 3741 ebe
702 3681 831 3755 presiede
844 3675 873 3740 'al
888 3681 995 3741 morale
1009 3695 1067 3739 non
1081 3694 1167 3738 meno
1182 3678 1242 3752 ,cire

201 3783 214 3814 ι
235 3761 263 3819 al
277 3764 381 3823 mondo
395 3763 485 3824 lisico.
501 3765 544 3824 Un
565 3765 714 3824 architelm
732 3765 850 3840 disegna
863 3781 923 3824 una
945 3764 1079 3837 facciata3
1096 3779 1128 3822 se
1148 3762 1185 3821 da
1199 3777 1242 3821 uu

202 3867 214 3897 ι
234 3843 292 3905 lato
307 3845 353 3907 dei
366 3853 484 3922 partone
498 3847 554 3924 egli
569 3853 656 3911 mette
670 3849 726 3939 due
744 3849 860 3910 linostre
873 3849 909 3909 ed
924 3863 984 3909 una
1001 3847 1062 3910 sola
1080 3846 1145 3907 dall'
1154 3846 1237 3920 altro,
