2767 4492
197 311 238 376 la
522 324 913 376 unrmnrsrclnseacums

204 413 281 490 quod
294 416 386 474 mmet
398 411 564 488 aduraim
573 428 621 472 res
630 427 730 472 omnes
741 426 758 472 a
771 427 804 471 se
817 410 973 484 distinctas,
989 413 1137 486 tamquam
1146 409 1247 471 ludum

205 498 359 574 quemdam
372 497 503 573 idealem,
517 497 706 558 fabricaretur
721 499 746 556 ⁴.
757 497 845 572 Atque
854 495 910 556 hae
924 494 1103 570 potissimam
1113 502 1179 556 sunt
1192 495 1248 556 hac

202 599 290 659 super
300 599 333 644 re
350 583 486 644 stultitiae
500 583 651 644 hominnm
660 581 855 656 delirantium,
871 581 976 656 pubes
990 579 1124 641 sanandis
1138 582 1249 643 veltres

203 668 353 746 Anticyras
366 684 451 745 peres
463 685 523 729 non
536 674 629 729 erunt.

240 755 268 813 t.
280 754 323 814 Ex
336 755 392 814 hac
404 769 534 814 errorum
547 753 692 828 farragine
711 753 803 813 solum
816 752 898 812 illum
911 753 959 812 lric
973 751 1152 828 eripiendum
1168 768 1246 812 assu·

201 838 325 914 mimus,
345 839 396 914 qui
409 853 560 914 corporum
574 837 758 898 exuendam
771 837 903 912 respicit;
923 837 1047 912 reliquos
1061 851 1113 896 suo
1127 836 1188 898 looo
1202 853 1247 898 re

202 923 300 984 fellere
313 938 373 982 non
386 924 559 984 omittemus.
577 923 680 983 Contra
693 922 837 982 idealistes
850 922 946 997 itaque
961 921 1119 997 generatim
1133 921 1247 982 obiecti-

201 1023 269 1068 ram
283 1009 384 1069 mnndi
395 1009 554 1069 medatem
562 1008 673 1070 radone
681 1007 778 1083 aliqua
790 1007 1018 1081 adfirmabimus,
1030 1022 1088 1067 non
1103 1006 1248 1083 quodipsa

201 1099 285 1168 egeat
304 1094 494 1156 demonstrari
508 1095 517 1170 (
525 1093 667 1170 duritiem
681 1095 714 1154 in
731 1093 818 1154 rebus
830 1109 882 1170 per
895 1109 926 1154 se
940 1093 1031 1167 notis,
1051 1103 1102 1153 seu
1120 1092 1151 1152 in
1163 1093 1246 1152 factis

201 1178 367 1241 immediate
387 1180 527 1257 perceptis
540 1179 718 1256 reponitur),
739 1180 790 1240 sed
804 1180 871 1256 qula
886 1180 923 1239 ad
935 1179 1096 1255 pertineres
1115 1177 1245 1238 honunas

200 1267 394 1341 coarguendos
402 1266 572 1342 quandoque
582 1273 774 1342 opportunum
787 1273 831 1328 cst
840 1282 875 1327 ea
888 1266 974 1327 etiam
988 1264 1184 1327 ratiocinando
1193 1262 1244 1324 de·

202 1351 326 1426 clarere,
343 1368 417 1427 qnae
430 1368 483 1428 per
496 1368 528 1412 se
540 1353 786 1414 ratiocinationem
796 1365 857 1412 non
869 1352 999 1428 exigunt.

305 1524 417 1585 Goatrc
429 1524 581 1584 idcctiam
595 1523 751 1585 acistootic
763 1539 922 1601 corporum
932 1531 1154 1600 propugnator.

239 1695 266 1753 3.
283 1694 430 1754 ldealistae
440 1694 600 1770 largiuntur
612 1695 887 1772 repraesentationes
896 1694 980 1755 nobis
994 1695 1156 1769 observari,
1173 1709 1247 1769 quae

203 1778 289 1839 nebu
297 1795 417 1854 corpora
426 1785 574 1856 tamquam
582 1797 649 1842 vere
658 1781 802 1841 exstantia
815 1782 951 1841 referunt.
967 1782 1074 1841 Harum
1082 1795 1246 1856 repraesen-

204 1864 344 1924 tationum
365 1865 461 1940 aliqua
483 1872 559 1926 certe
579 1867 651 1926 ratio
669 1866 815 1926 miliciano
833 1866 1005 1940 assignanda
1025 1871 1078 1926 est.
1099 1866 1247 1926 Percontor

205 1947 293 2020 igitur
313 1963 351 2008 ex
364 1949 449 2025 ipsis:
470 1950 629 2026 sicorpora
647 1951 727 2011 nulla
740 1955 821 2026 sunt,
836 1966 978 2026 quaenam
993 1951 1047 2010 erit
1061 1965 1160 2010 earum
1173 1950 1246 2010 ratio

206 2031 372 2092 sufficiens?
389 2035 450 2094 lton
463 2035 520 2095 alia
532 2036 668 2111 profecto,
684 2037 741 2096 nisi
755 2041 805 2096 aut
818 2037 909 2112 ipsius
919 2036 1008 2096 animi
1022 2037 1121 2096 innata
1135 2033 1246 2096 contor-

204 2118 302 2193 matio,
319 2125 369 2179 aut
381 2119 472 2181 libera
485 2121 635 2197 voluntas,
655 2127 705 2182 aut
718 2123 831 2183 divinam
852 2122 990 2182 influxus.
1006 2121 1081 2198 Quod
1104 2121 1129 2180 si
1143 2120 1246 2180 harum

204 2203 292 2261 trium
305 2210 457 2265 causarum
470 2205 550 2266 nulla
562 2206 670 2267 miteet
677 2206 832 2282 prudenter
842 2209 1039 2282 phaenomena
1048 2205 1090 2265 illi
1099 2205 1244 2280 explican-

203 2286 241 2348 do
254 2289 345 2364 aptari
359 2295 460 2366 potest,
475 2291 619 2367 reliquum
632 2293 687 2352 erit
700 2297 732 2352 ut
745 2292 1047 2368 repraesentationum,
1060 2305 1133 2366 quae
1148 2305 1246 2365 corpo

201 2387 236 2432 ra
248 2374 331 2435 nobis
349 2375 501 2452 obiiciunt,
520 2377 594 2437 ratio
608 2377 755 2437 sufficiens
772 2378 803 2437 in
823 2378 886 2452 ipsa
904 2391 1054 2452 corporum
1074 2375 1203 2435 realitate
1217 2381 1246 2435 et

202 2461 365 2534 praesentia
377 2462 540 2522 collocetur.
555 2463 670 2524 Nullum
682 2462 761 2523 enim
776 2462 853 2522 mind
861 2461 999 2536 effugium
1013 2460 1185 2521 adversariis
1198 2475 1246 2534 pa-

202 2551 251 2609 tet.
269 2545 353 2620 Atqui
370 2545 411 2605 ita
425 2551 484 2621 est,
499 2546 633 2607 videlicet
646 2546 726 2606 nulla
741 2561 778 2606 ex
796 2545 887 2606 trihus
901 2545 959 2606 illis
973 2545 1068 2606 causis
1082 2545 1154 2604 ratio
1168 2545 1246 2604 sulli-

200 2628 280 2688 ciens
296 2629 470 2704 phenomeni
483 2631 569 2691 huius
586 2647 649 2691 esse
663 2635 764 2705 potest.
780 2630 852 2705 Ergo
867 2635 968 2706 quarta
981 2645 1084 2705 causa,
1102 2644 1189 2704 qnam
1202 2629 1246 2688 in·

201 2712 335 2789 nnimus,
350 2713 436 2788 deligi
450 2713 547 2790 debet,
564 2720 650 2790 atque
659 2715 723 2775 ideo
736 2714 822 2774 realis
836 2713 988 2775 existentia
996 2729 1147 2789 corporum
1161 2713 1244 2772 indn-

199 2795 249 2856 hia
263 2804 314 2858 est.
331 2798 462 2874 stegnas
476 2801 614 2876 assumpti
627 2805 722 2876 partes
737 2800 946 2860 collustremns.

234 2882 273 2942 lc
292 2883 432 2957 primum,
447 2900 507 2945 non
520 2891 612 2960 potest
629 2901 718 2945 eausa
738 2884 853 2944 illarum
874 2885 1167 2960 repraesentationum
1180 2897 1243 2944 esse

199 2967 262 3042 ipse
273 2967 363 3027 animi
375 2970 572 3030 conformatio.
583 2971 653 3031 liam
663 2971 777 3030 animus
791 2977 835 3031 cst
849 2969 986 3046 simplex,
998 2969 1087 3029 immo
1101 2985 1152 3044 per
1167 2969 1243 3028 idea-

199 3051 280 3112 iistas
293 3051 366 3112 nulli
379 3053 491 3129 corpori
505 3054 687 3114 coniunctis:
704 3069 795 3129 secus,
812 3055 837 3114 si
850 3053 1024 3114 eontrarium
1039 3051 1174 3126 dicerent,
1184 3053 1243 3111 iam

200 3153 318 3212 corpora
338 3145 451 3198 exstare
473 3141 669 3201 concederent.
690 3141 724 3200 lt
738 3155 804 3200 vero
819 3139 977 3200 adstantia
999 3139 1122 3213 simplex
1141 3153 1193 3213 per
1212 3152 1243 3196 se

199 3223 313 3283 nonnisi
327 3222 365 3300 ad
378 3223 520 3298 simplicia
533 3224 589 3286 sibi
603 3225 844 3300 repraesentanda
853 3224 997 3284 incitatur.
1015 3223 1091 3292 Quae
1105 3223 1184 3282 enim
1196 3237 1243 3282 co-

199 3308 295 3383 gnatio
309 3314 359 3368 aut
372 3309 570 3370 convenientia
583 3308 659 3369 inter
671 3324 782 3369 meram
798 3309 1008 3384 simplicitatem
1026 3313 1054 3369 et
1067 3308 1241 3368 determine·

200 3393 306 3452 tionem
320 3393 358 3452 ed
371 3393 527 3468 composita
539 3408 591 3468 per
604 3393 683 3453 ideas
692 3393 853 3453 simulanda
867 3394 937 3467 fingi
947 3394 1059 3474 potest‘l
1068 3392 1242 3453 determina-

199 3477 239 3536 tio
253 3478 277 3536 si
291 3493 329 3537 ex
337 3483 455 3538 natirae
469 3478 589 3551 emergit
601 3477 783 3552 necessitate,
794 3477 864 3552 quin
879 3477 1006 3538 influxus
1020 3477 1095 3538 nllus
1109 3476 1242 3537 adveniat

114 3627 118 3635 ,
198 3561 393 3638 extrinsecus,
408 3563 583 3638 respondens
595 3577 658 3623 esse
671 3563 757 3622 debet
771 3563 898 3623 subiecto
918 3563 950 3623 in
968 3579 1024 3639 quo
1038 3563 1198 3624 innascitur
1212 3567 1242 3621 et

198 3659 302 3705 cauma
315 3647 391 3708 unde
398 3647 595 3722 proficiscitur.
611 3648 643 3706 ln
657 3647 801 3722 praesenti
815 3652 910 3708 antem
925 3648 1085 3710 subiectum
1100 3645 1240 3708 eiusmodi

197 3735 226 3793 et
239 3744 327 3790 cause
339 3745 398 3792 non
416 3736 492 3793 esset
505 3731 597 3806 aliud,
621 3732 679 3794 nisi
693 3731 807 3794 ammas
820 3732 937 3796 omnino
952 3732 1086 3809 simplex,
1102 3731 1167 3796 sine
1180 3731 1240 3792 ullo

244 3913 511 3968 incrassatae.
626 3889 632 3901 ’

1378 3067 1381 3264 t
