2767 4492
220 345 274 410 nrt
546 305 937 410 unimarncnssmcnus

220 448 296 507 vitae
309 446 450 508 motiones
463 448 591 522 ineptum
605 447 746 522 redditum
762 447 872 507 ratione
885 447 948 523 pari
960 447 1143 507 inferendum
1155 447 1270 510 ridetur

221 537 253 591 ut
266 533 378 608 corpori
392 543 449 592 non
465 539 549 592 antea
563 532 719 606 copuletur,
735 547 824 607 quam
832 534 862 593 ld
876 535 913 592 ad
926 534 1002 592 ritae
1015 534 1176 595 fonctiones
1187 543 1271 596 exer·

222 618 326 678 modas
341 619 585 678 accommodatum
599 617 731 678 evaserit.

626 789 796 847 tnnrconos
811 787 854 848 lv.

472 954 511 1017 De
524 955 622 1017 ononi
637 957 767 1018 hcomni
779 958 1015 1018 honmtotttote.

258 1127 320 1188 tot.
331 1128 427 1203 Inepte
437 1131 614 1188 commentus
629 1127 794 1201 esthmald,
806 1129 930 1188 canesio
942 1127 1042 1188 deberi
1052 1129 1179 1204 primum
1190 1130 1268 1204 quod

221 1213 382 1272 animonmt
402 1212 599 1274 lmmortalitas
619 1212 708 1271 solide
723 1213 843 1287 pmltata
856 1213 902 1271 slt.
921 1212 1013 1281 Quare
1031 1213 1113 1271 illnm
1128 1212 1266 1272 dininihns

222 1298 257 1356 ad
273 1313 325 1356 nos
340 1297 509 1356 erudiendos
524 1297 645 1355 missum
658 1297 747 1356 fnisse
761 1299 810 1356 ait.
826 1298 930 1356 Verum
945 1297 1138 1357 assentatione
1152 1297 1207 1355 hac
1220 1298 1266 1355 ni·

222 1381 368 1456 hilmegis
391 1381 544 1440 ridiculum
560 1381 629 1455 tingi
645 1387 763 1454 poterat.
791 1381 919 1456 Etenim,
937 1391 971 1441 nt
985 1381 1081 1456 opinio
1099 1381 1266 1440 immortali·

222 1467 288 1525 tatis
311 1467 472 1526 animorum
493 1481 551 1525 una
574 1481 640 1525 cum
665 1467 791 1526 hnmano
813 1481 919 1540 genere
941 1465 1126 1539 inveterarit3
1142 1465 1183 1524 sir
1201 1465 1264 1524 eins

127 1560 130 1563 ’
220 1551 473 1611 demonstrationes
497 1551 608 1610 validae
628 1551 664 1610 ah
688 1553 750 1625 ipso
771 1558 835 1610 ortu
856 1550 1053 1625 philosophiae
1079 1549 1264 1625 derivantur,

217 1637 457 1710 quemadmodum
471 1640 600 1695 veterum
621 1638 727 1710 scripta
744 1637 884 1696 volutanti
906 1636 1090 1710 perspicuum
1105 1639 1157 1694 est.
1174 1635 1265 1694 lnstar

216 1721 347 1780 omnium
363 1722 399 1780 sit
408 1721 522 1780 divinus
537 1721 621 1794 Plato,
638 1722 687 1795 qni
701 1736 787 1795 saepe
801 1721 833 1780 in
847 1721 908 1780 suis
921 1720 1059 1794 dialogis,
1074 1721 1105 1778 ln
1115 1719 1265 1778 Phaedone

217 1805 394 1880 praesertim,
412 1809 579 1879 argumenta
593 1805 785 1878 pulcherrima
803 1821 854 1881 pro
875 1805 1088 1864 immortalitate
1102 1805 1266 1862 animomm

217 1889 340 1947 adducit.
357 1889 385 1947 Si
400 1889 468 1963 qnid
483 1889 537 1948 hac
554 1889 584 1948 ln
599 1903 630 1948 re
645 1890 768 1950 llartesio
784 1891 968 1948 tribuendum
985 1895 1042 1958 est,
1056 1889 1085 1947 id
1101 1888 1137 1945 ad
1157 1887 1262 1945 rerita·

218 1973 255 2032 tis
274 1973 359 2032 holus
378 1973 627 2048 perturbationem
645 1975 739 2049 potius
760 1976 893 2049 pertinet.
917 1973 943 2034 ls
962 1975 1040 2033 enim
1063 1971 1264 2048 spiritualitate

218 2070 285 2117 enm
299 2058 478 2132 simplicitnte
491 2060 609 2118 conlnsa
623 2059 815 2119 immortalem
830 2075 892 2119 esse
912 2060 1042 2118 animum
1056 2073 1094 2117 ex
1113 2073 1147 2117 eo
1166 2071 1264 2117 conse·

218 2143 267 2216 qui
282 2144 380 2201 statuit
396 2143 471 2217 qnod
485 2144 609 2217 simplex
623 2150 726 2203 natura
741 2150 825 2204 esset.
843 2145 935 2213 onore
950 2159 987 2202 ne
1004 2143 1152 2202 brutomm
1173 2141 1261 2200 etlam

112 2261 123 2286 .
218 2227 379 2300 animabus,
396 2241 469 2302 quae
483 2235 559 2287 certe
573 2229 718 2303 simplices
731 2235 811 2303 sunt,
827 2229 1071 2288 immortalitatem
1093 2225 1261 2300 largireturj,

217 2323 267 2369 eas
279 2311 315 2370 dc
329 2311 423 2372 medio
438 2313 562 2371 sustulit.
579 2313 683 2372 Vemm
698 2313 813 2372 omissis
828 2315 873 2372 his
887 2314 992 2386 nugis,
1007 2313 1118 2371 adrem
1134 2315 1261 2370 notham

217 2395 376 2454 veniamus.
392 2397 426 2455 tlt
439 2397 536 2454 animo
550 2399 659 2456 constet
674 2397 882 2472 immortalitas,
897 2398 952 2456 tria
966 2397 1050 2471 plane
1064 2395 1259 2470 reqrniruntur:

216 2480 285 2538 ntis
299 2481 357 2539 lato
377 2481 502 2554 corporis
517 2481 554 2540 slt
574 2489 735 2555 superstes,
753 2487 785 2540 ut
803 2493 821 2540 a
839 2497 957 2555 corpore
978 2487 1127 2554 separatos
1150 2479 1209 2537 rita
1222 2477 1262 2537 sit

217 2565 364 2638 furiturus,
381 2569 413 2623 ut
426 2565 462 2624 ab
477 2565 619 2623 elllolente
633 2564 711 2623 nullo
726 2565 878 2625 existentia
888 2581 941 2625 sna
952 2567 1098 2640 spolietm.
1111 2565 1188 2632 Quae
1198 2563 1262 2637 oui·

218 2648 284 2706 dem
298 2648 394 2707 omnia
409 2649 504 2709 animo
518 2649 644 2709 hnmano
658 2657 817 2724 competere
833 2650 976 2724 gradatim
989 2648 1259 2709 demonstrabimus.

628 2819 808 2879 Paonosrnro
823 2817 845 2878 l.

404 2987 529 3048 Animos
543 2987 642 3066 perire
658 2988 772 3063 nequit,
784 2993 925 3064 pereunte
938 2999 1066 3063 corpore.

255 3155 315 3216 lot.
332 3155 393 3216 lion
407 3171 469 3216 esse
485 3157 615 3242 animum
627 3173 692 3216 cnm
708 3173 824 3232 corpore
837 3155 1030 3230 interiturum,
1042 3155 1093 3215 sed
1109 3154 1174 3214 eins
1186 3153 1262 3213 soln-

217 3241 287 3300 tloni
306 3241 485 3315 superstitem
500 3242 568 3315 fore,
587 3241 733 3300 evidenter
746 3241 891 3301 derivatur
906 3256 943 3300 ex
956 3241 1008 3314 iis,
1029 3253 1103 3314 qnae
1117 3253 1168 3315 pro
1182 3237 1262 3296 illins

163 3361 166 3374 ·
217 3325 398 3400 simplicitate
413 3333 442 3385 et
455 3327 652 3401 spiritualitate
666 3327 809 3400 disputata
823 3334 898 3386 sunt.
912 3327 1064 3401 Gomuptio
1080 3325 1157 3386 enim
1167 3321 1263 3396 dupli·

216 3409 243 3468 ci
258 3415 349 3484 potest
361 3411 470 3469 ratione
485 3411 658 3484 contingere.
676 3411 811 3485 Primum,
827 3412 851 3470 si
866 3410 974 3484 aliquid
987 3426 1038 3484 per
1048 3425 1079 3469 se
1099 3421 1263 3479 corrumpa-

217 3498 263 3552 tur
277 3499 305 3552 et
318 3497 452 3569 intereat3
474 3493 577 3554 deinde
597 3495 621 3553 si
637 3495 750 3570 aliquo,
769 3511 807 3554 ex
822 3512 878 3570 qno
900 3495 1020 3570 pendet,
1037 3495 1211 3565 intereuntel,
1228 3505 1262 3550 eo

216 3571 362 3652 perempto
377 3585 405 3638 et
418 3579 571 3654 dissoluto,
588 3578 675 3639 veluti
690 3582 890 3640 consecutione
905 3581 1028 3654 quadam
1047 3577 1202 3638 existentia
1221 3575 1264 3634 ni·

216 3657 328 3719 duehu.
344 3661 378 3721 lt
391 3674 459 3722 nero
474 3669 576 3722 neuim
590 3666 727 3738 pereundi
741 3666 843 3724 modus
857 3664 954 3723 animo
969 3679 1125 3738 congruere
1140 3662 1241 3736 potest.

252 3743 322 3803 Nam
335 3745 371 3806 ad
384 3748 559 3822 superiorem
574 3751 649 3823 qnod
665 3749 775 3822 attinet,
788 3749 814 3807 is
828 3764 865 3807 ne
881 3751 1028 3826 contingat
1037 3763 1076 3808 ex
1089 3745 1180 3806 animi
1195 3744 1263 3803 sim

216 3825 344 3904 plicitate
363 3837 484 3892 vetatur.
501 3831 666 3892 Huiusmodi
685 3833 763 3891 enim
782 3835 924 3910 cormptio
938 3841 967 3894 et
988 3848 1065 3894 mors
1085 3833 1122 3892 ils
1142 3829 1261 3903 accidit,

217 3923 302 3986 qnae,
318 3927 385 3977 cum
397 3917 528 3992 padum
541 3917 702 3980 coalescant
714 3931 870 3995 eoumque
880 3921 996 3995 rigearu
1008 3917 1166 3992 iunctione,
1178 3927 1263 3989 sepa·
