2767 4492
515 335 594 382 rums
612 332 754 385 urrunnu
1102 315 1152 391 iil

148 418 226 488 Qtrod
241 419 265 477 si
279 419 418 478 sententia
431 420 496 491 illa,
513 422 681 497 sibimetipsi
697 424 882 499 dissentiens,
908 422 984 487 civili
1003 431 1151 503 potestati,

112 510 225 579 pmcter
242 505 422 564 concordiam
446 518 562 565 mutuae
583 509 730 581 libertatis,
753 510 800 569 ius
819 510 918 570 tribuit
938 513 1152 587 praescribendi

113 590 169 649 elia
183 591 259 649 buna
279 606 420 650 concursu
442 592 619 662 singulorum
642 594 748 651 citium
768 595 937 669 obtinenda;
956 598 1038 657 facile
1057 600 1092 657 ad
1107 601 1155 657 de-

112 675 280 750 spotismum
294 677 425 735 adducet.
447 677 506 734 Nou
520 679 599 735 enim
613 694 746 736 normam
769 680 858 737 ullam
873 682 991 753 praebet
1004 688 1032 741 et
1046 684 1153 743 limites

112 777 129 819 a
143 762 202 819 line
216 762 388 835 desumptas,
401 763 449 821 sed
466 764 582 822 contuso
597 771 626 822 et
638 765 856 824 indeterminate
872 766 1031 826 libertatem
1042 770 1154 829 lmrmo-

111 848 176 905 nice
200 848 386 905 coercendum
412 847 500 905 iubet.
526 849 617 915 tiuare
641 866 742 908 ausam
761 851 810 909 dat
834 852 911 910 cirili
935 853 1096 912 auctoritati
1122 866 1155 913 uc

111 934 207 991 omnia
223 949 253 991 se
269 948 349 1006 posse
364 932 527 1004 arbitretur,
544 941 617 993 etse
633 938 773 995 rationem
784 936 919 996 socialem
931 938 1086 1011 opponens,
1100 955 1156 997 att-

112 1023 252 1077 tonorruut'
265 1019 381 1077 omnino
397 1018 490 1088 sarciat,
508 1020 667 1078 imitatione
681 1021 801 1080 rationis
812 1022 1007 1094 individualis,
1027 1038 1099 1096 quuo
1110 1024 1154 1083 iu-

110 1111 161 1161 xta
175 1103 308 1161 bantium
322 1103 436 1160 nonnisi
456 1103 625 1176 sibimetipsi
645 1105 805 1164 auscultare
821 1113 849 1164 et
864 1106 979 1164 obedire
996 1114 1118 1165 tenetur.

144 1187 231 1247 Prob.
250 1186 304 1243 lll.
321 1186 534 1245 caementariis
552 1205 628 1262 praec
649 1198 879 1264 cotascpeuntum
893 1191 1018 1249 Primum
1034 1191 1152 1251 corolla·

109 1273 184 1331 rium
200 1278 243 1330 est
257 1270 387 1329 interitus
404 1272 487 1331 totius
501 1273 668 1332 moralitatis
684 1275 824 1346 publicae.
842 1276 920 1347 bont,
939 1290 1005 1333 carm
1021 1291 1152 1351 quaeque

109 1362 259 1430 praecepta
273 1355 402 1422 iuridica,
415 1357 491 1414 circa
505 1372 580 1430 quae
596 1358 703 1417 coactio
720 1366 896 1432 exerceatur,
914 1375 972 1417 uon
990 1360 1106 1421 aliunde
1123 1362 1154 1421 iu

109 1443 163 1499 bac
184 1438 333 1514 bypotbesi
355 1440 527 1513 deriventur,
547 1442 656 1501 nisiex
679 1444 820 1517 priucipio
837 1445 1055 1517 coruistontiae,
1079 1445 1153 1505 nibil

109 1525 201 1584 ciuilis
224 1532 346 1599 potestas
370 1526 520 1599 probibere
534 1528 637 1599 poterit
651 1544 688 1586 ex
704 1530 739 1586 iis
754 1528 849 1600 robur,
873 1544 946 1601 qaaere
969 1530 1008 1587 itu
1027 1530 1151 1589 libertati

108 1612 194 1670 unius
207 1611 313 1681 invent
327 1617 360 1669 ut
373 1610 490 1669 alterius
505 1611 629 1671 libertati
643 1629 702 1671 non
718 1622 847 1673 noceant.
864 1614 936 1672 ilinc
959 1630 1052 1687 neque
1068 1614 1152 1673 suici-

108 1696 198 1769 dium,
213 1710 307 1769 uenite
320 1694 524 1768 blasphemiae,
541 1712 636 1770 neque
646 1698 804 1771 sacrilegia,
815 1714 914 1771 ,neque
925 1699 1058 1772 pubblina
1068 1714 1151 1759 scau·

108 1780 172 1840 dala
189 1780 364 1854 pmbibebit3
380 1786 408 1839 et
423 1780 569 1853 pactiones
583 1788 740 1857 utcumque
753 1791 860 1856 turpes,
876 1785 960 1841 modo
976 1784 1151 1845 fiautmutuo

106 1880 248 1924 consensu
262 1866 396 1938 partium,
414 1865 556 1938 permittet
568 1872 714 1941 tamquam
726 1868 846 1926 iuridice
862 1867 1073 1941 indifferentem
1087 1884 1149 1942 pro-

105 1956 203 2024 pterea
224 1950 299 2023 quod
313 1949 473 2007 libertatem
497 1952 726 2009 contrabentium
745 1952 864 2011 minime
879 1953 1005 2012 laedunt.
1032 1954 1065 2011 ut
1079 1969 1148 2012 sane

105 2034 306 2107 rationalietae,
317 2034 367 2108 qui
377 2035 519 2093 seueritati
529 2035 649 2108 Logicae
665 2037 794 2095 tenacius
810 2037 977 2111 adbaerent,
995 2044 1090 2111 aperte
1105 2038 1146 2097 ia·

107 2123 202 2177 teutur
221 2121 386 2178 societatem
409 2134 467 2176 non
482 2133 564 2191 posse
589 2120 648 2177 suis
663 2119 774 2194 legibus
795 2136 888 2195 uentre
908 2123 1038 2195 rlivortiu,
1055 2138 1149 2197 neque

105 2203 305 2277 potpgamtam,
322 2217 415 2275 neque
431 2201 555 2259 incestus
570 2204 707 2262 damnare
722 2211 771 2263 aut
786 2207 897 2279 punire,
908 2208 991 2265 modo
1007 2222 1044 2265 ox
1059 2206 1149 2267 libero

107 2302 247 2345 consensu
263 2286 405 2357 oriantur,
422 2285 563 2357 siquidem
578 2286 659 2345 iuxta
673 2288 846 2347 Kautianum
862 2290 1033 2364 principium
1050 2293 1151 2366 nequit

106 2370 149 2428 ris
163 2377 281 2429 externa
296 2369 424 2428 adbiberi
439 2375 537 2428 contra
551 2384 637 2428 usum
652 2371 734 2429 illum
749 2370 898 2447 libertatis,
916 2376 964 2446 qui
980 2376 1097 2434 alterius
1113 2376 1146 2435 li·

105 2454 207 2514 bertuti
223 2470 281 2513 uon
297 2454 428 2513 detrahit.

141 2540 223 2599 blind
237 2539 416 2599 corollarium
440 2545 483 2599 cst
496 2540 608 2615 integra
632 2540 773 2615 separatio
797 2540 940 2600 societatis
961 2542 1092 2615 politicae
1112 2544 1149 2601 ab

106 2626 239 2697 Ecclesia,
257 2641 330 2699 qrrac
344 2632 427 2683 extro
441 2626 581 2683 ambitum
604 2627 676 2685 iuris
690 2628 805 2697 evagari
820 2626 941 2699 cogitur,
959 2632 1055 2699 utpote
1075 2640 1149 2699 quae

106 2712 275 2785 aprincipio
290 2711 492 2769 coexistentine
506 2726 564 2769 non
588 2717 723 2782 emergat.
741 2712 829 2769 immo
844 2712 879 2768 ad
894 2711 939 2769 ius
961 2710 1064 2769 sociale
1088 2726 1150 2783 per·
1241 2743 1244 2749 ·

108 2797 208 2856 tinebit
223 2797 477 2855 iudiffcrentismus
487 2797 634 2867 religiosus
644 2803 672 2855 et
684 2798 840 2856 albeismus
850 2798 995 2871 politicum
1010 2796 1152 2869 siquidem

105 2896 163 2940 non
175 2882 237 2954 plue
251 2882 421 2939 coarctanda
436 2881 552 2939 libertas
567 2890 619 2954 est,
636 2898 723 2956 qrram
738 2883 891 2955 requiritur
907 2890 937 2939 ut
953 2882 1068 2940 libertas
1083 2882 1150 2939 alio-

105 2980 171 3024 rum
187 2981 242 3023 uon
257 2966 412 3036 adimatur3
429 2964 516 3023 iussio
531 2972 626 3023 autern
645 2967 734 3025 unius
749 2967 842 3025 cultus
863 2968 1020 3041 praelatam
1035 2980 1151 3025 mensu·

104 3050 302 3109 ramexcedit.
664 3098 669 3109 ,

140 3136 273 3210 Tandem,
290 3152 327 3195 ue
347 3136 431 3211 plura
445 3149 618 3210 persequar,
643 3136 817 3211 gubernium
832 3154 865 3197 eo
881 3137 945 3213 plus
968 3137 1095 3197 tenderet
1113 3136 1151 3196 ad

104 3220 266 3293 interitum,
284 3236 339 3295 qun
354 3222 445 3295 magis
461 3222 537 3280 circs
552 3223 583 3279 in
598 3223 744 3281 honestate
760 3224 939 3297 proficerent.
965 3224 1035 3283 Nam
1049 3222 1152 3295 guber·

105 3306 187 3365 nium
202 3305 284 3363 iuxta
293 3307 365 3366 Kant
376 3315 404 3366 et
413 3307 604 3366 rabunalistas
614 3313 764 3381 propterea
779 3309 861 3366 unice
873 3308 1040 3377 instituitur,
1053 3313 1086 3365 ut
1096 3322 1149 3380 ope

104 3392 257 3451 coactionis
281 3397 416 3451 externae
439 3392 614 3467 principium
629 3394 831 3451 coexistentiae
853 3394 889 3450 ad
910 3400 1003 3450 actum
1019 3392 1146 3450 reducat.

103 3478 205 3551 litque
220 3478 325 3537 arctius
341 3479 472 3537 homiues
487 3478 605 3537 bouesto
627 3478 843 3550 adhaerescunt,
860 3492 893 3536 eo
908 3477 1005 3535 minus
1019 3476 1151 3549 indigent

103 3569 221 3621 externa
233 3561 379 3621 coactione
396 3579 446 3636 pro
462 3561 592 3622 libertate
603 3563 724 3621 aliorum
738 3563 924 3621 observanda.
942 3562 1013 3633 Ergo
1028 3560 1148 3619 ultimus

103 3648 241 3707 terminus
256 3648 340 3707 buius
355 3648 572 3722 progressionis,
589 3649 637 3720 epu
652 3647 753 3706 saltem
764 3646 951 3720 utonemplar
965 3645 1143 3720 proponitur,

101 3738 144 3789 est
166 3734 266 3791 desitio
290 3734 453 3793 omnimoda
471 3733 620 3805 regiminis
643 3733 772 3805 socialis,
791 3732 927 3790 uitarirum
944 3730 1089 3789 nuarcbia.
1112 3731 1145 3788 llt

102 3818 236 3888 quoniam
251 3835 381 3893 quaeque
395 3834 443 3877 res
458 3818 493 3876 ad
516 3818 562 3876 eui
576 3816 820 3875 conservationem
837 3816 863 3874 vi
887 3823 1005 3875 naturae
1021 3816 1141 3889 impelli-

101 3905 161 3975 tur;
178 3902 292 3975 politica
303 3904 464 3977 auctoritas,
481 3907 514 3963 ut
529 3919 559 3963 se
576 3909 696 3977 tueatur,
708 3902 824 3965 deberet
833 3902 946 3964 assidue
957 3916 1139 3978 progressum
