2767 4492
579 323 789 378 unumnustua
805 323 970 374 cmmuffls

637 502 846 562 buricunus
867 495 904 552 ll.

686 669 726 728 De
738 668 863 726 unitate.

288 850 315 910 5.
331 849 427 914 linitas
441 845 555 906 deliniri
567 848 660 917 potest
673 839 808 900 carentis
821 835 983 906 utrumuis,
1000 833 1135 894 seunctio
1149 833 1208 893 enti
1223 835 1302 893 attri-

251 935 330 1007 buta,
342 937 483 1007 quatenus
491 931 522 988 in
532 930 624 1004 plura,
640 942 715 1001 quae
728 924 852 983 divisum
863 920 1056 994 aequiparent,
1067 918 1155 978 dividi
1164 923 1298 992 nequeat.

253 1018 387 1087 Quamvis
406 1031 474 1074 vero
497 1014 584 1073 rebus
602 1009 780 1085 simplicibus
793 1006 907 1082 proprie
921 1003 1095 1074 conveniat,
1122 1007 1218 1062 tamen
1241 1002 1299 1061 lato

140 1092 142 1097 ’
252 1118 339 1163 sensu
353 1103 441 1161 etiam
454 1098 617 1173 compositis
632 1093 775 1168 competit.
793 1092 867 1150 Hace
882 1103 959 1148 enim
973 1089 1039 1146 licet
1060 1087 1191 1145 divisioni
1206 1087 1301 1146 subie-

253 1192 346 1259 ceant,
363 1191 458 1244 tamen
471 1182 560 1243 dividi
572 1184 719 1254 nequeunt
732 1178 763 1236 11
777 1176 859 1250 plura
881 1188 954 1248 quae
969 1172 1097 1231 eiusdem
1110 1169 1228 1230 rationis
1244 1171 1302 1229 sint

254 1287 288 1331 ac
298 1276 387 1332 totum
401 1269 478 1343 quod
491 1266 635 1326 dividitur.
652 1263 697 1321 811
712 1261 777 1320 1111
791 1276 837 1319 11.
854 1274 897 1332 gr.
915 1257 1024 1316 unitate
1040 1255 1151 1327 fruitur,
1162 1255 1302 1327 quialicet

254 1355 341 1414 dividi
355 1354 443 1428 possit
458 1354 489 1410 in
506 1350 644 1425 parietes,
658 1346 871 1421 pavimentum,
889 1341 1076 1414 testudinem3
1093 1339 1139 1397 val
1152 1339 1255 1411 etiam,
1277 1339 1302 1397 si

253 1439 345 1510 lubet,
361 1437 393 1495 in
407 1437 464 1494 alia
478 1435 641 1508 angustiora
656 1431 817 1490 conclavia:
835 1433 931 1486 111111
945 1425 1066 1500 dispesci
1081 1425 1180 1498 nequit
1193 1424 1225 1481 in
1240 1423 1301 1497 plu-

252 1539 301 1582 res
315 1521 395 1580 aulas
409 1535 483 1594 qnae
498 1518 626 1577 eiusdem
635 1514 830 1588 amplitudinis
845 1513 903 1572 sint
917 1517 1001 1584 atque
1010 1509 1059 1567 illa
1069 1523 1142 1581 quae
1156 1507 1300 1566 dividitur.

174 1647 177 1651 ›
255 1607 300 1665 Sic
314 1606 402 1664 etiam
417 1602 599 1662 individuum
613 1599 758 1673 quodlibet
772 1603 936 1668 estonum,
952 1594 1021 1668 quia
1038 1593 1068 1653 in
1084 1593 1166 1667 plura
1180 1591 1302 1666 discerpi

254 1691 362 1763 nequit.
384 1688 413 1746 Si
428 1688 507 1745 enim
520 1685 552 1743 in
566 1686 649 1759 plura
664 1683 881 1756 discerperetur,
897 1679 1037 1738 individui
1050 1679 1129 1737 notio
1143 1683 1300 1748 corrueret,

256 1774 334 1848 quod
351 1772 458 1830 idcirco
473 1771 528 1828 tale
541 1773 724 1842 nuncupatur
738 1767 807 1840 quia
820 1765 975 1824 indivisum
990 1765 1076 1824 estin
1091 1779 1122 1822 se
1139 1768 1168 1821 et
1181 1762 1303 1820 divisum

257 1873 274 1916 a
288 1856 414 1930 quolibet
424 1855 488 1914 alic.
508 1854 635 1926 inquies:
653 1851 741 1910 dividi
756 1851 784 1908 in
796 1850 878 1924 plura
891 1850 1003 1924 poterit,
1020 1850 1045 1908 si
1054 1849 1182 1923 partibus
1196 1853 1303 1906 consta-

256 1941 301 1999 bit
314 1938 495 2012 inorgenicis,
511 1952 585 2010 quae
599 1936 729 1994 eiusdem
743 1941 865 1993 naturae
879 1935 937 1994 sint
953 1949 986 1992 ac
1001 1938 1101 2008 tolum,
1118 1938 1150 1992 ut
1163 1933 1195 1992 in
1209 1931 1307 2005 lapide

256 2025 302 2083 vel
315 2023 438 2082 metallo.
454 2022 527 2080 ltin
541 2021 595 2080 boc
610 2021 696 2080 etiam
706 2035 776 2079 casu
789 2020 1003 2094 impossibilitas
1018 2019 1174 2090 divisionis,
1191 2017 1305 2091 propria

256 2111 394 2183 cuiusque
407 2108 489 2180 entis,
501 2107 596 2166 locum
604 2106 709 2179 habet;
726 2119 793 2164 nam
808 2111 903 2180 parles
917 2121 991 2179 quae
1004 2119 1056 2179 per
1068 2104 1235 2163 divisionem
1250 2101 1305 2160 dis

256 2195 422 2267 iunguntur,
438 2192 635 2266 magnitudine
649 2191 749 2250 saltem
774 2204 791 2248 a
809 2195 866 2248 tcto
881 2190 1029 2262 dillerunt3
1048 2203 1080 2247 ac
1094 2188 1212 2263 proinde
1231 2201 1305 2246 nova

197 2312 201 2318 ·
257 2282 341 2336 erunt
362 2276 509 2335 individua
532 2276 662 2335 diversae
680 2274 799 2334 rationis
818 2274 854 2333 ab
873 2273 1039 2348 individuo,
1065 2273 1140 2347 quod
1158 2278 1223 2332 ante
1241 2287 1304 2345 pro·

235 2398 244 2410 ,
256 2368 319 2436 pter
332 2377 431 2420 sanim
447 2361 723 2434 coagmentationem
737 2359 918 2432 exsurgebat.
944 2359 1132 2428 Quamobrem
1152 2362 1228 2415 recte
1242 2357 1306 2415 uni-

259 2453 301 2506 tas
324 2448 355 2504 11
378 2447 502 2518 quadam
521 2445 747 2504 indivisibilitate
762 2443 908 2516 consistit,
929 2459 1036 2518 perque
1054 2459 1118 2502 eam
1135 2442 1305 2501 111111111-

257 2529 396 2603 plicatur.'

294 2615 352 2671 Nec
365 2629 432 2671 vero
447 2615 515 2688 quia
535 2615 631 2672 unitas
648 2629 701 2688 per
716 2615 871 2672 1111111111
884 2617 1050 2687 negantem,
1070 2613 1209 2672 nimirum
1227 2611 1306 2670 indi-

259 2697 466 2770 visibilitatem,
483 2699 663 2773 exprimitur,
673 2697 705 2756 11
715 2712 795 2756 mera
805 2699 956 2771 negatione
967 2698 1034 2771 poni
1044 2697 1169 2772 putanda
1178 2700 1230 2756 est.
1242 2697 1306 2756 See

258 2796 295 2855 pe
308 2782 386 2840 enirn
400 2784 541 2856 usuvenit,
558 2789 590 2842 ut
603 2797 673 2841 voce
687 2797 740 2842 nos
755 2787 877 2857 negante
891 2787 1006 2842 utamur
1021 2783 1056 2840 ad
1069 2783 1193 2856 aliquam
1207 2781 1304 2856 positi-

259 2881 326 2924 vam
340 2867 545 2940 perlectionem
559 2867 789 2942 significandam,
802 2869 849 2926 cui
864 2867 977 2941 negatio
986 2867 1209 2942 imperfectionis
1219 2866 1306 2925 alicu-

260 2951 306 3008 ius
319 2951 431 3009 adnexa
445 2951 491 3009 sit.
507 2952 634 3010 8111111
650 2953 780 3011 animum
794 2952 1013 3011 immaterialem
1029 2953 1167 3023 dicimus,
1183 2957 1307 3024 negante

258 3035 312 3092 boc
326 3036 464 3093 vccsbulo
477 3036 627 3109 positivam
643 3037 732 3095 animi
747 3037 951 3111 perlectionem
967 3037 1122 3103 innuimus,
1139 3051 1176 3095 11
1191 3050 1249 3109 qua
1263 3049 1305 3094 re-

260 3119 346 3176 sultat
363 3124 396 3177 ut
414 3121 565 3178 materiam
583 3136 699 3179 omnem
722 3122 865 3181 excludat.
886 3122 963 3180 ldem
977 3123 1007 3179 11
1029 3121 1171 3194 praesenti
1193 3121 1303 3179 incidit.

260 3203 356 3261 Unites
370 3205 457 3276 enim,
474 3220 547 3277 quac
561 3218 613 3278 per
626 3204 895 3287 indivisibilitatem
910 3206 1071 3280 exponitur,
1089 3206 1180 3279 ipsam
1196 3206 1239 3263 rei
1251 3215 1305 3263 'en-

261 3285 371 3344 titatem
385 3302 437 3345 seu
454 3289 658 3361 perlectionem
671 3289 822 3363 importat,
838 3295 979 3364 quatenus
997 3291 1069 3349 baec
1084 3290 1218 3350 diusioni
1233 3303 1306 3364 quac

260 3369 437 3444 imperiectio
451 3373 592 3445 quaedam
606 3378 658 3446 est,
675 3388 734 3432 non
749 3374 889 3432 subditur.

298 3457 324 3514 o.
341 3455 383 3513 lix
404 3455 522 3514 unitatis
542 3456 710 3516 delinitione
731 3459 915 3532 consequitur
928 3463 969 3518 tot
981 3460 1100 3534 reperiri
1119 3461 1228 3534 species
1243 3461 1307 3519 uni·

264 3539 344 3611 tutis,
361 3546 430 3613 quot
444 3547 558 3599 exstant
570 3541 806 3600 indivisibilitatis
821 3543 931 3617 species
945 3544 1017 3603 aliae
1032 3545 1096 3604 eliis
1111 3545 1303 3619 perfectiores.

298 3623 381 3680 Porro
395 3639 508 3682 summa
521 3625 744 3699 indvisibilitus,
761 3631 846 3701 atque
859 3627 922 3688 ideo
936 3629 1145 3703 perfectissima
1154 3630 1260 3702 unitae,
1273 3645 1308 3688 ea

263 3710 319 3777 est,
335 3720 387 3778 per
401 3721 486 3778 qnam
506 3708 615 3782 aliquid
629 3709 670 3767 ita
684 3714 728 3768 est
741 3725 845 3786 unum,
860 3717 894 3770 ul
906 3728 999 3787 neque
1018 3730 1055 3773 11
1073 3715 1202 3790 partibus
1217 3713 1307 3773 coele

262 3794 336 3884 scat,
350 3804 442 3882 neque
457 3807 523 3863 pars
536 3791 623 3852 ullius
639 3795 787 3868 compositi
803 3801 852 3854 aut
865 3797 1025 3857 subiectum
1040 3815 1102 3858 esse
1117 3799 1205 3874 possit
1219 3798 1308 3858 modi·

261 3873 442 3934 ficatrombus
457 3878 646 3952 suscipiendis
661 3879 828 3945 obnoxium.
841 3883 919 3945 lianc
930 3884 1072 3960 appellare
1081 3899 1234 3961 possumus
1243 3883 1307 3944 uni·
