2767 4492
234 274 289 348 tot
677 292 840 339 emarcum

232 384 279 444 sni
302 378 534 440 constitutionem
548 376 680 454 potestati
695 376 774 437 civili
789 392 847 436 non
862 376 1021 437 subiicitur.
1038 378 1128 438 imme
1144 380 1223 438 unta
1238 384 1285 440 est

230 471 291 529 eius
306 464 529 541 independentia
543 480 560 522 a
574 462 676 536 quavis
691 464 858 522 anctoritate
874 478 952 523 mere
963 464 1106 537 humana;
1123 468 1156 525 ut
1169 481 1207 524 ne
1218 466 1286 540 ipsa

229 554 346 629 quidem
368 556 487 626 paterna
511 554 643 624 potestas,
661 562 735 622 quae
750 548 875 607 anterior
890 554 935 607 est
949 554 978 607 et
1000 548 1124 607 divinior
1141 554 1284 623 potestate

230 639 317 711 civili,
334 654 365 697 se
380 634 462 694 aliter
475 636 507 693 in
522 632 737 692 matrimonium
752 632 880 707 ingerere
896 635 993 708 possit,
1005 634 1062 692 nisi
1074 634 1133 693 sela
1148 634 1284 695 directio-

229 742 268 785 ne
282 730 309 783 et
320 721 448 781 consilio,
465 718 543 779 Unde
557 718 683 777 Ecclesia
700 718 760 785 eet,
776 718 807 777 in
832 718 954 777 Concilio
978 719 1141 779 Tridentino
1160 736 1281 795 cengre-

231 816 307 885 gnte,
324 807 444 867 tirmiter
468 805 578 864 obstitit
592 804 697 864 Galliae
710 803 875 879 postulanti,
897 811 929 863 ut
944 804 1019 864 inter
1044 804 1221 866 conditiones
1240 808 1279 867 ad

229 894 405 955 validitatem
428 890 605 951 matrimonii
633 889 786 965 requisitas
818 905 973 951 consensus
997 896 1150 967 parentum
1179 892 1279 953 decer-

229 986 346 1041 ncretur
361 980 386 1038 t.

264 1064 400 1139 lienique,
421 1064 540 1124 societas
560 1062 653 1122 civilis
671 1061 808 1121 subaudit
824 1062 1002 1137 religionem,
1023 1078 1096 1137 quae
1115 1064 1280 1125 essentialis

229 1148 340 1211 homini
355 1154 407 1218 est,
419 1148 450 1207 iu
465 1152 604 1223 quantum
620 1148 771 1207 esthemo.
789 1148 848 1207 lam
863 1162 930 1207 vere
944 1146 1162 1208 matrimonium
1176 1166 1222 1209 res
1237 1154 1282 1209 est

230 1235 379 1309 religiosa3
396 1249 499 1307 nempe
514 1234 550 1291 ad
563 1233 715 1291 relationes
730 1233 890 1307 pertinens,
907 1248 979 1307 quae
994 1232 1068 1293 inter
1083 1234 1174 1293 Deum
1189 1241 1218 1293 et
1232 1236 1282 1295 ire

228 1323 339 1381 minem
353 1318 540 1377 intercedunt.
560 1316 670 1376 Etenim
684 1332 736 1390 per
751 1316 915 1391 coniugium
929 1318 1015 1377 home
1031 1319 1213 1377 constituitur
1228 1320 1280 1379 ltei

230 1406 362 1466 minister
376 1409 404 1462 et
418 1402 639 1462 instrumentum
654 1402 685 1461 in
701 1417 786 1476 opere
801 1418 867 1461 vere
883 1402 988 1476 divine,
1000 1418 1103 1477 nempe
1118 1404 1148 1462 in
1164 1404 1282 1462 creatio·

229 1508 267 1551 ne
282 1490 355 1549 eutis
371 1487 526 1547 rationalis.
538 1487 569 1545 Et
579 1502 657 1559 sane,
667 1486 752 1545 home
767 1502 818 1561 per
828 1486 1043 1545 matrimonium
1053 1488 1177 1547 eiticitur
1192 1504 1281 1548 eausa

230 1582 259 1635 ct
272 1575 446 1651 principium
461 1572 655 1647 productionis
675 1571 792 1630 alterius
811 1572 944 1630 hominis.
965 1572 1039 1630 Haec
1060 1578 1156 1631 entem
1176 1576 1280 1647 predu-

231 1662 287 1720 ctio
302 1659 399 1719 divina
413 1662 456 1716 cst
471 1662 532 1715 tum
550 1657 660 1715 ratione
677 1656 742 1729 sui,
760 1656 827 1728 quia
844 1656 969 1728 exquirit
988 1656 1180 1716 interventum
1196 1675 1281 1732 peen-

229 1745 330 1804 liarem
341 1743 391 1801 liei
405 1747 519 1817 prepter
533 1742 659 1799 enimam
670 1740 849 1814 spiritualem
859 1756 931 1814 quae
943 1740 979 1799 ab
991 1741 1052 1815 ipse
1063 1742 1212 1801 condenda
1222 1749 1277 1815 est;

230 1836 292 1888 tnm
305 1828 415 1886 ratione
431 1825 515 1896 linis,
533 1824 601 1898 quia
615 1825 762 1884 ordinatur
781 1827 817 1883 ad
833 1826 1016 1885 existentiam
1037 1832 1065 1885 et
1079 1828 1281 1888 educationem

229 1910 450 1987 impartiendam
465 1909 605 1969 adoratori
620 1914 648 1968 et
663 1910 845 1983 gleriticatori
861 1912 986 1985 supremi
1002 1912 1141 1987 Numinis
1161 1918 1222 1972 tum
1237 1930 1281 1973 ra-

231 1998 308 2057 tione
322 1993 440 2067 obiecti,
457 1994 525 2067 qnia
539 1993 683 2053 viventem
693 1995 744 2053 Dei
758 1994 913 2069 imaginem
929 1996 1020 2070 gignit
1033 2004 1149 2072 propter
1164 2014 1280 2073 expres·
1375 2032 1376 2041 κ

241 2098 295 2141 :am
311 2079 526 2141 similitudinem
542 2078 702 2138 divinitatis
717 2096 789 2153 uerae
804 2080 834 2138 in
849 2080 964 2139 tremine
979 2082 1121 2156 insculpta
1135 2090 1188 2142 est.
1209 2084 1282 2143 iiiuc

232 2167 308 2241 upud
329 2180 429 2225 omnes
443 2169 541 2237 gentes
564 2163 624 2222 sive
645 2166 736 2223 cultas
755 2164 814 2223 sive
833 2164 990 2237 barbaras,
1008 2167 1224 2227 matrimonium
1238 2171 1282 2228 in·

231 2258 275 2310 ter
288 2250 435 2324 religiosas
450 2248 620 2309 cerimonias
635 2264 749 2323 semper
763 2246 938 2309 celebratum
948 2256 990 2309 est
1000 2256 1027 2309 et
1038 2244 1218 2312 sacerdotnm
1229 2254 1281 2313 mi·

234 2336 362 2394 nisterie.

267 2418 402 2480 Proluit.
415 2421 556 2479 liactenus
572 2419 788 2479 matrimonium
803 2420 1046 2481 consideravimus
1061 2422 1091 2481 in
1105 2422 1205 2482 ordine
1222 2440 1279 2483 me

231 2522 263 2565 re
276 2505 414 2580 naturali;
431 2506 501 2579 quid
514 2520 582 2564 vere
596 2504 751 2563 dicendum
766 2506 799 2575 si,
817 2514 848 2563 ut
863 2505 1035 2566 Christianos
1050 2506 1139 2580 decet,
1157 2508 1236 2567 idem
1250 2511 1281 2569 iu

231 2591 331 2650 ordine
345 2589 556 2664 supernaturali
570 2590 819 2663 contemplemur?
833 2590 1043 2649 Matrimonium
1058 2607 1075 2649 a
1090 2591 1199 2651 Christe
1215 2610 1279 2653 ove·

228 2682 308 2734 ctiam
323 2680 365 2733 est
379 2674 409 2732 iu
424 2672 548 2733 Ecclesia
561 2674 598 2731 ad
614 2671 782 2746 dignitatem
801 2675 982 2733 sacramenti.
1006 2698 1016 2725 ι
1036 2674 1064 2734 Si
1085 2676 1150 2749 puis
1170 2676 1279 2737 dixerit

236 2758 480 2817 «niatrimeninm
495 2772 553 2816 neu
571 2772 634 2816 esse
653 2772 720 2816 vere
741 2762 769 2817 et
783 2758 896 2832 proprie
914 2774 1004 2817 unum
1024 2776 1040 2818 e
1058 2767 1167 2834 septem
1183 2760 1279 2821 Sacra-

235 2868 246 2895 «
266 2844 370 2901 mentis
390 2841 461 2916 legis
474 2842 660 2915 Evangelicae
677 2842 817 2901 adhristo
836 2842 955 2902 Domino
975 2844 1156 2918 institutum,
1174 2846 1224 2905 sed
1244 2847 1280 2906 ab

233 2952 244 2979 t
261 2927 426 2986 hominibus
439 2927 470 2985 in
483 2926 609 2985 Ecclesia
622 2926 786 3001 inventum,
801 2942 894 3002 neqvve
909 2928 1030 3001 gratiam
1046 2930 1191 3003 conterre,
1209 2946 1278 2991 ana·

232 3013 328 3073 tlreeaa
343 3012 380 3072 sit
394 3013 420 3073 2.
435 3032 447 3064 ι
465 3011 547 3086 Atqui
563 3010 755 3086 Sacramenta,
771 3017 870 3090 utpote
884 3028 958 3090 quae
972 3014 1099 3075 maxime
1113 3015 1149 3075 ad
1163 3014 1278 3093 religie-

277 3196 288 3241 l
309 3194 342 3242 En
352 3197 500 3242 sacromnotao
511 3192 652 3241 Tridentinae
663 3194 746 3256 Synovii
758 3194 877 3251 decretum,
892 3210 935 3257 quo
949 3196 1001 3242 licet
1011 3200 1069 3242 velet
1082 3196 1223 3244 matrimonia
1234 3198 1281 3245 sine

230 3288 338 3319 consensu
353 3277 469 3334 parentum
483 3275 611 3333 conducta,
630 3272 702 3317 umen
719 3284 745 3317 en
759 3270 831 3319 valida
846 3286 892 3317 erte
903 3271 981 3317 sancit.
1001 3292 1010 3313 ι
1024 3273 1118 3319 Tametsi
1134 3272 1279 3321 dubitandum

233 3369 242 3392 ι
260 3364 304 3395 nou
321 3348 367 3409 sit,
388 3346 524 3394 clandestina
537 3346 696 3409 matrimonia,
718 3346 787 3393 libero
804 3362 911 3394 consensu
926 3348 1101 3395 contrahentium
1116 3348 1182 3411 iactu,
1198 3354 1246 3396 rata
1260 3355 1280 3395 et

234 3444 243 3468 ι
260 3438 310 3473 vcra
320 3438 366 3469 osse
374 3423 521 3485 matrimonia,
532 3422 637 3485 qaanvdin
648 3423 744 3469 Ecclesia
755 3438 780 3469 ea
790 3423 852 3469 irrita
867 3439 912 3470 neu
926 3424 985 3487 iecit,
999 3424 1092 3487 preinde
1103 3426 1150 3471 iure
1160 3424 1280 3471 damnandi
1369 3458 1370 3479 ,

234 3520 242 3542 ι
260 3504 320 3555 sarrit,
336 3506 361 3545 nt
377 3515 414 3545 eos
428 3505 502 3546 saneta
518 3499 618 3563 synodus
634 3500 771 3547 anathemato
786 3500 884 3563 damnat,
900 3500 972 3565 quien
982 3516 1032 3548 vern
1043 3505 1065 3546 et
1075 3506 1121 3547 rata
1132 3517 1180 3547 esse
1191 3506 1278 3563 nepam,
1368 3482 1370 3529 i

233 3594 242 3618 ι
260 3576 347 3636 quique
360 3577 421 3636 setae
435 3578 558 3636 affirmant
572 3578 726 3623 matrimonia
748 3592 763 3623 e
783 3578 951 3637 filitsfomitias
966 3580 1017 3625 aiae
1031 3580 1141 3625 sominae
1154 3584 1281 3639 parentum

234 3670 243 3692 ι
261 3652 463 3698 contrasteterito
473 3666 519 3699 esse
532 3656 554 3698 ct
565 3658 676 3713 parentes
691 3668 718 3699 ee
734 3658 788 3699 rate
799 3659 819 3700 et
836 3655 908 3701 irrite
929 3657 1006 3715 secere
1022 3668 1101 3714 poem
1120 3654 1280 3701 nihilominus

234 3746 243 3767 ·
261 3732 340 3773 repete
356 3729 401 3774 Dei
416 3730 517 3775 Ecclesia
530 3744 559 3775 aa
574 3730 710 3776 iustissimis
726 3732 802 3777 caricis
813 3732 858 3776 ille
872 3746 962 3791 seraper
978 3732 1087 3777 detestata
1099 3738 1130 3779 est
1141 3736 1212 3791 etque
1221 3746 1279 3793 pro-
1368 3766 1369 3791 ,

235 3820 245 3842 ι
262 3804 347 3848 latitavit.
365 3824 373 3845 ι
388 3806 457 3849 (hnc.
473 3806 540 3851 i'tttn.
553 3808 610 3851 Sess.
628 3806 701 3851 xiii.
719 3808 753 3852 De
769 3810 872 3867 Reform.
888 3808 992 3856 matrim.
1005 3824 1024 3854 c.
1043 3808 1061 3854 i.

279 3878 296 3925 2
311 3879 440 3928 concreatae
454 3880 616 3931 weseram
629 3882 687 3931 aas.
703 3882 777 3946 titt,
793 3898 843 3931 ean.
854 3882 873 3934 1.
