2767 4492
219 322 274 390 lai
546 335 938 390 unrmmsrcacsunnurrs

221 425 456 501 «producendos,
476 428 526 486 sed
545 427 622 486 solus
636 429 711 485 ilaus
726 431 867 499 operatur,
889 426 994 484 lnrstra
1008 427 1103 484 essent
1121 423 1266 488 adhibitae

221 533 233 563 a
251 510 288 569 ab
303 512 365 584 ipso
380 512 455 571 aliae
469 528 517 572 res
532 513 569 570 ad
583 511 779 584 producendos
795 511 945 568 allectus.»

253 596 380 669 Denique
402 598 471 670 quid
493 597 594 670 plura?
615 597 643 654 Si
666 611 766 654 verum
787 600 861 654 esset
879 595 1106 654 occasionalismi
1127 601 1265 671 systema,

218 681 311 739 omnis
325 697 423 740 rerum
438 682 613 740 naturalium
629 681 748 739 scientia
763 697 779 739 e
795 679 888 738 medio
904 679 1064 753 pelleretur,
1081 695 1135 739 nec
1150 680 1208 740 ulla
1223 697 1267 740 ra·

221 765 259 823 tio
275 765 356 824 uobis
370 767 489 840 posthac
505 771 667 840 suppeteret
681 766 718 822 ad
736 779 834 823 rerum
849 770 1010 822 creatarum
1029 765 1168 824 essentias
1181 765 1267 824 inter·
1322 831 1326 837 ,

218 851 386 909 noscendas,
404 852 457 909 lias
472 852 550 909 enim
567 867 624 909 non
641 850 722 907 aliter
737 850 943 923 cognoscimus,
960 849 1015 908 uisi
1026 865 1076 923 per
1091 849 1226 909 attributa
1240 855 1268 907 et

218 934 419 1008 proprietatem
438 935 627 1008 proprietates
641 940 737 991 alitem
752 949 803 1007 per
818 933 935 991 ellectus
949 939 978 991 et
992 933 1171 1006 operationes
1186 935 1268 994 attin-

219 1019 322 1090 gimus.
339 1021 372 1077 alt
387 1019 625 1078 occasionalismo
641 1019 731 1077 semel
746 1019 879 1090 admisso,
891 1017 1089 1076 nullusncxus
1097 1009 1268 1077 intrinsecus

219 1102 294 1160 inter
307 1104 494 1176 operationes,
514 1120 586 1177 quas
606 1104 806 1177 conspicimus,
819 1108 847 1160 et
861 1101 1034 1160 substantias
1048 1107 1158 1160 creatas
1173 1109 1267 1160 exsta-

219 1192 263 1244 ret
281 1187 414 1260 amplius.
435 1189 532 1261 inepte
546 1189 635 1261 igitur
655 1194 684 1244 et
702 1187 808 1244 iniuria
827 1201 864 1253 eu
884 1185 1105 1258 operationibus,
1129 1201 1200 1259 quas
1218 1184 1269 1244 eli-

220 1269 309 1342 ciunt,
324 1277 457 1333 naturam
471 1287 574 1330 rerum
585 1278 746 1329 creatarum
756 1283 950 1343 argueremus.
963 1270 995 1327 Et
1009 1285 1077 1328 sane
1087 1271 1118 1328 in
1132 1275 1267 1344 systema·

220 1358 258 1427 te,
271 1356 345 1427 quod
354 1357 521 1429 refellimus,
534 1356 653 1414 effectus
662 1356 897 1428 operationesque
913 1354 1076 1412 mundanae
1086 1368 1268 1427 nequaquam

224 1453 241 1496 a
255 1447 358 1497 natura
368 1456 465 1498 rerum
480 1447 641 1499 creatarum
651 1441 845 1513 procellerent,
862 1438 912 1496 sed
925 1443 1035 1497 tantum
1046 1453 1063 1496 a
1073 1438 1138 1510 ileo,
1152 1438 1269 1512 eiusque
1305 1493 1309 1500 ,

220 1521 311 1581 libera
331 1525 490 1597 voluntate,
514 1525 564 1597 qui
583 1525 699 1583 entibus
715 1525 827 1596 creatis,
848 1524 877 1581 vi
895 1523 1010 1596 propria
1026 1523 1062 1580 ad
1077 1522 1210 1583 affectum
1224 1521 1265 1580 nil

221 1608 447 1682 conferentibus,
465 1610 713 1681 tamquammeris
727 1607 924 1666 occasionibus
933 1613 1069 1680 uteretur,
1086 1607 1192 1680 qrriqne
1206 1621 1269 1680 pro-

224 1691 291 1749 inde
312 1692 453 1750 arbitratu
471 1709 523 1751 sno
544 1693 720 1766 quibuslibet
737 1693 780 1750 uti
799 1691 944 1766 potuisset.
965 1689 1006 1748 Ex
1025 1707 1059 1750 eo
1078 1691 1173 1764 igion,
1195 1691 1270 1764 quod

221 1775 313 1833 animi
327 1776 460 1848 cogitent,
481 1792 540 1835 non
558 1779 650 1850 magis
669 1777 767 1835 liceret
787 1777 893 1835 inferre
913 1775 1025 1835 illorum
1046 1775 1266 1849 simplicitatem,

223 1875 311 1932 quarn
329 1861 619 1935 coagmentationem,
636 1867 664 1919 et
685 1861 811 1920 uicissim
831 1877 869 1919 eu
884 1860 1102 1934 proprietatibus
1120 1875 1270 1933 corporum

225 1948 323 2001 utrum
337 1944 490 2018 composita
506 1946 564 2004 sint
578 1962 668 2004 necne
689 1947 803 2004 deliniri
822 1961 879 2005 non
898 1950 1001 2019 posset.
1019 1945 1072 2003 Sed
1088 1946 1141 2004 troc
1161 1949 1269 2002 consta-

224 2033 269 2085 ret
283 2027 441 2101 dumtaxat,
465 2031 660 2103 superioribus
680 2032 716 2088 ad
731 2030 874 2104 simplices
895 2031 1011 2089 effectus
1030 2031 1163 2101 edendae,
1179 2034 1269 2104 poste-

227 2110 351 2170 rioribus
366 2116 401 2171 ad
417 2117 587 2188 compositos
597 2115 686 2174 ileum
705 2122 850 2189 tamquam
864 2115 1060 2174 occasionibus
1070 2115 1121 2174 uti.
1135 2115 1211 2182 Quae
1225 2129 1270 2171 ra·

225 2195 369 2255 tiocinatio
384 2213 450 2257 curn
466 2215 516 2272 pro
536 2201 657 2272 singulis
675 2215 773 2259 rerum
792 2200 945 2274 generibus
961 2200 1065 2272 valcat,
1085 2199 1269 2256 manifestum

227 2281 333 2338 exinde
347 2283 389 2356 til,
402 2283 525 2342 absurdo
535 2285 762 2344 occasionalismi
773 2291 932 2344 commento
944 2283 1146 2343 deterrimum
1138 2299 1169 2342 ιιι
1179 2283 1270 2341 scien·

229 2364 282 2423 tias
296 2367 509 2439 scepticismnm
525 2369 631 2427 induci.

262 2449 352 2508 lmmo
367 2451 512 2510 inducitur
527 2453 737 2527 pendeamus,
756 2454 867 2512 sienim
877 2453 950 2511 Deus
964 2453 1049 2511 unice
1064 2453 1130 2526 agit,
1148 2467 1199 2510 cur
1211 2466 1269 2509 nou

226 2533 349 2593 dicimus
363 2535 453 2594 ileum
469 2539 555 2595 unice
571 2539 704 2613 existere,
722 2546 866 2598 creaturas
885 2553 951 2596 uero
967 2553 1023 2597 nou
1039 2552 1101 2596 esse
1116 2537 1171 2595 nisi
1186 2537 1271 2610 plrae-

227 2620 388 2675 nomenon‘l
403 2620 529 2680 Proiecto
543 2624 711 2694 existentia,
726 2623 786 2681 sine
801 2623 973 2696 operatione,
990 2637 1074 2696 scopo
1088 2622 1266 2694 destituitur;

227 2701 365 2775 quidquid
374 2710 470 2763 alitem
482 2722 566 2780 scopo
575 2707 746 2780 destituitur,
759 2708 859 2766 inutile
868 2713 897 2766 et
906 2723 1021 2782 prorsus
1030 2722 1136 2766 tanum
1145 2706 1266 2765 videtin.

562 2878 727 2939 Solvuntur
740 2878 934 2953 difficultates.

260 3045 305 3105 6⁶2.
326 3048 453 3107 Occurrit
471 3049 492 3108 l.
515 3050 712 3110 llalehrauche
731 3051 864 3124 inquiens
883 3049 977 3108 ideam
999 3063 1101 3108 causae
1119 3047 1270 3108 efficientis

225 3139 440 3204 repraesentare
462 3136 531 3207 quid
551 3135 695 3208 divinum,
718 3142 746 3193 et
767 3136 832 3193 licet
853 3149 955 3193 causae
974 3133 1116 3192 secundae
1138 3133 1270 3191 dicantur

128 3219 133 3228 '
227 3230 310 3287 agere
325 3218 551 3291 dependentera
569 3221 670 3292 prima,
689 3219 756 3278 inde
772 3225 867 3278 tamen
887 3220 967 3293 sequi
982 3235 1030 3278 eas
1049 3217 1270 3278 considerandas
1382 3283 1383 3292 ,

224 3315 288 3357 esse
303 3302 403 3359 saltem
418 3307 450 3359 ut
463 3303 627 3360 divinitates
643 3305 803 3376 interiores,
815 3321 848 3362 oo
864 3306 952 3362 ferme
967 3304 1060 3376 modo,
1077 3303 1269 3376 quominores
1342 3303 1344 3306 ’

223 3381 295 3441 Deos
310 3385 378 3443 olim
400 3387 546 3444 tinxerunt
565 3387 681 3446 ethnici.
703 3389 818 3460 Deinde,
842 3394 998 3460 creaturae,
1020 3388 1044 3446 si
1064 3391 1188 3460 agerent,
1209 3383 1270 3442 rim

222 3465 365 3526 infinitam
380 3469 533 3542 haberent3
552 3473 628 3544 quod
642 3477 719 3528 certe
734 3473 783 3529 Dei
798 3472 885 3530 solius
901 3478 944 3530 est
957 3473 1114 3545 proprium.

129 3612 133 3625 ,
259 3552 342 3624 llesp.
358 3553 425 3611 idea
442 3568 549 3612 causae
569 3555 720 3613 ellicientis
739 3571 897 3630 supremae,
919 3557 992 3614 idest
1011 3555 1228 3630 independentis
1241 3559 1273 3614 et

222 3633 359 3708 inlinitae,
383 3643 578 3710 repraesentat
597 3639 668 3711 quid
683 3639 826 3712 divinum,
847 3641 967 3698 lommur
988 3641 1071 3700 ultro.
1093 3643 1126 3698 llt
1144 3639 1271 3712 idipsum

177 3755 182 3765 .
221 3716 341 3775 minime
355 3720 412 3778 dici
422 3729 513 3794 potest
526 3724 561 3780 de
572 3723 636 3780 idea
649 3737 751 3782 causae
761 3723 910 3783 allicientis
925 3725 1120 3796 secundariae,
1134 3724 1209 3782 idest
1218 3722 1267 3780 de·

222 3801 373 3875 pendentis
381 3805 566 3867 etlimitatae.
579 3809 656 3866 llaec
665 3808 707 3866 nil
718 3809 847 3867 divinum
856 3817 1057 3885 repraesentat,
1068 3826 1162 3884 neque
1172 3805 1271 3882 quoad

224 3885 297 3948 Deos
310 3887 432 3953 macres
445 3906 538 3967 neque
551 3887 645 3968 quoad
658 3894 729 3957 boos
743 3895 877 3972 minores,
895 3913 967 3973 quos
979 3896 1151 3960 emdtionis
1164 3893 1271 3970 malla,
