2767 4492
234 325 284 380 las
562 335 788 380 unrmnrsrcan
800 336 946 380 sunmmrs

268 423 300 478 tlt
315 420 390 478 unde
406 419 489 478 huius
504 419 710 478 coniunctionis
724 419 878 478 necessitas
887 419 1030 492 emergit?
1052 420 1093 480 ltd
1105 435 1170 480 cam
1184 423 1277 496 expli·

232 504 353 562 condam
365 504 458 562 varias
473 503 641 578 hypotheses
656 502 1013 577 induxeruntplrilosophi.
1037 505 1171 564 Nonnulli
1195 507 1276 566 cuim

234 588 435 648 existimarunt
448 587 580 646 nervulos
593 587 756 645 asensoriis
766 587 796 645 in
812 588 962 646 cerebrum
975 589 1146 662 prodeuntes
1166 595 1279 649 motam

232 689 270 730 cx
282 672 467 746 impressione
482 671 666 742 obiectorum,
682 670 810 744 recipere
824 671 975 745 ipsumque
998 672 1207 745 pernicissimc,
1234 673 1278 732 in-

234 764 292 814 star
306 757 476 814 chordarum
492 754 674 827 vibrantium,
692 755 730 812 ad
755 755 913 828 cerebrum,
930 755 981 815 ubi
996 757 1094 815 sedem
1116 757 1206 815 animi
1230 772 1279 830 ap

233 839 362 914 pingunt,
379 839 497 897 deterre.
514 840 547 896 st
571 839 673 897 horum
688 839 783 913 opinio
805 839 960 898 reiicienda
983 841 1099 899 omniuo
1114 847 1167 900 cst.
1195 842 1280 900 llerri

234 923 311 981 onim
325 923 356 980 iu
370 923 470 995 primis
484 923 562 981 nullo
577 929 659 996 pacto
674 922 838 995 tenduntur,
850 923 1092 998 quemadmodum
1109 925 1152 1006 ad.
1164 925 1279 984 sibran-

234 1008 303 1064 ‹lum
313 1021 428 1066 necesse
444 1007 523 1079 foret,
541 1008 669 1066 sedadco
681 1007 824 1080 taxisunt,
837 1013 869 1066 ut
879 1023 946 1066 cum
957 1008 1162 1082 praeciduntur
1177 1023 1279 1067 senon

236 1091 322 1150 rrrodo
338 1105 396 1150 nou
410 1092 557 1150 retrahant
580 1092 630 1150 scd
643 1091 810 1165 protrahant
828 1091 930 1165 potius.
948 1092 1052 1150 Deinde
1066 1107 1159 1165 neque
1184 1093 1214 1151 in
1230 1109 1280 1151 ex·

239 1176 336 1234 tremis
347 1175 406 1234 suis
421 1176 548 1249 partibus
566 1175 656 1248 ulixi,
672 1192 767 1249 neque
782 1176 813 1234 in
826 1177 928 1235 mediis
943 1182 1011 1235 sunt
1032 1176 1126 1248 liberi,
1143 1177 1194 1236 sed
1212 1191 1280 1235 cum

237 1259 340 1318 colens
364 1260 489 1332 corporis
513 1261 642 1334 partibus
667 1261 792 1334 undique
816 1261 1038 1320 commiscentur
1056 1262 1148 1336 iisque
1166 1263 1280 1336 penitus

235 1449 270 1490 tur
286 1457 351 1505 mam
367 1445 503 1506 superiorum
519 1444 653 1507 productio)
669 1446 740 1492 instar
755 1447 836 1493 caudae
850 1447 903 1493 iude
918 1446 1029 1494 derivatur
1044 1452 1066 1493 et
1081 1448 1233 1510 perforamen
1247 1463 1283 1494 oc·

235 1520 308 1581 cipitia
324 1520 347 1565 iu
358 1519 456 1566 canalem
472 1522 549 1583 spinae
566 1521 680 1566 traiicitur.
693 1523 759 1568 Porro
773 1521 839 1567 buius
855 1523 926 1584 portio
942 1523 1049 1585 superior,
1061 1538 1116 1584 quae
1130 1524 1200 1584 capite
1213 1523 1284 1569 adbuc

236 1596 369 1658 continetur,
386 1597 490 1642 audatia
505 1598 646 1655 odlcapata;
661 1595 771 1660 interior,
788 1613 844 1659 quae
860 1598 883 1642 in
900 1599 977 1660 spinae
993 1597 1070 1643 tubum
1085 1597 1216 1660 descendit,
1235 1613 1285 1646 srae-

237 1671 306 1717 dulta
321 1673 423 1730 spinalis
439 1675 587 1733 nuncupetur.
608 1695 610 1700 v

283 1747 314 1790 Er
330 1745 389 1792 bisce
405 1747 487 1792 cerebri
503 1747 601 1808 partibus
618 1747 736 1794 albicantes
752 1748 841 1810 quidam
857 1748 950 1816 funiculi
967 1751 1077 1811 oriuntur,
1089 1765 1142 1811 quos
1152 1763 1285 1796 moeno·

237 1822 337 1882 nriuaut;
356 1822 435 1883 quiquo
451 1821 479 1867 ad
495 1823 593 1868 sensoria
603 1824 700 1884 protensi
717 1829 755 1868 aut
770 1825 893 1871 adciscere
910 1830 947 1871 aut
962 1825 990 1870 sd
1006 1825 1122 1886 musculos,
1133 1821 1287 1884 etqcuera'tim

240 1903 283 1940 toto
300 1896 375 1942 ditiusi
392 1913 500 1960 corpore,
519 1899 629 1944 nerreum'
645 1905 739 1961 systema
760 1901 864 1946 conflant.
883 1902 914 1946 lta
931 1906 1003 1948 mmen
1020 1909 1044 1947 ut
1061 1902 1150 1947 decursu
1165 1899 1288 1946 nonnullas

239 1972 332 2017 arrbcant
348 1972 494 2034 mutationes,
512 1989 566 2034 quus
583 1975 610 2019 sd
627 1975 668 2020 tria
688 1990 768 2039 genere
788 1981 889 2022 reuocant
906 1978 1041 2023 anatomici:
1059 1978 1170 2035 paaqta'a,
1185 1977 1286 2034 plexum

238 2054 397 2096 anastomoaca.
416 2049 487 2094 Prima
503 2054 555 2095 aunt
570 2050 646 2096 nuduli
663 2051 752 2112 quidam
766 2067 810 2097 nou
826 2052 923 2098 eiusdem
933 2068 1018 2114 semper
1028 2052 1110 2113 liparae
1124 2055 1162 2097 aut
1176 2051 1289 2110 magnitu-

238 2122 296 2168 dinis
312 2124 335 2169 in
351 2129 420 2170 tractu
436 2139 551 2171 nervorum
568 2125 747 2187 frequentissimi,
766 2127 834 2173 Alteri
850 2128 992 2173 nominantur
1012 2126 1171 2188 complexiones
1190 2125 1286 2171 nonnul-

238 2199 273 2244 luo
289 2198 398 2260 planiores
413 2199 603 2263 depressioresque
612 2236 619 2264 ,
635 2217 691 2262 quae
707 2218 770 2266 saepe
784 2204 808 2248 in
825 2203 898 2250 nervis
915 2196 1039 2248 occurrunt.
1057 2201 1125 2247 Tertii
1139 2200 1234 2262 denique
1247 2216 1287 2262 pe·

239 2275 298 2318 noris
314 2274 417 2321 dicuntur
431 2275 555 2337 compleras
572 2277 666 2323 duorum
682 2293 798 2324 nervorum
814 2279 838 2324 iu
853 2283 955 2324 truncum
970 2293 1046 2323 uuum.

287 2349 342 2395 llino
358 2350 456 2412 plerique
472 2367 575 2398 ncrreuru
591 2359 685 2418 systema
703 2354 798 2413 cogitant
816 2355 885 2400 instar
900 2353 996 2415 arboris,
1012 2354 1074 2399 cuius
1089 2353 1150 2398 radin
1166 2353 1196 2398 sit
1209 2352 1233 2398 iu
1250 2368 1288 2398 ce-

239 2423 311 2487 rebro,
328 2429 417 2471 truncus
431 2427 455 2471 in
470 2427 566 2472 medulla
581 2429 674 2491 spinuli,
693 2430 748 2475 rami
764 2431 787 2476 iu
802 2431 875 2476 neruis
893 2431 986 2492 ceteris,
1002 2429 1039 2491 qui
1056 2429 1096 2474 bac
1111 2429 1161 2474 illac
1177 2432 1222 2473 toto
1237 2442 1288 2473 cor-

239 2515 292 2560 poro
308 2500 487 2564 disseminantur,
506 2517 585 2564 cosque
599 2503 666 2550 veluti
682 2504 765 2550 cerebri
781 2505 850 2566 ipsius
863 2521 976 2568 processus
994 2503 1099 2566 quosdam
1113 2503 1188 2549 haberi
1202 2503 1286 2550 volunt.

240 2575 268 2618 itt
284 2574 321 2620 ulii
337 2577 464 2636 praesertim
480 2582 529 2638 post
545 2583 663 2626 apotomes
677 2586 823 2639 comparatae
837 2597 971 2644 progressus,
988 2581 1121 2626 contrarium
1134 2580 1226 2625 omnino
1238 2593 1288 2624 sen·

242 2649 308 2693 liunt.
330 2651 436 2696 Ncrreum
460 2653 518 2698 enim
540 2659 634 2715 systema
655 2656 783 2716 concipiunt
797 2657 866 2702 veluti
883 2663 951 2703 retem
965 2673 991 2702 cs
1004 2656 1066 2702 fibris
1082 2662 1105 2702 ct
1117 2655 1220 2702 medullis
1234 2655 1290 2700 mira

242 2729 382 2788 contentum,
400 2742 455 2788 quae
474 2743 552 2790 corpus
571 2731 690 2776 animantis
709 2731 853 2794 undequaque
873 2733 978 2794 pervadat
990 2733 1017 2778 ad
1032 2732 1144 2794 ipsiusque
1160 2736 1292 2785 structuram

242 2800 381 2862 actionesquo
405 2802 519 2850 conducat.
537 2807 580 2852 Nec
597 2822 647 2852 vero
662 2807 729 2852 ullam
744 2808 768 2853 in
782 2823 808 2854 ea
822 2809 917 2870 partium
932 2807 1066 2870 reliquarum
1085 2807 1194 2867 originem
1214 2804 1290 2856 baberi

242 2881 337 2938 pulsnt,
355 2876 393 2924 sed
407 2884 506 2926 mutuam
520 2881 654 2929 iunctiouom
670 2888 769 2946 tantum3
787 2885 817 2930 ita
832 2889 904 2931 maren
923 2889 948 2929 ut
963 2883 1049 2946 aliquae
1066 2885 1179 2945 paream
1193 2879 1289 2940 ωίπίῑ,

242 2951 329 3010 sintque
343 2951 434 3000 totidem
444 2955 468 3000 in
479 2971 504 3001 co
516 2961 632 3018 systemate
646 2958 715 3006 veluti
730 2965 813 3005 centra.
826 2958 951 3004 Cuiusmodi
966 2963 1018 3004 suut
1033 2958 1129 3019 qsnplis,
1140 2955 1237 3002 medulla
1246 2954 1291 3016 spi·

243 3023 309 3086 uatis,
327 3025 350 3071 iu
367 3029 486 3091 primisque
502 3032 622 3094 cerebrum,
639 3034 698 3095 quod
714 3034 807 3096 proinde
821 3033 946 3080 babeam
960 3035 990 3079 sit
1005 3033 1071 3079 veluti
1087 3032 1191 3094 gangliou
1205 3031 1229 3075 in
1244 3045 1293 3075 cor·

243 3114 296 3161 pare
310 3102 451 3164 praecipuum
467 3107 575 3168 totiusque
591 3111 663 3157 nervci
679 3112 803 3173 systematis
817 3115 924 3157 centrum.
942 3112 1012 3172 Atque
1026 3109 1050 3155 id
1064 3125 1090 3155 co
1106 3108 1176 3168 magis
1196 3119 1293 3151 conuu-

242 3181 331 3222 tuncum
346 3177 415 3225 rideri
431 3180 501 3242 aiunt,
517 3182 574 3244 quod
591 3199 635 3230 nou
651 3201 720 3246 pauca
735 3188 780 3232 sint
794 3187 924 3248 animantia,
936 3201 992 3250 quae
1007 3185 1095 3232 cerebro
1109 3198 1198 3246 prorsus
1211 3179 1293 3225 orben-

208 3249 209 3254 ’
244 3255 279 3296 tur
289 3257 326 3297 ant
340 3253 405 3298 otiam
420 3255 515 3303 medulla
529 3259 626 3322 spinuli,
644 3277 695 3306 cunr
711 3267 783 3323 tauron
800 3261 878 3308 ceteris
892 3262 965 3308 ncrris
978 3276 1053 3308 rcrcra
1067 3276 1112 3307 uon
1129 3260 1221 3304 weant.
1240 3254 1293 3300 iiu-

244 3324 278 3369 ius
295 3326 414 3388 opinionis,
432 3337 517 3391 practer
533 3332 589 3394 Gall,
604 3334 661 3398 nell,
678 3336 766 3399 ncrarl,
783 3341 816 3382 aet
829 3338 895 3383 etiam
911 3337 997 3398 Carior,
1013 3329 1292 3397 quiinsuoopcre(1.e-

232 3415 297 3468 'cous
311 3403 334 3448 d'
345 3405 467 3452 Auatamie
481 3411 599 3467 camparte
615 3415 631 3455 t.
648 3410 663 3454 2
672 3445 678 3472 ,
696 3427 720 3472 p.
739 3411 779 3475 95)
794 3411 851 3459 inter
866 3413 908 3458 aliu
925 3411 978 3457 haec
992 3411 1072 3456 lrabot:
1094 3431 1103 3450 ι
1119 3406 1145 3453 ll'
1156 3409 1219 3469 sptbs
1236 3410 1294 3451 setta

248 3496 256 3514 ·
274 3476 406 3540 ‹loscriptiou
422 3483 545 3545 sonrmsiro,
557 3499 585 3528 on
595 3486 640 3530 roit
650 3501 692 3546 que
705 3485 728 3531 la
742 3489 892 3548 comparaison
908 3487 938 3534 clar
953 3490 1047 3550 systema
1062 3499 1154 3531 nerrcus
1165 3485 1219 3528 aun
1229 3485 1293 3527 mour

247 3569 256 3590 e
274 3556 296 3596 ct
311 3555 323 3598 tr
338 3554 376 3600 des
393 3555 497 3602 branciam
514 3557 571 3604 n’est
584 3559 737 3620 parlaitcment
751 3567 831 3609 exacte.
844 3565 878 3608 On
889 3563 935 3608 doit
948 3562 1021 3624 plutot
1033 3561 1054 3606 le
1070 3559 1195 3606 consideres
1209 3571 1294 3602 comm

250 3643 258 3662 a
277 3639 306 3670 un
324 3631 400 3675 risesa
421 3630 561 3694 compulimus,
578 3634 631 3680 dont
645 3634 668 3682 la
682 3635 772 3698 plupart
785 3637 823 3682 des
838 3636 873 3683 uls
889 3637 1068 3699 communiquent
1081 3636 1114 3682 les
1128 3650 1171 3680 uus
1191 3647 1242 3679 arse
1259 3630 1294 3676 les

250 3704 348 3746 luntres
359 3734 369 3764 5
382 3709 404 3749 ot
417 3709 445 3752 od
460 3723 483 3754 sa
497 3713 599 3756 trouvent
612 3726 640 3756 cn
656 3711 770 3758 differente
792 3712 888 3758 endroits
906 3713 944 3760 des
963 3728 1044 3760 messes
1059 3728 1087 3758 ou
1101 3711 1141 3757 dee
1162 3707 1295 3756 rsutlsmeus

250 3791 259 3813 ι
276 3773 326 3834 plus
340 3791 368 3821 ou
380 3782 453 3862 moins
474 3785 593 3847 marquis,
609 3785 647 3846 qui
668 3795 763 3847 peurent
778 3793 824 3834 stre
837 3787 938 3848 repudia
954 3803 1038 3835 comme
1053 3787 1086 3833 les
1101 3790 1187 3835 centres
1209 3783 1238 3829 de
1258 3798 1295 3829 cca

248 3855 477 3906 ‚communicatione
498 3881 505 3902 ι
