2767 4492
797 595 831 658 li.

468 764 507 826 Do
520 767 559 828 lis
575 778 651 842 quoae
666 763 968 838 sermocinationes
978 762 1136 838 poem

312 937 357 1000 63.
377 935 591 1011 [manationis
606 949 747 1010 organum
759 934 877 996 cerebro
890 933 1030 995 contineri
1045 933 1174 1008 videtu,
1190 948 1249 1008 guo
1262 949 1329 1009 pro

276 1022 443 1096 indolem,
459 1019 625 1096 ipsaniam
639 1020 832 1095 perurbana.
848 1018 1027 1092 Qamguam
1040 1033 1099 1078 uon
1111 1018 1255 1082 immerito
1269 1021 1329 1082 dici

274 1113 372 1184 posset
383 1121 421 1168 ex
435 1111 492 1167 toto
507 1111 660 1181 syntomata
672 1119 778 1166 narseo
791 1103 887 1177 abque
900 1103 1165 1176 petraepontem
1181 1103 1327 1177 Quidem

275 1193 352 1252 inter
366 1196 475 1250 ceteras
489 1205 599 1263 causas,
616 1190 693 1249 unde
706 1187 919 1264 imaginationis
933 1187 1085 1250 varietates
1098 1187 1228 1252 emunt
1239 1189 1326 1264 (oua-

275 1277 320 1336 les
334 1281 400 1336 eunt
413 1281 500 1349 aetas
520 1289 617 1348 sexus,
636 1274 789 1348 temperies
802 1271 937 1346 corporis)
951 1273 1132 1346 patruinum
1144 1273 1326 1338 enimuer-

276 1375 378 1424 vorum
391 1359 526 1420 debilitas
539 1365 625 1434 etque
638 1357 792 1434 spirituum
806 1357 871 1417 illos
884 1356 1096 1430 permeantium
1107 1357 1294 1421 unanime.

310 1445 352 1506 Ad
361 1444 505 1505 obieotrun
517 1442 731 1516 imaginationis
744 1443 820 1515 quod
834 1441 966 1515 mitium,
981 1439 1054 1500 ialeo
1067 1440 1220 1503 duceretur
1233 1442 1323 1516 plun-

275 1534 369 1591 tosma
382 1529 498 1590 nonnisi
511 1529 547 1587 de
561 1527 608 1600 iis,
625 1543 699 1601 ques
712 1527 778 1586 visu
790 1525 977 1599 atuogmm,
993 1526 1112 1588 lunari
1125 1541 1220 1601 poteo.
1237 1528 1324 1590 sans

274 1617 347 1676 leste
360 1615 438 1674 enim
452 1629 512 1674 uon
525 1614 610 1674 modo
623 1613 703 1673 risus
716 1613 767 1673 esd
782 1611 870 1670 etiem
884 1616 1044 1670 ceterorum
1052 1626 1193 1672 munuum
1208 1611 1320 1673 obiecta

275 1699 479 1773 imaginamur.
496 1691 680 1771 Perspicuum
693 1697 724 1755 iel
738 1701 782 1755 est
795 1711 834 1754 en
847 1695 979 1769 eomnils;
995 1695 1027 1754 in
1041 1695 1146 1770 quibam
1158 1711 1219 1756 uon
1237 1696 1323 1757 modo

273 1783 452 1844 obiectorum
466 1781 711 1862 adspectabilium,
724 1795 827 1840 verum
841 1780 929 1839 mam
942 1794 1085 1851 senonim,
1096 1795 1244 1854 reponam,
1254 1781 1324 1840 otlo-
1381 1816 1382 1829 ,

274 1880 351 1940 rum,
369 1867 483 1940 doloris,
499 1865 660 1940 voluptatis,
677 1870 762 1939 atque
776 1865 897 1924 aliorm
910 1864 1045 1937 isigonus
1057 1862 1260 1937 pmnosmate
1273 1881 1324 1926 ex·
1381 1918 1382 1933 ,

276 1951 410 2010 cinnum.
426 1951 507 2009 Velut
521 1965 587 2012 cum
602 1950 667 2023 quie
682 1948 812 2009 convivio
826 1947 952 2006 assidere
966 1952 1052 2021 amm
1064 1946 1156 2021 epulis
1167 1949 1323 2022 mutuatis

273 2035 370 2108 refici,
387 2036 481 2094 autin
495 2035 631 2094 viridario
645 2033 864 2108 perambulare,
877 2032 1061 2092 beneolentes
1077 2031 1163 2114 liores
1177 2033 1321 2106 olfacere,

272 2123 323 2178 aut
333 2119 486 2193 vulneram,
497 2119 636 2178 autbumi
646 2119 844 2193 procumbere,
853 2117 910 2176 sibi
919 2116 1087 2176 somniando
1093 2116 1215 2177 videus.
1230 2117 1321 2178 Immo

272 2217 367 2277 neque
376 2203 413 2262 ad
422 2203 564 2263 insomnis
572 2204 724 2278 perfugere
737 2217 809 2276 opus
817 2208 869 2274 ast,
881 2206 914 2259 ut
922 2200 1072 2260 scutetum
1079 2200 1155 2261 hauc
1167 2205 1318 2275 belenum

271 2303 309 2347 eo
326 2288 404 2347 cuim
417 2289 534 2362 ex'ipsa
549 2287 647 2362 vigilia
669 2288 738 2346 sais
757 2301 900 2361 superque
919 2285 1071 2344 diiudicari
1089 2290 1191 2359 potest
1203 2284 1237 2344 Et
1251 2300 1321 2345 sane

271 2387 368 2433 monne
378 2377 476 2432 cantu
485 2373 518 2431 iu
526 2387 580 2431 sua
589 2378 649 2430 arta
660 2372 748 2446 probe
761 2377 888 2430 scientos
901 2370 1013 2430 musica
1026 2371 1108 2445 aigne
1117 2370 1224 2429 interitu
1238 2369 1320 2430 dum·

271 2463 353 2518 taxat
366 2458 514 2518 oculorum
528 2457 684 2530 lustrando,
702 2456 860 2516 mutilenae
873 2455 1025 2516 emeram
1034 2470 1134 2515 omnes
1152 2454 1209 2513 eibi
1218 2453 1319 2528 imagi·

270 2544 387 2602 nabone
401 2543 518 2602 simulet
531 2544 564 2600 t‘l
578 2543 674 2606 Nonne
692 2548 819 2604 vestrum
833 2542 954 2617 quisque
971 2557 1068 2602 rosam
1087 2539 1319 2600 animadvertens

272 2641 361 2698 quam
371 2627 442 2685 alias
450 2627 554 2700 olfecit,
567 2628 649 2686 cuius
658 2627 752 2686 odoris
765 2627 816 2686 illa
824 2627 947 2687 sitillico
958 2627 1014 2686 sibi
1026 2624 1233 2701 repraesentet?
1241 2624 1321 2684 idem

271 2707 426 2768 dicaturde
436 2710 554 2784 relitpuis
564 2717 724 2771 ceterorum
733 2712 1007 2782 seuuaumobiectie.
1024 2712 1057 2772 ln
1067 2707 1318 2785 quffiusproiocto,

269 2791 438 2860 misicorum
452 2795 651 2870 perceptiones
669 2801 735 2855 aute
753 2797 868 2857 habitas
887 2803 1104 2870 revocarentur,
1123 2793 1321 2855 convenientia

273 2882 324 2936 aut
332 2878 532 2955 discrepantia,
541 2895 628 2955 quem
637 2895 705 2942 cum
713 2883 911 2956 praesentibus
917 2881 1127 2944 sensatioribus
1135 2880 1252 2951 babent,
1262 2892 1319 2937 nou

261 2963 493 3036 ,perspiceretur

305 3045 360 3104 Sed
373 3054 406 3106 ut
418 3049 490 3110 baec
508 3055 586 3112 certa
599 3056 719 3128 rataque
743 3052 815 3128 siut,
831 3052 917 3129 louge
936 3059 1034 3114 umen
1047 3067 1065 3111 a
1077 3051 1116 3111 lle
1130 3049 1259 3110 Geraum
1277 3048 1319 3107 ‹ii-

269 3130 447 3194 scsdendum
469 3141 526 3208 est,
547 3137 597 3211 qui
616 3149 768 3212 perperam
792 3138 925 3213 opinatur
938 3137 1143 3211 imaginatione
1155 3151 1217 3194 non
1235 3132 1320 3192 modo

266 3217 445 3278 seneafionos
458 3220 570 3295 elapsas
584 3222 746 3296 reproduci,
763 3238 863 3282 varum
878 3223 966 3282 etiem
986 3227 1096 3281 ceteras
1113 3219 1204 3278 ammi
1220 3231 1321 3291 opera·

270 3301 374 3374 tiones,
391 3317 465 3378 quae
480 3311 529 3363 aut
543 3305 580 3364 ed
594 3306 811 3379 intelligentiam
824 3312 874 3365 aut
888 3307 925 3366 ad
939 3305 1140 3367 conscientem
1153 3307 1204 3360 aut
1218 3301 1258 3358 ad
1272 3315 1322 3360 vo

274 3385 415 3446 luntetem
428 3387 572 3462 pertinent
586 3391 612 3450 ².
629 3391 682 3458 Qui
692 3405 818 3451 errorem
828 3389 1201 3452 doctriualteidetStewart
1207 3384 1322 3444 ‹lemva-

269 3705 311 3736 auo
327 3695 391 3740 modo
406 3699 562 3758 repraesentat.
578 3697 604 3743 In
619 3698 744 3759 cognitione
759 3699 819 3745 euim
835 3698 879 3745 duo
894 3704 1005 3764 respectae
1021 3697 1156 3746 considerari
1172 3698 1280 3758 ponunt:
1292 3691 1327 3737 ⁸1·

270 3767 306 3810 iar
322 3766 349 3812 ad
359 3769 500 3834 ¹staltisctum,
518 3785 532 3818 a
545 3786 589 3833 qno
604 3771 705 3835 elicitur3
722 3773 819 3820 altered
835 3774 960 3841 obiectum,
979 3775 1037 3838 qnod
1053 3773 1127 3820 refert.
1146 3771 1240 3818 nefiano
1256 3766 1328 3830 Psffli
1381 3776 1382 3791 ¹

270 3846 403 3908 respectas,
418 3848 474 3894 actio
487 3846 679 3910 quaedamrilalis
693 3853 744 3912 est,
762 3851 846 3898 rationo
860 3853 971 3911 secordi,
988 3856 1022 3901 eet
1037 3848 1148 3915 expressio
1167 3844 1277 3908 ΜΨ
1293 3842 1329 3890 ”i
1381 3862 1382 3869 ’

271 3929 328 3980 quae
343 3919 470 3983 percipitur.
520 3974 526 3982 .
783 3925 786 3931 ’

320 3991 810 4063 2beeatpaeretdel¹ortocpeseerl.
827 4002 852 4066 l,
869 4002 904 4050 oh.
922 4004 948 4054 22
