2767 4492
440 309 841 392 mnsnnmu·cosuononts
1126 299 1159 370 ll

110 423 180 474 rum
194 413 226 474 el
239 413 364 474 existens
385 411 554 487 admittant,
576 411 816 487 quemadmodum
836 407 932 470 uerbis
954 409 1054 470 sallom
1076 409 1161 483 proli·

112 505 223 561 tenlur.

149 585 239 646 Obiic.
256 584 299 646 ΙΙΙ.
316 584 529 662 lrprmentatio
543 585 693 661 desumpta
707 599 725 644 a
740 582 1011 645 contradictionibus
1025 595 1098 657 quae
1113 595 1163 640 ex·

112 676 273 746 mrpereut,
290 671 315 732 si
330 668 403 732 Deus
417 687 483 732 cum
498 672 607 731 mundo
623 668 856 745 confunderetur,
874 677 971 730 eontra
985 666 1163 744 pantheistas

110 755 235 816 minime
248 753 334 816 salet.
349 755 419 817 llam
433 757 489 831 ipsi
506 757 627 816 libenter
639 755 703 814 illas
718 755 892 830 concedunt,
910 771 962 813 nee
979 759 1071 812 tamen
1088 767 1163 812 com·

109 849 278 901 moventur.
294 842 328 900 lit
340 857 410 901 sane
425 841 517 902 llictor
531 841 631 902 tonsio
649 841 720 900 haec
736 839 840 900 hahet:
857 838 1071 902 odonscienliac
1087 837 1159 896 heus

112 949 124 980 ι
141 941 205 987 non
215 933 261 987 est
270 925 459 996 abstractione
468 927 572 987 mentis
582 927 758 1002 exsculptus,
771 941 826 985 rex
840 925 983 984 solitarius
998 924 1072 982 ultra
1086 937 1162 982 crea-

111 1035 123 1066 «
141 1011 255 1072 tionem
269 1011 301 1072 ln
316 1011 449 1072 thronum
466 1012 622 1073 taciturnae
634 1009 784 1072 cuiusdam
805 1009 978 1072 aeternitatis
994 1007 1160 1082 relegatus,

109 1121 122 1150 ι
141 1101 173 1157 et
187 1099 221 1156 in
236 1096 600 1172 absolutamenistentiam,
613 1113 686 1172 qrrae
699 1095 787 1156 nihilo
804 1095 895 1170 potius
913 1094 1097 1154 assimilatur.
1110 1091 1164 1150 Sed

111 1193 124 1234 ᾱ
141 1188 189 1242 est
205 1181 280 1242 heus
297 1197 379 1243 rerus
396 1199 454 1242 una
467 1189 496 1242 et
509 1181 604 1257 realis,
616 1181 776 1241 substantia
790 1179 876 1239 simul
889 1187 918 1238 et
932 1195 1028 1252 causa,
1045 1191 1162 1252 semper

110 1265 306 1326 «substantia
326 1283 496 1344 semperque
519 1280 623 1340 causa,
643 1281 709 1325 cum
728 1282 787 1325 non
807 1265 843 1324 sit
861 1265 1034 1336 substantia,
1052 1262 1107 1321 nisi
1129 1261 1161 1318 in

110 1373 124 1403 ι
143 1359 288 1426 mrantum
303 1369 399 1426 causa,
415 1359 444 1410 et
458 1367 544 1410 causa
559 1352 589 1409 in
604 1357 742 1424 quantum
757 1349 933 1422 substantia,
950 1347 1031 1422 idest,
1046 1361 1112 1406 curn
1127 1345 1165 1403 sit

110 1457 124 1489 a
143 1451 237 1494 causa
250 1436 389 1509 absoluta,
406 1450 499 1494 unrsm
512 1442 541 1494 et
556 1435 659 1509 multa,
676 1434 830 1494 aeternitas
844 1439 872 1493 et
888 1439 1021 1505 tempus,
1039 1431 1164 1505 spatium

111 1543 124 1574 ι
143 1526 174 1586 et
192 1535 350 1595 numerus,
372 1519 496 1580 essentia
509 1527 538 1580 et
551 1521 625 1593 rita,
641 1518 825 1578 individuitas
844 1523 873 1577 et
893 1517 1035 1589 totalitas,
1059 1513 1164 1589 princi-

93 1642 96 1655 ·
113 1625 126 1658 a
142 1605 245 1680 pium,
262 1603 336 1680 linis,
354 1611 382 1665 cl
395 1606 532 1679 medium,
549 1604 581 1664 ln
596 1603 708 1678 fastigio
722 1603 858 1664 realitatis
875 1603 992 1677 positus,
1011 1605 1038 1660 et
1052 1599 1084 1658 ln
1099 1599 1163 1658 inll-

113 1711 126 1743 ι
144 1704 196 1749 mo
210 1689 347 1750 realitatis
359 1690 459 1765 gradu,
471 1689 600 1749 infinitus
611 1689 717 1764 pariter
727 1697 755 1749 et
766 1687 871 1763 hnitus,
886 1696 1030 1762 postremo
1044 1683 1160 1759 triplex,

112 1795 126 1827 α
144 1775 202 1835 hoc
217 1775 261 1836 est
275 1775 361 1835 simul
374 1775 457 1849 Deus,
474 1781 586 1849 natura,
603 1781 632 1834 et
645 1775 811 1835 humanitas
827 1776 838 1822 l
860 1797 884 1834 ι.

148 1861 234 1936 llesp.
246 1858 322 1921 ‘Dtst
338 1858 523 1920 Antecedccs:
538 1860 598 1920 llon
614 1861 700 1924 ualet,
717 1861 742 1920 si
756 1859 859 1919 rationi
875 1855 1008 1918 nuntium
1024 1873 1054 1918 se
1070 1853 1159 1916 omni·
1262 1840 1265 1855 ⁴

110 1961 150 2006 no
160 1946 277 2006 misisse
291 1947 427 2021 latentur,
439 1945 575 2019 coucedc‚·
586 1945 739 2006 strationis
753 1945 861 2021 aliqtrld
876 1945 1009 2018 retinent,
1021 1940 1161 2018 acproin·

111 2031 148 2091 tle
162 2031 339 2108 principium
354 2033 454 2091 saltem
469 2031 701 2091 contradictionis
717 2031 880 2098 admittunt,
897 2045 978 2105 nepo.

147 2115 276 2176 Portenti
294 2115 371 2175 illius
394 2115 506 2192 patroni
526 2117 672 2176 notionem
688 2115 738 2175 Dei
757 2116 797 2175 ita
818 2116 999 2189 deformant,
1014 2119 1047 2172 ut
1060 2111 1163 2171 merito

110 2199 241 2259 dubitari
255 2199 345 2274 possit
358 2205 455 2260 utrum
468 2216 503 2259 ea
518 2215 591 2274 qnae
605 2200 720 2274 dicunt,
738 2199 811 2260 serio
828 2201 972 2260 alllrment
986 2203 1014 2259 et
1028 2199 1097 2256 dum
1117 2211 1161 2256 so-

112 2284 173 2342 bril
187 2283 256 2356 sint,
268 2299 306 2342 an
316 2285 409 2360 potius
422 2285 532 2344 ludicre
546 2285 592 2344 rel
607 2291 736 2366 amente
751 2301 866 2362 prorsus
881 2285 1104 2361 peregrinantes.
1119 2279 1162 2341 nl-

113 2369 194 2427 circo
215 2367 399 2428 distinctione
413 2375 456 2428 est
469 2385 549 2444 opus.
570 2371 641 2431 Nam
657 2371 680 2430 si
696 2377 806 2430 constat
827 2387 875 2430 eos
890 2387 907 2429 a
922 2375 1016 2429 mente
1038 2365 1163 2442 peregri-

112 2453 196 2527 nari;
214 2459 282 2512 tunc
297 2453 426 2529 medico,
443 2460 476 2514 ut
491 2455 635 2521 helleboro
649 2464 793 2524 curentur,
811 2456 884 2516 tradi
899 2455 1013 2514 debent.
1030 2451 1078 2510 Sin
1096 2465 1163 2512 vero

112 2538 179 2598 saul
202 2537 298 2598 adhuc
319 2542 404 2614 sunt,
423 2545 452 2598 et
470 2539 570 2599 saltem
591 2541 811 2600 contradictoria
832 2539 918 2600 simul
938 2554 1005 2598 sera
1027 2551 1163 2596 essenon

111 2637 198 2697 posse
216 2623 393 2700 largiuntur;
412 2633 478 2685 tunc
492 2626 617 2701 prolecto
637 2627 713 2702 apud
734 2627 811 2701 ipsos
830 2623 1010 2685 ratiocinatio
1031 2621 1162 2698 superius

112 2706 200 2767 allata
214 2708 338 2768 valitura
352 2717 404 2770 est.
421 2711 495 2771 Nihil
510 2713 589 2770 enim
603 2711 773 2784 euidentius,
786 2725 873 2786 quam
888 2711 1066 2788 characteres
1081 2723 1163 2767 mun-

113 2792 143 2850 dr·
158 2808 229 2852 cum
240 2794 455 2855 characteribus
469 2795 519 2854 bei
534 2796 619 2855 simul
641 2811 699 2855 non
717 2810 800 2870 posse
820 2795 984 2852 consistere.
1005 2795 1065 2852 Non
1083 2792 1162 2850 enim
1238 2852 1240 2862 ,

113 2883 273 2952 utcumque
287 2879 411 2939 invicem
426 2888 568 2955 pugnant3
586 2879 635 2937 sed
650 2880 690 2937 ita
704 2883 842 2955 pugnant,
859 2883 890 2935 ut
904 2893 934 2935 se
948 2876 1075 2934 vicissim
1085 2875 1165 2955 perl-

112 2967 240 3022 mantel
254 2963 325 3021 alter
343 2964 459 3021 alterius
477 2963 532 3020 sibi
551 2963 678 3035 implicet
698 2962 888 3034 negationem.
913 2961 958 3018 Sic
979 2957 1094 3017 llnitum
1109 2973 1159 3017 ex.

113 3064 158 3125 gr.
174 3048 284 3107 hmites
299 3047 432 3122 exquirit,
445 3060 516 3122 quos
533 3047 643 3119 respuit
657 3045 817 3119 infinitum,
830 3046 967 3106 mutabile
984 3046 1060 3105 vices
1076 3043 1163 3118 subit,

114 3146 189 3210 quas
210 3131 307 3192 reiicit
326 3130 522 3204 immutabile;
545 3129 713 3203 contingens
733 3130 900 3190 necessitate
920 3137 1015 3204 caret,
1033 3145 1164 3188 necessa·

115 3221 193 3280 rium
207 3216 418 3292 contingentia3
430 3215 554 3291 simplex
567 3221 662 3290 partes
678 3214 814 3290 excludit,
825 3231 896 3290 quas
907 3216 1095 3291 compositum
1109 3211 1165 3275 sibi

116 3303 255 3366 vindicat.

153 3389 244 3450 Obiic.
261 3385 304 3448 ll.-
320 3382 355 3449 m
370 3385 548 3448 characteres
563 3385 594 3446 in
609 3392 721 3448 tantum
736 3393 896 3464 repugnant
910 3389 1003 3449 eidem
1019 3387 1162 3460 subiecto,

120 3471 151 3532 in
169 3481 308 3551 quandum
327 3481 481 3535 sumuntur
499 3474 553 3534 sub
572 3475 672 3535 eodem
692 3479 833 3551 respectu.
850 3475 907 3536 Hoc
922 3481 1017 3535 aulem
1036 3469 1163 3549 panthei·

124 3563 182 3621 stae
197 3577 256 3622 non
271 3559 391 3621 iaciunt.

123 3827 260 3961 ulium&
275 3833 383 3886 humore
398 3826 467 3886 Boni
482 3848 527 3886 scr
542 3831 621 3886 l'lo'st.
641 3833 669 3886 ds
686 3832 711 3888 to
725 3833 812 3901 pillos
821 3849 851 3886 eo
860 3835 950 3886 droam
965 3847 998 3886 ou
1013 3828 1164 3898 dic-medl-
