2767 4492
515 353 755 402 mansurarum
1104 337 1159 402 283
1235 424 1237 428 Υ

115 446 149 507 de
169 445 359 521 turpificatum
374 441 503 503 animum
518 443 715 517 praescierunt
729 442 760 516 ii,
777 439 826 516 qui
840 440 953 518 proprio
963 441 1086 518 principi
1094 442 1159 506 finon

113 534 198 593 modo
221 533 365 592 internum
380 545 507 589 amorem
522 530 682 601 denegant,
703 528 752 587 sed
776 529 967 588 etiamverbis
983 534 1032 587 aut
1046 528 1159 602 scriptis

115 618 241 678 maculas
256 623 422 692 aspergunt3
437 615 486 690 qui
496 615 615 689 proinde
630 629 688 672 non
698 613 837 672 libertatis
846 613 930 672 laude
943 614 1071 686 (libertas
1081 614 1160 672 enim

116 706 215 765 aritio
234 705 400 778 seiungitur)
417 703 466 761 sed
480 701 625 777 pravitatis
639 709 707 760 nota
722 701 799 775 digni
815 708 890 760 sunt.

154 793 209 852 Nec
224 807 292 850 vero
306 791 377 848 haec
401 788 513 847 dilectio
532 787 727 847 defervescere
744 791 792 846 aut
803 785 939 845 imminui
953 785 1037 845 debet
1056 802 1094 846 ex
1107 803 1156 862 eo,

120 877 196 952 quod
211 891 341 935 summus
360 877 505 949 imperans
520 873 550 932 iu
565 874 691 948 gerenda
710 871 857 947 republica
879 870 1032 944 aliquando
1047 877 1158 946 peccet,

118 961 177 1020 sive
193 977 230 1020 ex
245 961 356 1019 delectu
379 959 531 1032 scientiae,
552 959 611 1021 sivo
633 973 670 1016 ex
684 958 753 1017 vitio
771 957 933 1016 voluntatis.
957 957 1028 1014 Nam
1047 971 1113 1014 cum
1132 961 1161 1013 et

118 1046 178 1120 ipso
194 1047 278 1104 bomo
294 1047 339 1119 sit,
358 1059 390 1103 ac
406 1045 524 1118 proinde
538 1043 626 1102 errori
641 1048 670 1102 et
684 1042 889 1116 cupiditatibus
905 1041 1064 1114 obnoxius3
1084 1041 1160 1098 iuiu-

119 1139 194 1190 stum
216 1137 259 1189 est
274 1136 302 1189 et
325 1130 428 1188 rationi
447 1144 610 1202 repugnans
636 1127 672 1186 ab
691 1143 725 1186 eo
744 1127 808 1201 plus
830 1125 1010 1200 perfectionis
1030 1125 1159 1198 exigere,

120 1233 206 1292 quam
224 1217 349 1273 talamana
364 1215 515 1272 intirmitas
529 1214 613 1272 ierat.
634 1211 763 1287 Optabile
782 1212 898 1286 quidem
911 1217 963 1284 est,
979 1215 1012 1269 ut
1026 1210 1160 1284 princeps

118 1315 267 1372 utinquam
287 1299 399 1357 labatur
418 1304 467 1357 aut
484 1300 587 1357 saltem
609 1313 758 1370 uunquam
779 1301 878 1370 sponte
893 1312 977 1354 saraa
995 1295 1099 1354 virtute
1116 1295 1159 1353 di·

119 1387 230 1458 scodat3
248 1386 322 1459 qaod
333 1384 503 1457 optimorum
520 1383 749 1442 consiliarionrm
765 1382 951 1456 adminiculo,
964 1387 1025 1439 tum
1035 1395 1162 1455 praeser-

122 1471 171 1529 tim
188 1471 301 1528 ‹livinac
316 1468 462 1542 religionis
474 1469 615 1544 praesidio
625 1485 683 1527 uon
699 1483 763 1527 raro
773 1468 802 1526 iu
814 1467 959 1526 catholicis
973 1465 1173 1541 principibus.

121 1555 214 1628 quoad
230 1571 276 1613 res
291 1555 391 1613 saltem
401 1554 518 1614 maioris
533 1554 681 1626 momenti,
693 1553 876 1627 conspicitur.
885 1553 918 1609 lt
932 1552 957 1610 si
972 1550 1086 1625 quando
1097 1564 1163 1608 con·

122 1639 240 1698 trarium
251 1639 362 1712 accidit,
375 1654 433 1697 uon
448 1639 558 1697 idcirco
568 1638 625 1696 illis
634 1653 802 1697 succensere
813 1636 901 1695 animi
913 1635 1092 1694 subditorum
1103 1648 1164 1708 pos·

121 1727 195 1797 saint,
213 1728 262 1782 aut
276 1739 402 1783 amorem
417 1724 550 1782 debitum
565 1723 748 1782 imminuere.
764 1722 833 1780 Labi
847 1722 925 1780 enim
936 1721 1095 1779 humanum
1109 1721 1161 1791 est,

121 1813 150 1868 et
163 1807 284 1866 humani
299 1808 372 1866 nihil
383 1825 400 1866 a
410 1808 591 1882 principibus
607 1808 732 1866 alienum
741 1807 836 1882 putari
845 1806 945 1878 debet;
962 1803 1128 1879 praesertim
1139 1801 1165 1862 si

121 1893 250 1969 pericula
263 1894 481 1952 considerentur
497 1894 601 1968 quibus
616 1893 809 1964 obiiciantur,
827 1897 855 1950 et
870 1891 1051 1949 dilticultates
1065 1903 1164 1946 muue-

121 1980 171 2052 ris,
183 1979 257 2053 quod
274 1984 421 2037 exercent.
436 1979 509 2037 Satis
524 1979 578 2037 erit
592 1981 617 2036 si
630 1971 820 2037 communiter
834 1976 955 2035 scienter
970 1981 998 2033 et
1012 1975 1086 2032 iuste
1101 1989 1165 2047 ope·

122 2069 231 2137 rentur,
249 2063 415 2135 praesertim
433 2078 498 2120 cum
515 2065 550 2120 de
565 2065 766 2123 communibus
788 2063 908 2137 nogmtiis
930 2062 1035 2136 agitur3
1053 2066 1113 2117 tum
1135 2063 1166 2116 ut

123 2150 215 2208 studio
238 2148 368 2221 publicae
391 2147 533 2204 felicitatis
558 2148 722 2206 animentur
737 2154 765 2207 et
780 2148 932 2222 prudentia
946 2147 976 2204 iu
992 2146 1077 2204 rebus
1098 2138 1166 2202 deli-

123 2233 237 2290 nieudis
253 2237 331 2288 tauta
348 2235 473 2303 utantur,
490 2237 625 2304 quantam
643 2233 748 2304 patitur
763 2234 889 2291 binmaus
905 2233 1038 2292 conditio.

160 2317 248 2388 litque
263 2315 319 2373 huc
339 2315 425 2374 etiam
443 2316 572 2373 revocari
587 2321 679 2389 potest
703 2315 852 2389 obligatio,
870 2333 927 2388 qua
949 2318 1025 2375 cives
1046 2316 1167 2375 adstriu·
1264 2376 1266 2379 ,
1295 2359 1298 2364 -

125 2406 231 2472 guntur
246 2414 306 2457 uou
319 2399 451 2458 studendi
466 2401 547 2458 nouis
563 2401 659 2472 rebus,
671 2414 738 2458 cum
752 2400 857 2457 iniuria
872 2400 986 2456 illorum
1001 2401 1052 2472 qui
1067 2416 1166 2473 supro·
1257 2446 1262 2459 ι

125 2500 174 2544 ma
189 2485 357 2543 auctoritato
369 2485 514 2544 fruuntur.
533 2485 610 2544 blodo
625 2486 702 2543 onim
717 2485 846 2557 regimen
860 2483 1019 2556 legitimum
1034 2483 1070 2540 sit
1084 2491 1168 2556 atquo

125 2585 277 2644 apcrsoua
291 2571 387 2645 aliqua
401 2571 446 2630 vel
461 2576 542 2630 coetu
558 2585 693 2645 suprema
708 2567 860 2629 auctoritas
875 2569 950 2626 iuste
970 2567 1164 2645 possideatur,

125 2655 304 2715 observanda
318 2663 346 2715 et
367 2657 523 2717 reverendo
539 2657 574 2716 ab
591 2656 726 2716 omuibus
740 2661 798 2728 est,
820 2669 874 2712 uec
896 2653 1051 2727 quidquam
1070 2658 1168 2711 eontra

126 2741 205 2799 illam
221 2741 314 2800 moliri
329 2741 403 2810 licet,
421 2743 490 2816 quin
505 2743 638 2802 contiuuo
654 2740 877 2816 perdullioniset
890 2735 1043 2811 impietatis
1057 2735 1168 2794 crimen

126 2826 297 2884 incurratur.
318 2827 372 2884 b'ec
387 2843 454 2885 vero
469 2827 522 2886 bac
538 2829 569 2886 iu
584 2843 615 2886 re
630 2827 732 2886 stolida
748 2826 796 2884 illa
815 2824 886 2883 ratio
902 2823 1056 2897 quidquam
1080 2821 1165 2895 ualet,

126 2927 183 2983 qua
197 2910 360 2969 rebellionis
376 2913 502 2985 studiosi,
520 2918 548 2971 et
562 2913 705 2971 lortuuam
720 2911 751 2970 in
766 2911 870 2968 melius
883 2915 995 2968 mutare
1009 2908 1166 2983 cupientes,
1208 2946 1211 2950 -

126 2995 163 3051 ad
176 2994 323 3067 proprium
337 2997 491 3068 tegendum
507 2997 600 3056 scelus
615 2997 832 3069 illudendosque
842 2994 1029 3068 simpliciores
1037 2999 1165 3066 utuntur,

126 3078 197 3136 dum
212 3078 306 3136 aiunt:
325 3079 411 3138 licere
426 3079 512 3138 etiam
528 3082 567 3154 vi,
585 3087 702 3156 propter
719 3081 827 3140 bouum
841 3095 1003 3151 commune,
1019 3077 1168 3152 regiminis

127 3164 249 3222 formam
265 3163 362 3222 miuus
377 3166 531 3238 perlectam
546 3166 577 3224 in
592 3166 739 3224 meliorem
755 3170 929 3224 convertere.
942 3165 1012 3222 Nam
1023 3163 1054 3221 in
1069 3162 1169 3237 primis

127 3247 158 3305 bi
173 3247 303 3308 homiues
317 3248 406 3322 inepti
421 3251 537 3310 suntad
552 3251 689 3324 optimam
704 3250 853 3324 regiminis
868 3251 990 3308 formam
1012 3247 1169 3307 diiudican-

128 3333 210 3405 dam3
227 3348 280 3392 uec
301 3333 433 3408 publicae
450 3327 600 3395 'felicitatis
625 3337 674 3395 sed
699 3335 802 3410 privati
818 3336 967 3394 dumtaxat
984 3331 1169 3394 emolumenti

127 3417 268 3476 desiderio
283 3419 439 3496 ducuntur,
457 3425 489 3479 ut
504 3427 636 3480 constans
651 3421 828 3496 experientia
843 3421 1027 3480 demonstrat.
1045 3419 1167 3496 Deinde,

128 3507 220 3565 torma
232 3505 380 3578 regiminis
395 3523 452 3565 non
467 3513 509 3566 est
529 3507 609 3580 tanti,
627 3507 726 3581 quanti
741 3521 806 3564 eam
820 3506 867 3565 isti
882 3505 1036 3564 soctietatis
1060 3509 1170 3578 pertur-

127 3591 242 3650 batores
253 3591 376 3663 ducunt3
394 3607 568 3665 quamquam
582 3598 678 3666 postea
694 3591 775 3650 lactis
786 3591 960 3650 contrarium
970 3589 1100 3664 pmbeut.
1117 3591 1169 3650 lle·

127 3675 227 3750 nique,
238 3674 349 3734 etiamsi
365 3675 460 3749 alique
468 3677 617 3748 regiminis
628 3676 720 3735 lorma
734 3675 798 3735 aliis
809 3677 846 3735 sit
855 3675 1056 3749 praestantiam
1073 3679 1169 3736 tamen

128 3761 234 3821 exindo
244 3761 315 3820 ratio
330 3760 551 3836 desumi'nequit
564 3762 601 3820 ad
615 3760 775 3835 legitimum
788 3760 963 3820 auctoritatis
978 3776 1170 3835 possessorem

129 3843 309 3920 laedendum,
320 3846 377 3906 nisi
391 3845 498 3905 utilitas
512 3847 543 3904 in
558 3861 725 3922 supremum
739 3845 913 3920 principium
923 3847 1061 3921 operandi
1071 3854 1099 3908 et
1109 3865 1169 3911 mo

128 3942 195 3987 rum
205 3931 336 4004 regulam
349 3935 540 3995 convertatur.
552 3931 665 4002 Quodsi
679 3930 831 4008 tietantia
844 3931 969 4006 amplius
982 3932 1047 3994 iura
1060 3933 1169 3997 incon·
