<?xml version="1.0" encoding="UTF-8"?>
<!DOCTYPE html PUBLIC "-//W3C//DTD XHTML 1.0 Transitional//EN"
    "http://www.w3.org/TR/xhtml1/DTD/xhtml1-transitional.dtd">
<html xmlns="http://www.w3.org/1999/xhtml" xml:lang="en" lang="en">
 <head>
  <title>
</title>
<meta http-equiv="Content-Type" content="text/html;charset=utf-8" />
  <meta name='ocr-system' content='tesseract 3.04.00' />
  <meta name='ocr-capabilities' content='ocr_page ocr_carea ocr_par ocr_line ocrx_word'/>
</head>
<body>
  <div class='ocr_page' id='page_1' title='image "./institutionesph00libegoog_0082.png"; bbox 0 0 2767 4492; ppageno 0'>
   <div class='ocr_carea' id='block_1_1' title="bbox 226 253 817 316">
    <p class='ocr_par' dir='ltr' id='par_1_1' title="bbox 226 253 817 316">
     <span class='ocr_line' id='line_1_1' title="bbox 226 253 817 316; baseline -0.01 -3"><span class='ocrx_word' id='word_1_1' title='bbox 226 253 265 316; x_wconf 80' lang='lat' dir='ltr'><strong>lt)</strong></span> <span class='ocrx_word' id='word_1_2' title='bbox 689 257 817 308; x_wconf 73' lang='lat' dir='ltr'><strong>testem</strong></span> 
     </span>
    </p>
   </div>
   <div class='ocr_carea' id='block_1_2' title="bbox 223 341 1280 845">
    <p class='ocr_par' dir='ltr' id='par_1_2' title="bbox 223 341 1280 845">
     <span class='ocr_line' id='line_1_2' title="bbox 223 341 1270 422; baseline -0.007 -12"><span class='ocrx_word' id='word_1_3' title='bbox 223 349 285 410; x_wconf 84' lang='lat' dir='ltr'><strong>elui</strong></span> <span class='ocrx_word' id='word_1_4' title='bbox 298 347 441 422; x_wconf 76' lang='lat' dir='ltr'><strong>affulgeat,</strong></span> <span class='ocrx_word' id='word_1_5' title='bbox 455 343 650 420; x_wconf 74' lang='lat' dir='ltr'><strong>motuumque</strong></span> <span class='ocrx_word' id='word_1_6' title='bbox 664 343 837 406; x_wconf 84' lang='lat' dir='ltr'><strong>adhaerendi</strong></span> <span class='ocrx_word' id='word_1_7' title='bbox 849 341 942 415; x_wconf 59' lang='lat' dir='ltr'><strong>mame</strong></span> <span class='ocrx_word' id='word_1_8' title='bbox 954 342 1071 402; x_wconf 82' lang='lat' dir='ltr'><strong>firmum</strong></span> <span class='ocrx_word' id='word_1_9' title='bbox 1085 344 1170 418; x_wconf 90' lang='lat' dir='ltr'><strong>alque</strong></span> <span class='ocrx_word' id='word_1_10' title='bbox 1184 359 1202 402; x_wconf 90' lang='lat' dir='ltr'><strong>a</strong></span> <span class='ocrx_word' id='word_1_11' title='bbox 1215 343 1270 404; x_wconf 88' lang='lat' dir='ltr'><strong>ial-</strong></span> 
     </span>
     <span class='ocr_line' id='line_1_3' title="bbox 226 428 1280 508; baseline -0.008 -12"><span class='ocrx_word' id='word_1_12' title='bbox 226 436 310 496; x_wconf 82' lang='lat' dir='ltr'><strong>sitate</strong></span> <span class='ocrx_word' id='word_1_13' title='bbox 324 435 389 508; x_wconf 92' lang='lat' dir='ltr'><strong>plus</strong></span> <span class='ocrx_word' id='word_1_14' title='bbox 402 431 579 492; x_wconf 81' lang='lat' dir='ltr'><strong>abenum&#39;ad</strong></span> <span class='ocrx_word' id='word_1_15' title='bbox 593 445 741 490; x_wconf 78' lang='lat' dir='ltr'><strong>assensum</strong></span> <span class='ocrx_word' id='word_1_16' title='bbox 755 428 997 502; x_wconf 65' lang='lat' dir='ltr'><strong>uotae-quisque</strong></span> <span class='ocrx_word' id='word_1_17' title='bbox 1010 429 1149 502; x_wconf 75' lang='lat' dir='ltr'><strong>perrptdt</strong></span> <span class='ocrx_word' id='word_1_18' title='bbox 1162 429 1280 500; x_wconf 86' lang='lat' dir='ltr'><strong>certitu·</strong></span> 
     </span>
     <span class='ocr_line' id='line_1_4' title="bbox 225 512 1258 590; baseline -0.004 -12"><span class='ocrx_word' id='word_1_19' title='bbox 225 521 324 583; x_wconf 89' lang='lat' dir='ltr'><strong>dinem</strong></span> <span class='ocrx_word' id='word_1_20' title='bbox 339 519 454 578; x_wconf 86' lang='lat' dir='ltr'><strong>divinae</strong></span> <span class='ocrx_word' id='word_1_21' title='bbox 468 515 545 576; x_wconf 83' lang='lat' dir='ltr'><strong>Fidei</strong></span> <span class='ocrx_word' id='word_1_22' title='bbox 560 515 687 590; x_wconf 91' lang='lat' dir='ltr'><strong>qualibet</strong></span> <span class='ocrx_word' id='word_1_23' title='bbox 701 513 826 572; x_wconf 86' lang='lat' dir='ltr'><strong>naturali</strong></span> <span class='ocrx_word' id='word_1_24' title='bbox 841 512 1011 572; x_wconf 83' lang='lat' dir='ltr'><strong>certitudine</strong></span> <span class='ocrx_word' id='word_1_25' title='bbox 1026 512 1166 572; x_wconf 89' lang='lat' dir='ltr'><strong>maiorem</strong></span> <span class='ocrx_word' id='word_1_26' title='bbox 1182 530 1258 574; x_wconf 87' lang='lat' dir='ltr'><strong>esse.</strong></span> 
     </span>
     <span class='ocr_line' id='line_1_5' title="bbox 259 597 1279 681; baseline -0.006 -18"><span class='ocrx_word' id='word_1_27' title='bbox 259 603 293 663; x_wconf 87' lang='lat' dir='ltr'><strong>iit</strong></span> <span class='ocrx_word' id='word_1_28' title='bbox 305 619 375 662; x_wconf 87' lang='lat' dir='ltr'><strong>saue</strong></span> <span class='ocrx_word' id='word_1_29' title='bbox 388 602 486 662; x_wconf 84' lang='lat' dir='ltr'><strong>divina</strong></span> <span class='ocrx_word' id='word_1_30' title='bbox 507 601 675 681; x_wconf 73' lang='lat' dir='ltr'><strong>securitas,</strong></span> <span class='ocrx_word' id='word_1_31' title='bbox 694 613 753 672; x_wconf 86' lang='lat' dir='ltr'><strong>qua</strong></span> <span class='ocrx_word' id='word_1_32' title='bbox 767 597 804 656; x_wconf 86' lang='lat' dir='ltr'><strong>ad</strong></span> <span class='ocrx_word' id='word_1_33' title='bbox 817 597 993 656; x_wconf 82' lang='lat' dir='ltr'><strong>credendum</strong></span> <span class='ocrx_word' id='word_1_34' title='bbox 1011 597 1203 671; x_wconf 89' lang='lat' dir='ltr'><strong>impellimur;</strong></span> <span class='ocrx_word' id='word_1_35' title='bbox 1217 613 1279 657; x_wconf 86' lang='lat' dir='ltr'><strong>ma-</strong></span> 
     </span>
     <span class='ocr_line' id='line_1_6' title="bbox 225 681 1279 763; baseline -0.006 -16"><span class='ocrx_word' id='word_1_36' title='bbox 225 689 271 763; x_wconf 84' lang='lat' dir='ltr'><strong>gis</strong></span> <span class='ocrx_word' id='word_1_37' title='bbox 282 694 327 748; x_wconf 84' lang='lat' dir='ltr'><strong>est</strong></span> <span class='ocrx_word' id='word_1_38' title='bbox 339 686 454 748; x_wconf 85' lang='lat' dir='ltr'><strong>errandi</strong></span> <span class='ocrx_word' id='word_1_39' title='bbox 474 684 580 756; x_wconf 73' lang='lat' dir='ltr'><strong>neema,</strong></span> <span class='ocrx_word' id='word_1_40' title='bbox 597 699 682 756; x_wconf 90' lang='lat' dir='ltr'><strong>quam</strong></span> <span class='ocrx_word' id='word_1_41' title='bbox 703 682 847 756; x_wconf 87' lang='lat' dir='ltr'><strong>quaelibet</strong></span> <span class='ocrx_word' id='word_1_42' title='bbox 861 681 1056 756; x_wconf 75' lang='lat' dir='ltr'><strong>metaphysica</strong></span> <span class='ocrx_word' id='word_1_43' title='bbox 1070 682 1219 741; x_wconf 84' lang='lat' dir='ltr'><strong>euidentia</strong></span> <span class='ocrx_word' id='word_1_44' title='bbox 1232 697 1279 742; x_wconf 84' lang='lat' dir='ltr'><strong>ra·</strong></span> 
     </span>
     <span class='ocr_line' id='line_1_7' title="bbox 228 766 1278 845; baseline -0.009 -12"><span class='ocrx_word' id='word_1_45' title='bbox 228 771 323 832; x_wconf 79' lang='lat' dir='ltr'><strong>bonis.</strong></span> <span class='ocrx_word' id='word_1_46' title='bbox 342 771 468 845; x_wconf 88' lang='lat' dir='ltr'><strong>itemque</strong></span> <span class='ocrx_word' id='word_1_47' title='bbox 482 770 580 828; x_wconf 89' lang='lat' dir='ltr'><strong>lumen</strong></span> <span class='ocrx_word' id='word_1_48' title='bbox 597 767 683 840; x_wconf 84' lang='lat' dir='ltr'><strong>Fidei,</strong></span> <span class='ocrx_word' id='word_1_49' title='bbox 702 781 854 840; x_wconf 88' lang='lat' dir='ltr'><strong>quomens</strong></span> <span class='ocrx_word' id='word_1_50' title='bbox 870 766 1037 837; x_wconf 77' lang='lat' dir='ltr'><strong>illustratur,</strong></span> <span class='ocrx_word' id='word_1_51' title='bbox 1053 767 1211 840; x_wconf 73' lang='lat' dir='ltr'>quamlibet</span> <span class='ocrx_word' id='word_1_52' title='bbox 1224 782 1278 826; x_wconf 91' lang='lat' dir='ltr'><strong>ua·</strong></span> 
     </span>
    </p>
   </div>
   <div class='ocr_carea' id='block_1_3' title="bbox 226 850 1349 3706">
    <p class='ocr_par' dir='ltr' id='par_1_3' title="bbox 226 850 1277 2259">
     <span class='ocr_line' id='line_1_8' title="bbox 226 850 1277 927; baseline -0.005 -12"><span class='ocrx_word' id='word_1_53' title='bbox 226 857 349 916; x_wconf 88' lang='lat' dir='ltr'><strong>turalam</strong></span> <span class='ocrx_word' id='word_1_54' title='bbox 362 855 565 927; x_wconf 83' lang='lat' dir='ltr'><strong>intelligentiae</strong></span> <span class='ocrx_word' id='word_1_55' title='bbox 580 853 672 912; x_wconf 89' lang='lat' dir='ltr'><strong>lucem</strong></span> <span class='ocrx_word' id='word_1_56' title='bbox 687 859 856 925; x_wconf 58' lang='lat' dir='ltr'><strong>exsuperem</strong></span> <span class='ocrx_word' id='word_1_57' title='bbox 870 850 1012 923; x_wconf 90' lang='lat' dir='ltr'><strong>siquidem</strong></span> <span class='ocrx_word' id='word_1_58' title='bbox 1022 852 1058 908; x_wconf 93' lang='lat' dir='ltr'><strong>ad</strong></span> <span class='ocrx_word' id='word_1_59' title='bbox 1068 851 1199 919; x_wconf 76' lang='lat' dir='ltr'>ordinem</span> <span class='ocrx_word' id='word_1_60' title='bbox 1213 856 1277 910; x_wconf 86' lang='lat' dir='ltr'><strong>lou·</strong></span> 
     </span>
     <span class='ocr_line' id='line_1_9' title="bbox 226 934 1276 1014; baseline -0.002 -16"><span class='ocrx_word' id='word_1_61' title='bbox 226 956 262 1014; x_wconf 84' lang='lat' dir='ltr'><strong>gs</strong></span> <span class='ocrx_word' id='word_1_62' title='bbox 275 939 471 1004; x_wconf 78' lang='lat' dir='ltr'><strong>sublimiorem</strong></span> <span class='ocrx_word' id='word_1_63' title='bbox 491 938 620 1012; x_wconf 79' lang='lat' dir='ltr'><strong>pertinet·</strong></span> <span class='ocrx_word' id='word_1_64' title='bbox 636 937 675 996; x_wconf 83' lang='lat' dir='ltr'><strong>ild</strong></span> <span class='ocrx_word' id='word_1_65' title='bbox 691 951 753 998; x_wconf 86' lang='lat' dir='ltr'><strong>rem</strong></span> <span class='ocrx_word' id='word_1_66' title='bbox 768 936 898 994; x_wconf 87' lang='lat' dir='ltr'><strong>laudatus</strong></span> <span class='ocrx_word' id='word_1_67' title='bbox 919 937 1042 1002; x_wconf 76' lang='lat' dir='ltr'><strong>suarez,</strong></span> <span class='ocrx_word' id='word_1_68' title='bbox 1056 934 1105 1009; x_wconf 92' lang='lat' dir='ltr'><strong>qui</strong></span> <span class='ocrx_word' id='word_1_69' title='bbox 1123 943 1276 1010; x_wconf 88' lang='lat' dir='ltr'><strong>postquam</strong></span> 
     </span>
     <span class='ocr_line' id='line_1_10' title="bbox 227 1019 1274 1093; baseline -0.004 -11"><span class='ocrx_word' id='word_1_70' title='bbox 227 1023 350 1082; x_wconf 85' lang='lat' dir='ltr'><strong>asseruit</strong></span> <span class='ocrx_word' id='word_1_71' title='bbox 362 1023 459 1082; x_wconf 82' lang='lat' dir='ltr'><strong>Fidem</strong></span> <span class='ocrx_word' id='word_1_72' title='bbox 478 1021 605 1080; x_wconf 86' lang='lat' dir='ltr'><strong>diuinam</strong></span> <span class='ocrx_word' id='word_1_73' title='bbox 626 1020 796 1080; x_wconf 80' lang='lat' dir='ltr'><strong>certitudine</strong></span> <span class='ocrx_word' id='word_1_74' title='bbox 816 1019 958 1086; x_wconf 86' lang='lat' dir='ltr'><strong>naturali,</strong></span> <span class='ocrx_word' id='word_1_75' title='bbox 979 1034 1181 1093; x_wconf 87' lang='lat' dir='ltr'><strong>quaecumque</strong></span> <span class='ocrx_word' id='word_1_76' title='bbox 1200 1021 1274 1086; x_wconf 87' lang='lat' dir='ltr'><strong>baec</strong></span> 
     </span>
     <span class='ocr_line' id='line_1_11' title="bbox 227 1105 1273 1181; baseline -0.003 -14"><span class='ocrx_word' id='word_1_77' title='bbox 227 1109 274 1179; x_wconf 81' lang='lat' dir='ltr'><strong>sit,</strong></span> <span class='ocrx_word' id='word_1_78' title='bbox 289 1107 371 1181; x_wconf 81' lang='lat' dir='ltr'><strong>longe</strong></span> <span class='ocrx_word' id='word_1_79' title='bbox 385 1107 560 1180; x_wconf 89' lang='lat' dir='ltr'><strong>superiorem</strong></span> <span class='ocrx_word' id='word_1_80' title='bbox 574 1121 651 1177; x_wconf 86' lang='lat' dir='ltr'><strong>esse;</strong></span> <span class='ocrx_word' id='word_1_81' title='bbox 666 1105 708 1172; x_wconf 83' lang='lat' dir='ltr'><strong>sic</strong></span> <span class='ocrx_word' id='word_1_82' title='bbox 722 1105 916 1178; x_wconf 73' lang='lat' dir='ltr'><strong>prosequitur:</strong></span> <span class='ocrx_word' id='word_1_83' title='bbox 932 1127 943 1155; x_wconf 74' lang='grc' dir='ltr'>ι</span> <span class='ocrx_word' id='word_1_84' title='bbox 957 1105 1037 1164; x_wconf 82' lang='lat' dir='ltr'><strong>Ratio</strong></span> <span class='ocrx_word' id='word_1_85' title='bbox 1049 1111 1146 1162; x_wconf 89' lang='lat' dir='ltr'><strong>autem</strong></span> <span class='ocrx_word' id='word_1_86' title='bbox 1160 1107 1273 1179; x_wconf 81' lang='lat' dir='ltr'><strong>proprie</strong></span> 
     </span>
     <span class='ocr_line' id='line_1_12' title="bbox 231 1188 1271 1262; baseline -0.003 -12"><span class='ocrx_word' id='word_1_87' title='bbox 231 1216 242 1243; x_wconf 74' lang='lat' dir='ltr'><strong>a</strong></span> <span class='ocrx_word' id='word_1_88' title='bbox 256 1191 378 1250; x_wconf 83' lang='lat' dir='ltr'><strong>sumitur</strong></span> <span class='ocrx_word' id='word_1_89' title='bbox 392 1207 429 1250; x_wconf 84' lang='lat' dir='ltr'><strong>ex</strong></span> <span class='ocrx_word' id='word_1_90' title='bbox 443 1189 591 1248; x_wconf 82' lang='lat' dir='ltr'><strong>altioribus</strong></span> <span class='ocrx_word' id='word_1_91' title='bbox 604 1190 709 1261; x_wconf 84' lang='lat' dir='ltr'><strong>causis,</strong></span> <span class='ocrx_word' id='word_1_92' title='bbox 720 1189 825 1262; x_wconf 91' lang='lat' dir='ltr'><strong>quibus</strong></span> <span class='ocrx_word' id='word_1_93' title='bbox 839 1188 939 1248; x_wconf 89' lang='lat' dir='ltr'><strong>nititur</strong></span> <span class='ocrx_word' id='word_1_94' title='bbox 953 1189 1091 1247; x_wconf 76' lang='lat' dir='ltr'><strong>certitudo</strong></span> <span class='ocrx_word' id='word_1_95' title='bbox 1102 1188 1194 1262; x_wconf 80' lang='lat' dir='ltr'><strong>Fidei3</strong></span> <span class='ocrx_word' id='word_1_96' title='bbox 1206 1189 1271 1247; x_wconf 91' lang='lat' dir='ltr'><strong>iun·</strong></span> 
     </span>
     <span class='ocr_line' id='line_1_13' title="bbox 231 1273 1272 1348; baseline 0.005 -20"><span class='ocrx_word' id='word_1_97' title='bbox 231 1277 339 1334; x_wconf 77' lang='lat' dir='ltr'><strong>«datur</strong></span> <span class='ocrx_word' id='word_1_98' title='bbox 356 1275 477 1334; x_wconf 89' lang='lat' dir='ltr'><strong>enimin</strong></span> <span class='ocrx_word' id='word_1_99' title='bbox 490 1275 582 1348; x_wconf 87' lang='lat' dir='ltr'><strong>prima</strong></span> <span class='ocrx_word' id='word_1_100' title='bbox 603 1273 741 1344; x_wconf 78' lang='lat' dir='ltr'><strong>veritate,</strong></span> <span class='ocrx_word' id='word_1_101' title='bbox 757 1288 845 1346; x_wconf 88' lang='lat' dir='ltr'><strong>quam</strong></span> <span class='ocrx_word' id='word_1_102' title='bbox 861 1273 958 1332; x_wconf 86' lang='lat' dir='ltr'><strong>tallere</strong></span> <span class='ocrx_word' id='word_1_103' title='bbox 972 1277 1019 1332; x_wconf 86' lang='lat' dir='ltr'><strong>uel</strong></span> <span class='ocrx_word' id='word_1_104' title='bbox 1034 1273 1093 1332; x_wconf 89' lang='lat' dir='ltr'><strong>lalli</strong></span> <span class='ocrx_word' id='word_1_105' title='bbox 1107 1273 1272 1347; x_wconf 90' lang='lat' dir='ltr'><strong>impossibi-</strong></span> 
     </span>
     <span class='ocr_line' id='line_1_14' title="bbox 231 1357 1271 1433; baseline -0.001 -14"><span class='ocrx_word' id='word_1_106' title='bbox 231 1359 311 1420; x_wconf 82' lang='lat' dir='ltr'><strong>«lius</strong></span> <span class='ocrx_word' id='word_1_107' title='bbox 325 1365 369 1418; x_wconf 91' lang='lat' dir='ltr'><strong>est</strong></span> <span class='ocrx_word' id='word_1_108' title='bbox 381 1375 467 1433; x_wconf 89' lang='lat' dir='ltr'><strong>quam</strong></span> <span class='ocrx_word' id='word_1_109' title='bbox 482 1358 640 1418; x_wconf 86' lang='lat' dir='ltr'><strong>naturalem</strong></span> <span class='ocrx_word' id='word_1_110' title='bbox 655 1358 805 1416; x_wconf 90' lang='lat' dir='ltr'><strong>scientiam</strong></span> <span class='ocrx_word' id='word_1_111' title='bbox 819 1357 943 1416; x_wconf 87' lang='lat' dir='ltr'><strong>bominis</strong></span> <span class='ocrx_word' id='word_1_112' title='bbox 960 1373 1067 1416; x_wconf 90' lang='lat' dir='ltr'><strong>errare.</strong></span> <span class='ocrx_word' id='word_1_113' title='bbox 1084 1359 1153 1416; x_wconf 90' lang='lat' dir='ltr'><strong>ltem</strong></span> <span class='ocrx_word' id='word_1_114' title='bbox 1167 1359 1271 1432; x_wconf 85' lang='lat' dir='ltr'><strong>pendet</strong></span> 
     </span>
     <span class='ocr_line' id='line_1_15' title="bbox 231 1441 1274 1514; baseline -0.001 -11"><span class='ocrx_word' id='word_1_115' title='bbox 231 1445 394 1504; x_wconf 77' lang='lat' dir='ltr'><strong>«certitudo</strong></span> <span class='ocrx_word' id='word_1_116' title='bbox 408 1443 485 1502; x_wconf 85' lang='lat' dir='ltr'><strong>Fidei</strong></span> <span class='ocrx_word' id='word_1_117' title='bbox 500 1459 537 1501; x_wconf 81' lang='lat' dir='ltr'><strong>ex</strong></span> <span class='ocrx_word' id='word_1_118' title='bbox 552 1443 660 1502; x_wconf 90' lang='lat' dir='ltr'><strong>lumine</strong></span> <span class='ocrx_word' id='word_1_119' title='bbox 674 1442 771 1500; x_wconf 87' lang='lat' dir='ltr'><strong>inluso</strong></span> <span class='ocrx_word' id='word_1_120' title='bbox 786 1448 815 1499; x_wconf 89' lang='lat' dir='ltr'><strong>at</strong></span> <span class='ocrx_word' id='word_1_121' title='bbox 828 1441 935 1513; x_wconf 75' lang='lat' dir='ltr'><strong>divino,</strong></span> <span class='ocrx_word' id='word_1_122' title='bbox 947 1443 1023 1514; x_wconf 89' lang='lat' dir='ltr'><strong>quod</strong></span> <span class='ocrx_word' id='word_1_123' title='bbox 1036 1442 1120 1514; x_wconf 83' lang='lat' dir='ltr'><strong>lenge</strong></span> <span class='ocrx_word' id='word_1_124' title='bbox 1133 1443 1274 1502; x_wconf 80' lang='lat' dir='ltr'><strong>excellen-</strong></span> 
     </span>
     <span class='ocr_line' id='line_1_16' title="bbox 229 1525 1275 1600; baseline 0.004 -20"><span class='ocrx_word' id='word_1_125' title='bbox 229 1527 312 1586; x_wconf 71' lang='lat' dir='ltr'><strong>tlius</strong></span> <span class='ocrx_word' id='word_1_126' title='bbox 333 1533 392 1599; x_wconf 83' lang='lat' dir='ltr'><strong>est,</strong></span> <span class='ocrx_word' id='word_1_127' title='bbox 408 1541 495 1600; x_wconf 89' lang='lat' dir='ltr'><strong>quam</strong></span> <span class='ocrx_word' id='word_1_128' title='bbox 517 1527 613 1584; x_wconf 88' lang='lat' dir='ltr'><strong>lumen</strong></span> <span class='ocrx_word' id='word_1_129' title='bbox 634 1525 763 1584; x_wconf 87' lang='lat' dir='ltr'><strong>naturale</strong></span> <span class='ocrx_word' id='word_1_130' title='bbox 778 1525 947 1584; x_wconf 85' lang='lat' dir='ltr'><strong>intellectus.</strong></span> <span class='ocrx_word' id='word_1_131' title='bbox 964 1525 1134 1584; x_wconf 83' lang='lat' dir='ltr'><strong>Huiusmodi</strong></span> <span class='ocrx_word' id='word_1_132' title='bbox 1152 1543 1221 1599; x_wconf 80' lang='lat' dir='ltr'><strong>ergo</strong></span> <span class='ocrx_word' id='word_1_133' title='bbox 1236 1527 1275 1585; x_wconf 92' lang='lat' dir='ltr'><strong>lu·</strong></span> 
     </span>
     <span class='ocr_line' id='line_1_17' title="bbox 231 1608 1272 1684; baseline -0.001 -14"><span class='ocrx_word' id='word_1_134' title='bbox 231 1625 322 1670; x_wconf 77' lang='lat' dir='ltr'><strong>«men</strong></span> <span class='ocrx_word' id='word_1_135' title='bbox 334 1611 424 1670; x_wconf 85' lang='lat' dir='ltr'><strong>eliam</strong></span> <span class='ocrx_word' id='word_1_136' title='bbox 438 1610 547 1668; x_wconf 84' lang='lat' dir='ltr'><strong>confert</strong></span> <span class='ocrx_word' id='word_1_137' title='bbox 561 1608 791 1668; x_wconf 80' lang='lat' dir='ltr'><strong>excellentiorem</strong></span> <span class='ocrx_word' id='word_1_138' title='bbox 807 1609 1052 1667; x_wconf 40' lang='lat' dir='ltr'><strong>certitudinem...*</strong></span> <span class='ocrx_word' id='word_1_139' title='bbox 1064 1611 1189 1684; x_wconf 80' lang='lat' dir='ltr'><strong>lienique</strong></span> <span class='ocrx_word' id='word_1_140' title='bbox 1204 1625 1272 1683; x_wconf 88' lang='lat' dir='ltr'><strong>qua·</strong></span> 
     </span>
     <span class='ocr_line' id='line_1_18' title="bbox 231 1692 1274 1769; baseline 0.004 -21"><span class='ocrx_word' id='word_1_141' title='bbox 231 1701 338 1754; x_wconf 75' lang='lat' dir='ltr'><strong>«teum</strong></span> <span class='ocrx_word' id='word_1_142' title='bbox 356 1695 438 1752; x_wconf 86' lang='lat' dir='ltr'><strong>Fides</strong></span> <span class='ocrx_word' id='word_1_143' title='bbox 453 1694 557 1766; x_wconf 89' lang='lat' dir='ltr'><strong>pendet</strong></span> <span class='ocrx_word' id='word_1_144' title='bbox 571 1709 607 1750; x_wconf 83' lang='lat' dir='ltr'><strong>ex</strong></span> <span class='ocrx_word' id='word_1_145' title='bbox 623 1692 781 1765; x_wconf 82' lang='lat' dir='ltr'><strong>uoluntate,</strong></span> <span class='ocrx_word' id='word_1_146' title='bbox 798 1700 830 1752; x_wconf 94' lang='lat' dir='ltr'><strong>ut</strong></span> <span class='ocrx_word' id='word_1_147' title='bbox 841 1693 899 1752; x_wconf 89' lang='lat' dir='ltr'><strong>iam</strong></span> <span class='ocrx_word' id='word_1_148' title='bbox 920 1694 1029 1766; x_wconf 83' lang='lat' dir='ltr'><strong>dicam,</strong></span> <span class='ocrx_word' id='word_1_149' title='bbox 1048 1694 1148 1752; x_wconf 87' lang='lat' dir='ltr'><strong>nititur</strong></span> <span class='ocrx_word' id='word_1_150' title='bbox 1165 1695 1274 1769; x_wconf 88' lang='lat' dir='ltr'><strong>inspe-</strong></span> 
     </span>
     <span class='ocr_line' id='line_1_19' title="bbox 231 1777 1274 1851; baseline 0.006 -20"><span class='ocrx_word' id='word_1_151' title='bbox 231 1778 320 1837; x_wconf 78' lang='lat' dir='ltr'><strong>«eiali</strong></span> <span class='ocrx_word' id='word_1_152' title='bbox 335 1778 458 1837; x_wconf 89' lang='lat' dir='ltr'><strong>motione</strong></span> <span class='ocrx_word' id='word_1_153' title='bbox 474 1777 593 1850; x_wconf 85' lang='lat' dir='ltr'><strong>Spiritus</strong></span> <span class='ocrx_word' id='word_1_154' title='bbox 609 1777 720 1849; x_wconf 88' lang='lat' dir='ltr'><strong>Sancti,</strong></span> <span class='ocrx_word' id='word_1_155' title='bbox 741 1793 815 1850; x_wconf 87' lang='lat' dir='ltr'><strong>quuae</strong></span> <span class='ocrx_word' id='word_1_156' title='bbox 832 1778 936 1836; x_wconf 83' lang='lat' dir='ltr'><strong>eldcux</strong></span> <span class='ocrx_word' id='word_1_157' title='bbox 958 1784 1002 1836; x_wconf 89' lang='lat' dir='ltr'><strong>est</strong></span> <span class='ocrx_word' id='word_1_158' title='bbox 1023 1777 1059 1836; x_wconf 88' lang='lat' dir='ltr'><strong>ad</strong></span> <span class='ocrx_word' id='word_1_159' title='bbox 1077 1779 1274 1851; x_wconf 85' lang='lat' dir='ltr'><strong>praestandam</strong></span> 
     </span>
     <span class='ocr_line' id='line_1_20' title="bbox 231 1861 1268 1934; baseline 0.006 -19"><span class='ocrx_word' id='word_1_160' title='bbox 231 1887 242 1914; x_wconf 62' lang='lat' dir='ltr'><strong>a</strong></span> <span class='ocrx_word' id='word_1_161' title='bbox 258 1861 488 1920; x_wconf 80' lang='lat' dir='ltr'><strong>excellentiorem</strong></span> <span class='ocrx_word' id='word_1_162' title='bbox 507 1862 716 1922; x_wconf 88' lang='lat' dir='ltr'><strong>certitudinem.</strong></span> <span class='ocrx_word' id='word_1_163' title='bbox 734 1862 812 1920; x_wconf 90' lang='lat' dir='ltr'><strong>Unde</strong></span> <span class='ocrx_word' id='word_1_164' title='bbox 824 1862 912 1920; x_wconf 89' lang='lat' dir='ltr'><strong>etiam</strong></span> <span class='ocrx_word' id='word_1_165' title='bbox 929 1862 978 1934; x_wconf 89' lang='lat' dir='ltr'><strong>lit,</strong></span> <span class='ocrx_word' id='word_1_166' title='bbox 994 1868 1026 1920; x_wconf 89' lang='lat' dir='ltr'><strong>ut</strong></span> <span class='ocrx_word' id='word_1_167' title='bbox 1039 1863 1178 1921; x_wconf 87' lang='lat' dir='ltr'><strong>certitudo</strong></span> <span class='ocrx_word' id='word_1_168' title='bbox 1193 1863 1268 1922; x_wconf 83' lang='lat' dir='ltr'><strong>Fidei</strong></span> 
     </span>
     <span class='ocr_line' id='line_1_21' title="bbox 232 1947 1271 2021; baseline 0.003 -16"><span class='ocrx_word' id='word_1_169' title='bbox 232 1961 316 2005; x_wconf 81' lang='lat' dir='ltr'><strong>«nou</strong></span> <span class='ocrx_word' id='word_1_170' title='bbox 338 1947 467 2005; x_wconf 86' lang='lat' dir='ltr'><strong>admittat</strong></span> <span class='ocrx_word' id='word_1_171' title='bbox 488 1947 673 2006; x_wconf 86' lang='lat' dir='ltr'><strong>deliberatam</strong></span> <span class='ocrx_word' id='word_1_172' title='bbox 694 1947 900 2006; x_wconf 85' lang='lat' dir='ltr'><strong>dubitationem</strong></span> <span class='ocrx_word' id='word_1_173' title='bbox 921 1949 952 2006; x_wconf 93' lang='lat' dir='ltr'><strong>in</strong></span> <span class='ocrx_word' id='word_1_174' title='bbox 973 1947 1137 2021; x_wconf 87' lang='lat' dir='ltr'><strong>intellectu,</strong></span> <span class='ocrx_word' id='word_1_175' title='bbox 1159 1949 1271 2008; x_wconf 83' lang='lat' dir='ltr'><strong>etiamsi</strong></span> 
     </span>
     <span class='ocr_line' id='line_1_22' title="bbox 231 2030 1273 2105; baseline 0.003 -15"><span class='ocrx_word' id='word_1_176' title='bbox 231 2055 244 2082; x_wconf 75' lang='lat' dir='ltr'><strong>e</strong></span> <span class='ocrx_word' id='word_1_177' title='bbox 256 2030 335 2090; x_wconf 90' lang='lat' dir='ltr'><strong>mille</strong></span> <span class='ocrx_word' id='word_1_178' title='bbox 349 2039 516 2105; x_wconf 86' lang='lat' dir='ltr'><strong>argumenta</strong></span> <span class='ocrx_word' id='word_1_179' title='bbox 531 2037 691 2105; x_wconf 88' lang='lat' dir='ltr'><strong>occurrant,</strong></span> <span class='ocrx_word' id='word_1_180' title='bbox 705 2031 809 2105; x_wconf 92' lang='lat' dir='ltr'><strong>quibus</strong></span> <span class='ocrx_word' id='word_1_181' title='bbox 818 2032 902 2090; x_wconf 87' lang='lat' dir='ltr'><strong>bomo</strong></span> <span class='ocrx_word' id='word_1_182' title='bbox 915 2032 1079 2093; x_wconf 87' lang='lat' dir='ltr'><strong>satislacere</strong></span> <span class='ocrx_word' id='word_1_183' title='bbox 1090 2033 1207 2104; x_wconf 84' lang='lat' dir='ltr'><strong>nesciat,</strong></span> <span class='ocrx_word' id='word_1_184' title='bbox 1218 2033 1273 2093; x_wconf 87' lang='lat' dir='ltr'><strong>nisi</strong></span> 
     </span>
     <span class='ocr_line' id='line_1_23' title="bbox 232 2115 1273 2190; baseline 0.002 -16"><span class='ocrx_word' id='word_1_185' title='bbox 232 2115 292 2174; x_wconf 82' lang='lat' dir='ltr'><strong>«ad</strong></span> <span class='ocrx_word' id='word_1_186' title='bbox 307 2115 404 2174; x_wconf 83' lang='lat' dir='ltr'><strong>Fidem</strong></span> <span class='ocrx_word' id='word_1_187' title='bbox 418 2117 619 2189; x_wconf 81' lang='lat' dir='ltr'><strong>confugiend03</strong></span> <span class='ocrx_word' id='word_1_188' title='bbox 636 2116 713 2189; x_wconf 92' lang='lat' dir='ltr'><strong>quod</strong></span> <span class='ocrx_word' id='word_1_189' title='bbox 725 2122 770 2175; x_wconf 92' lang='lat' dir='ltr'><strong>est</strong></span> <span class='ocrx_word' id='word_1_190' title='bbox 782 2117 869 2175; x_wconf 90' lang='lat' dir='ltr'><strong>etiam</strong></span> <span class='ocrx_word' id='word_1_191' title='bbox 883 2122 1015 2190; x_wconf 86' lang='lat' dir='ltr'><strong>apertum</strong></span> <span class='ocrx_word' id='word_1_192' title='bbox 1031 2116 1145 2190; x_wconf 81' lang='lat' dir='ltr'><strong>signum</strong></span> <span class='ocrx_word' id='word_1_193' title='bbox 1159 2117 1273 2176; x_wconf 89' lang='lat' dir='ltr'><strong>maioris</strong></span> 
     </span>
     <span class='ocr_line' id='line_1_24' title="bbox 232 2199 512 2259; baseline -0.004 0"><span class='ocrx_word' id='word_1_194' title='bbox 232 2199 435 2259; x_wconf 73' lang='lat' dir='ltr'><strong>«certitudinis</strong></span> <span class='ocrx_word' id='word_1_195' title='bbox 451 2202 485 2258; x_wconf 78' lang='lat' dir='ltr'><strong>tl</strong></span> <span class='ocrx_word' id='word_1_196' title='bbox 501 2225 512 2252; x_wconf 80' lang='grc' dir='ltr'><strong><em>ι</em></strong></span> 
     </span>
    </p>

    <p class='ocr_par' dir='ltr' id='par_1_4' title="bbox 227 2284 1349 3706">
     <span class='ocr_line' id='line_1_25' title="bbox 264 2284 1274 2360; baseline 0.003 -18"><span class='ocrx_word' id='word_1_197' title='bbox 264 2284 391 2359; x_wconf 79' lang='lat' dir='ltr'><strong>lienique</strong></span> <span class='ocrx_word' id='word_1_198' title='bbox 411 2288 511 2358; x_wconf 89' lang='lat' dir='ltr'><strong>quaeri</strong></span> <span class='ocrx_word' id='word_1_199' title='bbox 533 2291 628 2360; x_wconf 91' lang='lat' dir='ltr'><strong>posset</strong></span> <span class='ocrx_word' id='word_1_200' title='bbox 648 2291 746 2346; x_wconf 78' lang='lat' dir='ltr'><strong>unum</strong></span> <span class='ocrx_word' id='word_1_201' title='bbox 764 2286 904 2346; x_wconf 82' lang='lat' dir='ltr'><strong>certitudo</strong></span> <span class='ocrx_word' id='word_1_202' title='bbox 919 2286 955 2344; x_wconf 89' lang='lat' dir='ltr'><strong>ab</strong></span> <span class='ocrx_word' id='word_1_203' title='bbox 971 2286 1114 2345; x_wconf 85' lang='lat' dir='ltr'><strong>evidentia</strong></span> <span class='ocrx_word' id='word_1_204' title='bbox 1127 2291 1274 2360; x_wconf 76' lang='lat' dir='ltr'><strong>soperclum</strong></span> 
     </span>
     <span class='ocr_line' id='line_1_26' title="bbox 228 2367 1272 2443; baseline 0 -15"><span class='ocrx_word' id='word_1_205' title='bbox 228 2367 401 2442; x_wconf 83' lang='lat' dir='ltr'><strong>aliquando,</strong></span> <span class='ocrx_word' id='word_1_206' title='bbox 418 2385 469 2428; x_wconf 90' lang='lat' dir='ltr'><strong>seu</strong></span> <span class='ocrx_word' id='word_1_207' title='bbox 483 2375 579 2428; x_wconf 88' lang='lat' dir='ltr'><strong>utrum</strong></span> <span class='ocrx_word' id='word_1_208' title='bbox 597 2369 705 2442; x_wconf 83' lang='lat' dir='ltr'><strong>aliquid</strong></span> <span class='ocrx_word' id='word_1_209' title='bbox 722 2370 811 2443; x_wconf 88' lang='lat' dir='ltr'><strong>possit</strong></span> <span class='ocrx_word' id='word_1_210' title='bbox 831 2369 914 2428; x_wconf 89' lang='lat' dir='ltr'><strong>nobis</strong></span> <span class='ocrx_word' id='word_1_211' title='bbox 935 2376 1045 2428; x_wconf 89' lang='lat' dir='ltr'><strong>certum</strong></span> <span class='ocrx_word' id='word_1_212' title='bbox 1066 2369 1183 2442; x_wconf 66' lang='lat' dir='ltr'><strong>babai,</strong></span> <span class='ocrx_word' id='word_1_213' title='bbox 1202 2370 1272 2443; x_wconf 88' lang='lat' dir='ltr'><strong>quin</strong></span> 
     </span>
     <span class='ocr_line' id='line_1_27' title="bbox 229 2453 1273 2526; baseline -0.001 -14"><span class='ocrx_word' id='word_1_214' title='bbox 229 2459 326 2513; x_wconf 66' lang='lat' dir='ltr'><strong>amen</strong></span> <span class='ocrx_word' id='word_1_215' title='bbox 340 2454 417 2512; x_wconf 89' lang='lat' dir='ltr'><strong>idem</strong></span> <span class='ocrx_word' id='word_1_216' title='bbox 435 2453 472 2512; x_wconf 93' lang='lat' dir='ltr'><strong>sit</strong></span> <span class='ocrx_word' id='word_1_217' title='bbox 487 2454 614 2513; x_wconf 87' lang='lat' dir='ltr'><strong>evidens.</strong></span> <span class='ocrx_word' id='word_1_218' title='bbox 632 2453 691 2521; x_wconf 80' lang='lat' dir='ltr'><strong>Qua</strong></span> <span class='ocrx_word' id='word_1_219' title='bbox 703 2454 735 2512; x_wconf 92' lang='lat' dir='ltr'><strong>in</strong></span> <span class='ocrx_word' id='word_1_220' title='bbox 748 2470 781 2512; x_wconf 89' lang='lat' dir='ltr'><strong>re</strong></span> <span class='ocrx_word' id='word_1_221' title='bbox 795 2454 977 2512; x_wconf 90' lang='lat' dir='ltr'><strong>distinctione</strong></span> <span class='ocrx_word' id='word_1_222' title='bbox 988 2460 1032 2512; x_wconf 87' lang='lat' dir='ltr'><strong>est</strong></span> <span class='ocrx_word' id='word_1_223' title='bbox 1046 2469 1127 2526; x_wconf 89' lang='lat' dir='ltr'><strong>opus.</strong></span> <span class='ocrx_word' id='word_1_224' title='bbox 1141 2455 1211 2512; x_wconf 87' lang='lat' dir='ltr'><strong>llam</strong></span> <span class='ocrx_word' id='word_1_225' title='bbox 1224 2458 1273 2511; x_wconf 89' lang='lat' dir='ltr'><strong>aut</strong></span> 
     </span>
     <span class='ocr_line' id='line_1_28' title="bbox 229 2536 1272 2611; baseline 0 -15"><span class='ocrx_word' id='word_1_226' title='bbox 229 2551 322 2596; x_wconf 89' lang='lat' dir='ltr'><strong>sermo</strong></span> <span class='ocrx_word' id='word_1_227' title='bbox 338 2542 380 2596; x_wconf 91' lang='lat' dir='ltr'><strong>est</strong></span> <span class='ocrx_word' id='word_1_228' title='bbox 393 2538 430 2596; x_wconf 92' lang='lat' dir='ltr'><strong>de</strong></span> <span class='ocrx_word' id='word_1_229' title='bbox 442 2536 569 2607; x_wconf 78' lang='lat' dir='ltr'><strong>obiectis,</strong></span> <span class='ocrx_word' id='word_1_230' title='bbox 587 2552 659 2610; x_wconf 89' lang='lat' dir='ltr'><strong>quae</strong></span> <span class='ocrx_word' id='word_1_231' title='bbox 675 2537 835 2597; x_wconf 85' lang='lat' dir='ltr'><strong>humanum</strong></span> <span class='ocrx_word' id='word_1_232' title='bbox 848 2543 965 2611; x_wconf 86' lang='lat' dir='ltr'><strong>captum</strong></span> <span class='ocrx_word' id='word_1_233' title='bbox 978 2553 1034 2596; x_wconf 90' lang='lat' dir='ltr'><strong>non</strong></span> <span class='ocrx_word' id='word_1_234' title='bbox 1047 2538 1199 2610; x_wconf 82' lang='lat' dir='ltr'><strong>excedunt,</strong></span> <span class='ocrx_word' id='word_1_235' title='bbox 1210 2536 1272 2610; x_wconf 92' lang='lat' dir='ltr'><strong>qui·</strong></span> 
     </span>
     <span class='ocr_line' id='line_1_29' title="bbox 227 2619 1271 2697; baseline 0.001 -19"><span class='ocrx_word' id='word_1_236' title='bbox 227 2619 284 2678; x_wconf 87' lang='lat' dir='ltr'><strong>bus</strong></span> <span class='ocrx_word' id='word_1_237' title='bbox 302 2620 419 2692; x_wconf 89' lang='lat' dir='ltr'><strong>pminde</strong></span> <span class='ocrx_word' id='word_1_238' title='bbox 434 2623 461 2680; x_wconf 87' lang='lat' dir='ltr'><strong>vi</strong></span> <span class='ocrx_word' id='word_1_239' title='bbox 476 2621 613 2680; x_wconf 85' lang='lat' dir='ltr'><strong>naluualis</strong></span> <span class='ocrx_word' id='word_1_240' title='bbox 626 2621 745 2680; x_wconf 82' lang='lat' dir='ltr'><strong>luntinis</strong></span> <span class='ocrx_word' id='word_1_241' title='bbox 763 2636 913 2682; x_wconf 77' lang='lat' dir='ltr'><strong>assensum</strong></span> <span class='ocrx_word' id='word_1_242' title='bbox 927 2628 1121 2697; x_wconf 71' lang='lat' dir='ltr'><strong>praesumus3</strong></span> <span class='ocrx_word' id='word_1_243' title='bbox 1138 2627 1167 2680; x_wconf 90' lang='lat' dir='ltr'><strong>et</strong></span> <span class='ocrx_word' id='word_1_244' title='bbox 1180 2621 1271 2694; x_wconf 86' lang='lat' dir='ltr'><strong>quoad</strong></span> 
     </span>
     <span class='ocr_line' id='line_1_30' title="bbox 228 2703 1271 2783; baseline 0 -21"><span class='ocrx_word' id='word_1_245' title='bbox 228 2704 301 2762; x_wconf 82' lang='lat' dir='ltr'><strong>llaec</strong></span> <span class='ocrx_word' id='word_1_246' title='bbox 313 2703 376 2763; x_wconf 85' lang='lat' dir='ltr'><strong>lieri</strong></span> <span class='ocrx_word' id='word_1_247' title='bbox 389 2705 488 2778; x_wconf 92' lang='lat' dir='ltr'><strong>nequit</strong></span> <span class='ocrx_word' id='word_1_248' title='bbox 499 2713 531 2764; x_wconf 92' lang='lat' dir='ltr'><strong>ut</strong></span> <span class='ocrx_word' id='word_1_249' title='bbox 542 2706 684 2764; x_wconf 84' lang='lat' dir='ltr'><strong>evidentia</strong></span> <span class='ocrx_word' id='word_1_250' title='bbox 700 2722 718 2763; x_wconf 91' lang='lat' dir='ltr'><strong>a</strong></span> <span class='ocrx_word' id='word_1_251' title='bbox 731 2706 900 2783; x_wconf 86' lang='lat' dir='ltr'><strong>certitudine</strong></span> <span class='ocrx_word' id='word_1_252' title='bbox 917 2707 1091 2780; x_wconf 85' lang='lat' dir='ltr'><strong>seiungatur.</strong></span> <span class='ocrx_word' id='word_1_253' title='bbox 1103 2705 1184 2766; x_wconf 87' lang='lat' dir='ltr'><strong>Nulla</strong></span> <span class='ocrx_word' id='word_1_254' title='bbox 1194 2705 1271 2763; x_wconf 89' lang='lat' dir='ltr'><strong>enim</strong></span> 
     </span>
     <span class='ocr_line' id='line_1_31' title="bbox 227 2789 1271 2864; baseline 0 -16"><span class='ocrx_word' id='word_1_255' title='bbox 227 2795 272 2848; x_wconf 88' lang='lat' dir='ltr'><strong>est</strong></span> <span class='ocrx_word' id='word_1_256' title='bbox 287 2803 373 2848; x_wconf 83' lang='lat' dir='ltr'><strong>causa</strong></span> <span class='ocrx_word' id='word_1_257' title='bbox 393 2803 445 2848; x_wconf 91' lang='lat' dir='ltr'><strong>cur</strong></span> <span class='ocrx_word' id='word_1_258' title='bbox 466 2789 608 2848; x_wconf 87' lang='lat' dir='ltr'><strong>obiectum</strong></span> <span class='ocrx_word' id='word_1_259' title='bbox 628 2790 787 2862; x_wconf 87' lang='lat' dir='ltr'><strong>eiusmodi,</strong></span> <span class='ocrx_word' id='word_1_260' title='bbox 804 2791 829 2848; x_wconf 91' lang='lat' dir='ltr'><strong>sl</strong></span> <span class='ocrx_word' id='word_1_261' title='bbox 846 2791 900 2848; x_wconf 91' lang='lat' dir='ltr'><strong>rite</strong></span> <span class='ocrx_word' id='word_1_262' title='bbox 923 2797 1110 2864; x_wconf 78' lang='lat' dir='ltr'><strong>preponatur,</strong></span> <span class='ocrx_word' id='word_1_263' title='bbox 1126 2790 1271 2848; x_wconf 72' lang='lat' dir='ltr'><strong>cudentes</strong></span> 
     </span>
     <span class='ocr_line' id='line_1_32' title="bbox 228 2872 1271 2947; baseline 0.001 -17"><span class='ocrx_word' id='word_1_264' title='bbox 228 2887 365 2947; x_wconf 86' lang='lat' dir='ltr'><strong>apparere</strong></span> <span class='ocrx_word' id='word_1_265' title='bbox 378 2888 437 2932; x_wconf 90' lang='lat' dir='ltr'><strong>non</strong></span> <span class='ocrx_word' id='word_1_266' title='bbox 452 2874 569 2946; x_wconf 86' lang='lat' dir='ltr'><strong>debeat;</strong></span> <span class='ocrx_word' id='word_1_267' title='bbox 584 2889 652 2933; x_wconf 89' lang='lat' dir='ltr'><strong>cum</strong></span> <span class='ocrx_word' id='word_1_268' title='bbox 666 2881 696 2932; x_wconf 90' lang='lat' dir='ltr'><strong>et</strong></span> <span class='ocrx_word' id='word_1_269' title='bbox 709 2875 740 2933; x_wconf 91' lang='lat' dir='ltr'><strong>in</strong></span> <span class='ocrx_word' id='word_1_270' title='bbox 754 2890 786 2933; x_wconf 87' lang='lat' dir='ltr'><strong>se</strong></span> <span class='ocrx_word' id='word_1_271' title='bbox 799 2874 973 2933; x_wconf 81' lang='lat' dir='ltr'><strong>euidentiam</strong></span> <span class='ocrx_word' id='word_1_272' title='bbox 991 2875 1109 2946; x_wconf 82' lang='lat' dir='ltr'><strong>babeat,</strong></span> <span class='ocrx_word' id='word_1_273' title='bbox 1124 2880 1153 2932; x_wconf 89' lang='lat' dir='ltr'><strong>ct</strong></span> <span class='ocrx_word' id='word_1_274' title='bbox 1165 2872 1271 2932; x_wconf 88' lang='lat' dir='ltr'><strong>intelli·</strong></span> 
     </span>
     <span class='ocr_line' id='line_1_33' title="bbox 227 2956 1271 3030; baseline 0 -14"><span class='ocrx_word' id='word_1_275' title='bbox 227 2956 340 3030; x_wconf 75' lang='lat' dir='ltr'><strong>genuae</strong></span> <span class='ocrx_word' id='word_1_276' title='bbox 361 2965 475 3016; x_wconf 84' lang='lat' dir='ltr'><strong>nostrae</strong></span> <span class='ocrx_word' id='word_1_277' title='bbox 489 2957 599 3017; x_wconf 87' lang='lat' dir='ltr'><strong>viribus</strong></span> <span class='ocrx_word' id='word_1_278' title='bbox 613 2957 651 3016; x_wconf 88' lang='lat' dir='ltr'><strong>sit</strong></span> <span class='ocrx_word' id='word_1_279' title='bbox 665 2964 909 3030; x_wconf 86' lang='lat' dir='ltr'><strong>consentaneum,</strong></span> <span class='ocrx_word' id='word_1_280' title='bbox 929 2972 963 3016; x_wconf 88' lang='lat' dir='ltr'><strong>ac</strong></span> <span class='ocrx_word' id='word_1_281' title='bbox 980 2959 1070 3016; x_wconf 90' lang='lat' dir='ltr'><strong>menti</strong></span> <span class='ocrx_word' id='word_1_282' title='bbox 1084 2958 1200 3016; x_wconf 90' lang='lat' dir='ltr'><strong>nonnisi</strong></span> <span class='ocrx_word' id='word_1_283' title='bbox 1221 2972 1271 3030; x_wconf 88' lang='lat' dir='ltr'><strong>per</strong></span> 
     </span>
     <span class='ocr_line' id='line_1_34' title="bbox 228 3041 1268 3116; baseline 0 -16"><span class='ocrx_word' id='word_1_284' title='bbox 228 3041 355 3116; x_wconf 79' lang='lat' dir='ltr'><strong>adquam</strong></span> <span class='ocrx_word' id='word_1_285' title='bbox 368 3042 541 3102; x_wconf 85' lang='lat' dir='ltr'><strong>euidentiam</strong></span> <span class='ocrx_word' id='word_1_286' title='bbox 556 3044 721 3116; x_wconf 85' lang='lat' dir='ltr'><strong>applicetur.</strong></span> <span class='ocrx_word' id='word_1_287' title='bbox 742 3043 792 3102; x_wconf 88' lang='lat' dir='ltr'><strong>Sin</strong></span> <span class='ocrx_word' id='word_1_288' title='bbox 812 3049 909 3102; x_wconf 89' lang='lat' dir='ltr'><strong>autem</strong></span> <span class='ocrx_word' id='word_1_289' title='bbox 925 3058 1020 3102; x_wconf 90' lang='lat' dir='ltr'><strong>sermo</strong></span> <span class='ocrx_word' id='word_1_290' title='bbox 1034 3043 1072 3102; x_wconf 90' lang='lat' dir='ltr'><strong>sit</strong></span> <span class='ocrx_word' id='word_1_291' title='bbox 1087 3044 1124 3101; x_wconf 91' lang='lat' dir='ltr'><strong>de</strong></span> <span class='ocrx_word' id='word_1_292' title='bbox 1141 3042 1268 3115; x_wconf 86' lang='lat' dir='ltr'><strong>obiecto,</strong></span> 
     </span>
     <span class='ocr_line' id='line_1_35' title="bbox 228 3125 1272 3201; baseline 0.001 -17"><span class='ocrx_word' id='word_1_293' title='bbox 228 3125 304 3198; x_wconf 90' lang='lat' dir='ltr'><strong>quod</strong></span> <span class='ocrx_word' id='word_1_294' title='bbox 319 3133 443 3186; x_wconf 87' lang='lat' dir='ltr'><strong>nostram</strong></span> <span class='ocrx_word' id='word_1_295' title='bbox 458 3127 676 3199; x_wconf 82' lang='lat' dir='ltr'><strong>intelligentiam</strong></span> <span class='ocrx_word' id='word_1_296' title='bbox 690 3132 813 3201; x_wconf 90' lang='lat' dir='ltr'><strong>superet,</strong></span> <span class='ocrx_word' id='word_1_297' title='bbox 825 3127 871 3184; x_wconf 81' lang='lat' dir='ltr'><strong>uel</strong></span> <span class='ocrx_word' id='word_1_298' title='bbox 884 3127 937 3184; x_wconf 89' lang='lat' dir='ltr'><strong>elsi</strong></span> <span class='ocrx_word' id='word_1_299' title='bbox 951 3142 1009 3184; x_wconf 92' lang='lat' dir='ltr'><strong>nou</strong></span> <span class='ocrx_word' id='word_1_300' title='bbox 1024 3133 1146 3200; x_wconf 82' lang='lat' dir='ltr'><strong>superet,</strong></span> <span class='ocrx_word' id='word_1_301' title='bbox 1163 3127 1219 3184; x_wconf 91' lang='lat' dir='ltr'><strong>lide</strong></span> <span class='ocrx_word' id='word_1_302' title='bbox 1233 3132 1272 3185; x_wconf 85' lang='lat' dir='ltr'><strong>ta·</strong></span> 
     </span>
     <span class='ocr_line' id='line_1_36' title="bbox 227 3209 1270 3283; baseline 0 -16"><span class='ocrx_word' id='word_1_303' title='bbox 227 3223 296 3267; x_wconf 89' lang='lat' dir='ltr'><strong>men</strong></span> <span class='ocrx_word' id='word_1_304' title='bbox 310 3209 407 3268; x_wconf 83' lang='lat' dir='ltr'><strong>diuina</strong></span> <span class='ocrx_word' id='word_1_305' title='bbox 425 3210 599 3270; x_wconf 87' lang='lat' dir='ltr'><strong>credendum</strong></span> <span class='ocrx_word' id='word_1_306' title='bbox 619 3211 673 3282; x_wconf 85' lang='lat' dir='ltr'><strong>sit;</strong></span> <span class='ocrx_word' id='word_1_307' title='bbox 691 3217 760 3270; x_wconf 91' lang='lat' dir='ltr'><strong>tunc</strong></span> <span class='ocrx_word' id='word_1_308' title='bbox 779 3211 878 3283; x_wconf 92' lang='lat' dir='ltr'><strong>procul</strong></span> <span class='ocrx_word' id='word_1_309' title='bbox 899 3211 988 3270; x_wconf 92' lang='lat' dir='ltr'><strong>dubio</strong></span> <span class='ocrx_word' id='word_1_310' title='bbox 1008 3211 1147 3270; x_wconf 88' lang='lat' dir='ltr'><strong>certitudo</strong></span> <span class='ocrx_word' id='word_1_311' title='bbox 1161 3211 1199 3270; x_wconf 91' lang='lat' dir='ltr'><strong>ab</strong></span> <span class='ocrx_word' id='word_1_312' title='bbox 1212 3209 1270 3268; x_wconf 85' lang='lat' dir='ltr'><strong>eui-</strong></span> 
     </span>
     <span class='ocr_line' id='line_1_37' title="bbox 227 3290 1272 3368; baseline 0.005 -18"><span class='ocrx_word' id='word_1_313' title='bbox 227 3290 325 3351; x_wconf 85' lang='lat' dir='ltr'><strong>dentia</strong></span> <span class='ocrx_word' id='word_1_314' title='bbox 338 3295 463 3366; x_wconf 88' lang='lat' dir='ltr'><strong>separari</strong></span> <span class='ocrx_word' id='word_1_315' title='bbox 478 3300 578 3368; x_wconf 87' lang='lat' dir='ltr'><strong>potest.</strong></span> <span class='ocrx_word' id='word_1_316' title='bbox 592 3295 660 3353; x_wconf 88' lang='lat' dir='ltr'><strong>llam</strong></span> <span class='ocrx_word' id='word_1_317' title='bbox 674 3309 741 3352; x_wconf 86' lang='lat' dir='ltr'><strong>cum</strong></span> <span class='ocrx_word' id='word_1_318' title='bbox 752 3294 826 3352; x_wconf 88' lang='lat' dir='ltr'><strong>Deus</strong></span> <span class='ocrx_word' id='word_1_319' title='bbox 840 3294 877 3352; x_wconf 92' lang='lat' dir='ltr'><strong>ad</strong></span> <span class='ocrx_word' id='word_1_320' title='bbox 888 3295 1022 3354; x_wconf 81' lang='lat' dir='ltr'><strong>ellectum</strong></span> <span class='ocrx_word' id='word_1_321' title='bbox 1034 3296 1161 3368; x_wconf 90' lang='lat' dir='ltr'><strong>aliquem</strong></span> <span class='ocrx_word' id='word_1_322' title='bbox 1170 3294 1272 3368; x_wconf 90' lang='lat' dir='ltr'><strong>produ·</strong></span> 
     </span>
     <span class='ocr_line' id='line_1_38' title="bbox 227 3375 1349 3453; baseline -0.001 -16"><span class='ocrx_word' id='word_1_323' title='bbox 227 3375 351 3442; x_wconf 82' lang='lat' dir='ltr'><strong>cendum</strong></span> <span class='ocrx_word' id='word_1_324' title='bbox 366 3379 544 3436; x_wconf 88' lang='lat' dir='ltr'><strong>naturalibus</strong></span> <span class='ocrx_word' id='word_1_325' title='bbox 559 3378 661 3439; x_wconf 91' lang='lat' dir='ltr'><strong>mediis</strong></span> <span class='ocrx_word' id='word_1_326' title='bbox 676 3393 735 3436; x_wconf 90' lang='lat' dir='ltr'><strong>non</strong></span> <span class='ocrx_word' id='word_1_327' title='bbox 749 3378 889 3450; x_wconf 83' lang='lat' dir='ltr'><strong>indigeat,</strong></span> <span class='ocrx_word' id='word_1_328' title='bbox 905 3380 1048 3453; x_wconf 89' lang='lat' dir='ltr'><strong>applicare</strong></span> <span class='ocrx_word' id='word_1_329' title='bbox 1062 3381 1168 3453; x_wconf 88' lang='lat' dir='ltr'><strong>optime</strong></span> <span class='ocrx_word' id='word_1_330' title='bbox 1181 3383 1273 3452; x_wconf 86' lang='lat' dir='ltr'><strong>potest</strong></span> <span class='ocrx_word' id='word_1_331' title='bbox 1344 3445 1349 3452; x_wconf 45' lang='grc'><strong>,</strong></span> 
     </span>
     <span class='ocr_line' id='line_1_39' title="bbox 228 3460 1271 3538; baseline 0 -18"><span class='ocrx_word' id='word_1_332' title='bbox 228 3460 291 3520; x_wconf 90' lang='lat' dir='ltr'><strong>sins</strong></span> <span class='ocrx_word' id='word_1_333' title='bbox 306 3460 447 3520; x_wconf 85' lang='lat' dir='ltr'><strong>euidentia</strong></span> <span class='ocrx_word' id='word_1_334' title='bbox 467 3463 605 3522; x_wconf 83' lang='lat' dir='ltr'><strong>motivum</strong></span> <span class='ocrx_word' id='word_1_335' title='bbox 625 3460 785 3522; x_wconf 90' lang='lat' dir='ltr'><strong>indubitate</strong></span> <span class='ocrx_word' id='word_1_336' title='bbox 806 3477 942 3535; x_wconf 83' lang='lat' dir='ltr'><strong>mouens,</strong></span> <span class='ocrx_word' id='word_1_337' title='bbox 955 3470 1041 3538; x_wconf 81' lang='lat' dir='ltr'><strong>atque</strong></span> <span class='ocrx_word' id='word_1_338' title='bbox 1062 3465 1103 3522; x_wconf 89' lang='lat' dir='ltr'><strong>ila</strong></span> <span class='ocrx_word' id='word_1_339' title='bbox 1122 3477 1271 3522; x_wconf 62' lang='lat' dir='ltr'><strong>mensum</strong></span> 
     </span>
     <span class='ocr_line' id='line_1_40' title="bbox 228 3545 1273 3621; baseline 0.004 -19"><span class='ocrx_word' id='word_1_340' title='bbox 228 3547 380 3604; x_wconf 81' lang='lat' dir='ltr'><strong>certumst</strong></span> <span class='ocrx_word' id='word_1_341' title='bbox 394 3545 590 3606; x_wconf 82' lang='lat' dir='ltr'><strong>firmissimum</strong></span> <span class='ocrx_word' id='word_1_342' title='bbox 601 3561 618 3604; x_wconf 91' lang='lat' dir='ltr'><strong>a</strong></span> <span class='ocrx_word' id='word_1_343' title='bbox 628 3551 726 3606; x_wconf 88' lang='lat' dir='ltr'><strong>mente</strong></span> <span class='ocrx_word' id='word_1_344' title='bbox 738 3551 836 3604; x_wconf 76' lang='lat' dir='ltr'><strong>uuosua</strong></span> <span class='ocrx_word' id='word_1_345' title='bbox 849 3546 961 3619; x_wconf 77' lang='lat' dir='ltr'><strong>elicere,</strong></span> <span class='ocrx_word' id='word_1_346' title='bbox 969 3548 1041 3621; x_wconf 92' lang='lat' dir='ltr'><strong>quin</strong></span> <span class='ocrx_word' id='word_1_347' title='bbox 1054 3548 1171 3606; x_wconf 81' lang='lat' dir='ltr'><strong>euidens</strong></span> <span class='ocrx_word' id='word_1_348' title='bbox 1186 3561 1273 3620; x_wconf 82' lang='lat' dir='ltr'><strong>appa·</strong></span> 
     </span>
     <span class='ocr_line' id='line_1_41' title="bbox 228 3627 1273 3706; baseline 0.002 -18"><span class='ocrx_word' id='word_1_349' title='bbox 228 3627 322 3688; x_wconf 89' lang='lat' dir='ltr'><strong>renlia</strong></span> <span class='ocrx_word' id='word_1_350' title='bbox 335 3628 439 3689; x_wconf 89' lang='lat' dir='ltr'><strong>obiecti</strong></span> <span class='ocrx_word' id='word_1_351' title='bbox 453 3631 491 3690; x_wconf 89' lang='lat' dir='ltr'><strong>ad</strong></span> <span class='ocrx_word' id='word_1_352' title='bbox 504 3629 719 3692; x_wconf 86' lang='lat' dir='ltr'><strong>assentiendum</strong></span> <span class='ocrx_word' id='word_1_353' title='bbox 732 3645 787 3692; x_wconf 87' lang='lat' dir='ltr'><strong>nos</strong></span> <span class='ocrx_word' id='word_1_354' title='bbox 801 3631 906 3706; x_wconf 77' lang='lat' dir='ltr'><strong>adigat</strong></span> <span class='ocrx_word' id='word_1_355' title='bbox 926 3632 973 3694; x_wconf 78' lang='lat' dir='ltr'><strong>Sic</strong></span> <span class='ocrx_word' id='word_1_356' title='bbox 990 3632 1095 3696; x_wconf 86' lang='lat' dir='ltr'><strong>accidit</strong></span> <span class='ocrx_word' id='word_1_357' title='bbox 1106 3632 1140 3693; x_wconf 90' lang='lat' dir='ltr'><strong>in</strong></span> <span class='ocrx_word' id='word_1_358' title='bbox 1153 3644 1273 3691; x_wconf 83' lang='lat' dir='ltr'><strong>assensu</strong></span> 
     </span>
    </p>
   </div>
   <div class='ocr_carea' id='block_1_4' title="bbox 273 3814 509 3883">
    <p class='ocr_par' dir='ltr' id='par_1_5' title="bbox 273 3814 509 3883">
     <span class='ocr_line' id='line_1_42' title="bbox 273 3814 509 3883; baseline 0.017 -19"><span class='ocrx_word' id='word_1_359' title='bbox 273 3815 284 3864; x_wconf 91' lang='lat' dir='ltr'><strong>l</strong></span> <span class='ocrx_word' id='word_1_360' title='bbox 304 3815 354 3867; x_wconf 82' lang='lat' dir='ltr'><strong>Leo.</strong></span> <span class='ocrx_word' id='word_1_361' title='bbox 372 3816 410 3868; x_wconf 84' lang='lat' dir='ltr'><strong>cil.</strong></span> <span class='ocrx_word' id='word_1_362' title='bbox 427 3814 453 3883; x_wconf 74' lang='lat'><strong>§-</strong></span> <span class='ocrx_word' id='word_1_363' title='bbox 470 3817 509 3868; x_wconf 88' lang='lat' dir='ltr'><strong>ll.</strong></span> 
     </span>
    </p>
   </div>
   <div class='ocr_carea' id='block_1_5' title="bbox 0 0 1390 4492">
    <p class='ocr_par' dir='ltr' id='par_1_6' title="bbox 0 0 1390 4492">
     <span class='ocr_line' id='line_1_43' title="bbox 0 0 1390 4492; baseline 0 0"><span class='ocrx_word' id='word_1_364' title='bbox 0 0 1390 4492; x_wconf 95' lang='lat' dir='ltr'><strong> </strong></span> 
     </span>
    </p>
   </div>
  </div>
 </body>
</html>
