2767 4492
419 441 947 530 rumananau-assesserunt·v
1101 423 1155 497 ita
1227 457 1231 466 ·

119 533 166 595 tus
176 533 230 603 ast,
240 532 289 608 pri
302 531 537 606 imaginationem
549 547 616 592 cunr
627 531 749 606 simplici
757 535 864 595 mentis
875 532 1027 593 intuitione
1036 533 1155 594 contun-

117 619 191 679 dunt
205 619 230 677 l.
246 617 349 677 Verum
363 617 434 676 haec
447 617 552 692 oppido
566 616 725 691 separantia
739 621 807 675 sunt
818 621 928 677 mutuo.
943 618 1072 693 bamque
1088 618 1159 679 ima·

4 739 5 744 1
118 703 226 776 matio
239 701 298 761 rim
312 702 452 762 sentiendi
466 718 525 762 non
539 707 662 777 superat,
680 706 714 761 ut
726 701 873 760 evidenter
886 705 964 775 patet
976 717 1015 762 ax
1029 717 1072 776 ao,
1085 704 1161 780 quod

3 797 4 824 ¹
118 789 150 848 in
162 788 254 850 emta
267 788 353 848 mam
367 789 562 848 animantibus
576 788 666 862 siget3
682 801 757 862 quae
771 786 808 846 ab
828 785 997 847 excelientia
1015 795 1160 862 praestem

119 873 214 948 dape
228 873 353 932 hominis
372 874 457 948 longe
471 878 549 946 sont,
566 878 652 948 atque
665 872 730 931 ideo
748 869 952 946 intelligentia,
969 873 1159 951 wmciende,

119 959 263 1017 voluntate
276 957 422 1018 orbantur.
439 956 849 1032 Quareimaginahodiatmcta
861 971 979 1031 prorsus
989 957 1109 1018 lucullos
1118 966 1163 1020 ast
1283 983 1287 989 ·

117 1047 149 1101 et
157 1042 242 1116 longa
250 1041 370 1100 interior
378 1041 560 1102 iamltatihua
570 1041 765 1116 intellectinis3
777 1042 815 1100 ed
824 1055 947 1116 pramm
955 1042 1075 1117 preinde
1083 1043 1161 1104 obia-

119 1130 166 1186 cta
179 1141 211 1186 se
224 1126 370 1201 porrigere
382 1127 550 1202 haudquam
564 1131 665 1202 potest.
682 1127 764 1188 Nulla
777 1127 856 1185 enim
869 1127 991 1204 tecultsa
1003 1133 1086 1188 extra
1100 1141 1161 1187 am·

118 1210 211 1269 hilum
225 1211 410 1285 obiectorum,
427 1227 501 1290 qtrae
515 1213 545 1271 si
559 1217 679 1272 neonae
693 1211 750 1270 sthi
764 1216 943 1288 competant,
959 1217 1105 1286 armetur.
1122 1213 1161 1273 hc

121 1309 191 1354 sane
200 1295 265 1369 quis
273 1296 333 1371 pati
346 1302 443 1375 posset
451 1298 591 1355 rationem
599 1295 680 1354 illam
693 1296 838 1370 loquendi,
849 1311 936 1370 quam
950 1298 1052 1371 prohat
1060 1297 1101 1357 lle
1111 1297 1163 1358 eo

120 1379 226 1452 mado,
241 1385 275 1437 ut
287 1381 528 1453 quemadmodum
542 1381 719 1440 demptiones
733 1381 900 1456 praeteritas
915 1381 1069 1454 imaginari
1093 1381 1163 1441 dict-

121 1475 203 1532 mur,
218 1463 260 1522 ita
273 1463 361 1522 etiam
373 1463 527 1538 imaginari
540 1465 670 1524 dicemur
687 1463 831 1524 eniienim
853 1465 998 1539 cogitem,
1015 1477 1050 1524 ac
1065 1477 1163 1523 mam

121 1551 204 1606 extra
218 1561 272 1608 nos
285 1550 441 1622 positarum
456 1549 656 1608 adeundam?
670 1549 787 1608 Obiecta
800 1549 942 1610 eiusmodi
956 1549 1084 1608 rovocari
1101 1547 1165 1622 qui·

121 1629 189 1688 dem
202 1633 341 1691 memoria
354 1637 486 1706 possunt3
503 1638 532 1691 at
546 1634 744 1706 phantasmate
757 1634 871 1708 propria
885 1632 1093 1707 repraesentari
1106 1645 1165 1691 non

121 1717 315 1787 possunthoc
328 1731 396 1777 sera
406 1717 543 1777 morundi
556 1717 641 1776 debet
650 1719 830 1794 reproductio
838 1717 1075 1777 intellectualium
1088 1717 1165 1776 idea-

121 1813 205 1872 rum,
226 1812 300 1876 quae
313 1803 418 1861 mentis
432 1807 493 1876 est,
510 1817 577 1862 ctam
590 1803 806 1877 reprodocdoae
820 1802 1073 1877 phantasmatum,
1090 1815 1165 1876 quae

123 1883 159 1942 ad
173 1883 389 1945 sensibilitatem
403 1887 535 1961 pertinet.

157 1969 520 2038 Quainreoheervandum
528 1973 1005 2048 estimagioationemsdordinem
1018 1971 1094 2032 usae
1103 1985 1166 2031 sen·
1278 2019 1281 2026 .

122 2053 184 2113 silis
193 2065 245 2128 par
254 2069 286 2114 se
298 2056 409 2130 reterri,
421 2065 506 2132 atque
515 2058 580 2118 ideo
592 2057 744 2118 brutorum
752 2059 849 2131 etiam,
861 2057 963 2116 sutem
973 2057 1165 2131 perlectorum

122 2153 185 2197 esse
197 2139 353 2213 propriam.
369 2139 520 2200 Evidentes
534 2143 611 2201 enim
624 2143 710 2202 bruta
724 2147 907 2202 mesentana
923 2140 1107 2201 sensibilibus
1117 2140 1166 2199 ab

123 2221 272 2295 sentibus,
288 2227 316 2281 et
330 2223 405 2296 quod
419 2239 596 2299 consequens
610 2231 652 2285 est
665 2227 832 2286 eorumdem
845 2226 1020 2301 imaginibus
1035 2226 1166 2284 alliciun-

124 2309 180 2364 tur.
197 2305 242 2364 Sio
255 2306 332 2366 israe
346 2321 399 2366 sua
413 2307 532 2368 latibula
545 2315 687 2385 repetunt,
704 2312 785 2370 cenis
800 2311 898 2370 audita
911 2310 1020 2372 dontini
1034 2325 1104 2370 voce
1119 2325 1164 2368 ar·
1282 2335 1286 2340 ·

121 2389 190 2461 tigit
203 2405 288 2449 aures
302 2393 432 2466 audead
445 2394 541 2468 ipsum
555 2396 653 2462 currit,
669 2410 736 2455 ares
750 2401 862 2470 ereptos
876 2395 951 2454 iiiios
960 2399 1119 2469 quaenmt3
1136 2396 1165 2451 et

3 2537 4 2546 χ
124 2473 166 2532 sie
181 2475 217 2531 de
230 2477 373 2535 sexoentis
383 2477 446 2537 abis
455 2479 595 2553 exemplis
609 2480 736 2540 eiusdem
746 2481 869 2555 uncus.
882 2479 1064 2539 immohruta
1074 2477 1165 2551 phan-

3 2557 4 2582 ¹
123 2563 278 2619 mamalum
291 2575 370 2620 nexu
383 2567 468 2636 etque
482 2564 668 2624 associatione
682 2565 832 2624 ratiocinia
846 2564 1004 2636 imitantur,
1025 2569 1166 2635 quatenus

123 2644 257 2704 excitatio
276 2647 362 2706 unius
382 2647 589 2722 phantasmatis
605 2650 682 2708 eliud
704 2654 832 2722 revocat,
850 2663 887 2707 ex
901 2663 958 2723 qtro
973 2646 1009 2705 ad
1023 2647 1165 2706 actionem

121 2726 258 2788 instinctu
271 2731 476 2806 propelluntur.
493 2733 538 2792 Sic
553 2735 637 2809 lupus
651 2733 857 2792 auditohalatu
870 2747 953 2790 ovem
967 2732 1163 2804 imaginatam,

123 2817 207 2887 etque
220 2815 326 2874 exinde
341 2831 457 2875 cursum
472 2818 573 2891 arripit
586 2817 623 2874 ad
638 2817 775 2889 praedam
788 2815 869 2870 illem
883 2813 1063 2886 capiendam.

157 2897 202 2956 di.
223 2899 256 2956 ht
270 2901 400 2972 quamue
422 2901 588 2972 imaginatio
603 2898 640 2956 ad
654 2896 871 2956 sensibilitatem
885 2894 1046 2969 pertineal3
1063 2891 1165 2952 nihilo·

122 2981 219 3039 minus
235 2986 293 3037 tam
308 2988 386 3039 arcta
400 2983 432 3039 in
445 2983 562 3039 homine
575 2984 652 3039 inter
665 2981 759 3052 ipsam
773 2983 802 3036 et
815 2978 1032 3052 intelligentiam
1046 2978 1167 3038 interae·

122 3064 165 3122 dit
178 3063 329 3136 colbgatiu
343 3067 377 3120 ul
390 3077 449 3121 une
464 3062 582 3120 alteram
598 3061 711 3120 assidue
726 3061 885 3121 comitetur.
901 3063 971 3122 bam
984 3063 1168 3136 quemadmo-

122 3148 192 3206 dum
206 3141 313 3204 nudius
326 3146 370 3204 rei
384 3145 554 3220 phantasma
567 3145 596 3205 in
613 3144 696 3206 nobis
710 3145 870 3221 exuatur,
888 3148 960 3224 quin
974 3149 1109 3208 mutinae
1126 3147 1169 3205 in·

168 3303 511 3354 ldomdartnwotu·
527 3302 664 3368 sichemita
685 3303 881 3366 eb'imaginties
897 3303 1170 3368 distingatedsiseos-

124 3401 134 3426 ι
152 3381 239 3445 ception
263 3380 286 3427 n’
297 3385 331 3427 sat
345 3381 427 3444 qn¹uns
440 3381 572 3444 sppbcation
588 3381 729 3444 partientibus
743 3381 772 3429 ds
786 3385 843 3430 astte
855 3381 944 3432 iseultt
961 3383 996 3428 On
1012 3380 1103 3443 designo
1119 3396 1170 3428 sous

125 3477 134 3500 ι
153 3473 177 3504 es
193 3458 243 3504 titre
257 3457 279 3502 ia
294 3457 424 3520 conception
440 3457 479 3503 dea
494 3457 563 3519 ohjots
580 3457 607 3502 de
621 3457 642 3504 ia
658 3473 707 3506 rus.
723 3478 732 3500 ι
746 3459 827 3506 nme
842 3473 885 3506 sus·
899 3461 931 3506 las
941 3460 1023 3518 facult.
1042 3459 1070 3505 ds
1080 3459 1168 3517 l'iispr.

121 3535 185 3581 Mm-
203 3538 256 3580 torm
274 3533 302 3597 2,
319 3535 366 3580 Eas.
385 3535 413 3596 l,
431 3533 466 3580 ah.
484 3532 508 3578 i·
525 3533 587 3580 tter
601 3548 664 3597 vam,
682 3538 797 3596 postquam
812 3550 893 3582 munus
908 3534 1036 3598 phantasias
1051 3533 1166 3597 facultati,

3 3611 8 3623 '
121 3624 187 3670 φιιω
202 3609 366 3672 conceptiobsm
381 3609 489 3672 nominat,
505 3608 591 3672 tribuit,
608 3608 661 3656 haec
676 3609 802 3670 subiungit:
824 3630 833 3652 ι
850 3612 884 3656 En
901 3626 925 3657 cs
940 3625 999 3671 sam,
1016 3609 1038 3655 le
1052 3613 1099 3655 mot
1112 3623 1169 3658 ωπ-

126 3704 134 3726 ι
153 3685 244 3744 captiosa
257 3684 402 3747 corresponds
417 3687 430 3730 l
445 3701 469 3730 ee
485 3699 527 3746 qus
542 3684 576 3732 ies
590 3683 746 3748 scholastiqnss
762 3686 896 3748 appalluisnt
911 3685 932 3732 is
947 3687 1031 3746 simple
1040 3688 1169 3747 opprtlm

125 3778 134 3801 ι
152 3761 212 3807 sieta
230 3761 260 3806 La
275 3759 334 3807 senis
351 3759 468 3806 diiitrsnoe
482 3764 515 3807 ast
530 3759 600 3822 qu'ils
616 3761 779 3824 compranoient
793 3779 843 3809 sous
859 3779 884 3808 es
900 3761 988 3808 dernier
1002 3768 1047 3809 mot
1067 3762 1171 3825 l'spprs-

125 3853 134 3878 ι
152 3833 245 3881 hension
262 3834 300 3881 des
315 3836 461 3898 propositione
477 3836 587 3898 gtntrsles
603 3852 631 3884 au
646 3837 692 3884 lieu
706 3854 748 3902 qus
761 3842 785 3901 ie
798 3838 867 3884 burm
882 3837 904 3884 ls
919 3853 969 3885 sens
985 3838 1015 3884 dn
1029 3843 1074 3885 mot
1090 3853 1170 3886 mss·

124 3911 885 3979 uptlostnosssnntiensstrmobjatedsnoapesssptiona.
904 3914 1170 3976 amblardi&

121 3985 498 4052 dormientium.
