2767 4492
520 312 756 365 maranorum
1103 295 1158 367 lit

6 413 7 462 s
117 403 184 467 sint.
200 401 309 464 dtrero
323 398 450 463 medium
463 400 496 462 in
510 406 622 464 tautum
634 404 689 463 talo
700 408 752 478 est,
765 403 795 463 in
809 404 947 479 quantum
961 396 1051 465 tendit
1066 402 1096 463 in
1105 402 1155 463 ho·

119 506 189 551 num
200 486 325 549 alterius.
342 488 413 564 Ergo
424 489 545 548 societas
556 488 764 549 teuderedcbet
775 488 923 550 iubenum
934 489 1156 559 individnomm,

5 586 10 638 '.
120 592 156 637 ex
168 574 272 651 qulbus
286 574 427 635 coalescit.
444 572 498 633 Sed
512 572 622 633 bouum
637 574 848 635 individuorum
863 575 973 643 nullum
984 574 1109 659 est,·nisl
1123 572 1160 635 ad

5 709 10 744 p
119 660 245 722 ordinem
260 660 398 720 moralem
412 658 564 735 pertineat,
579 659 625 719 vel
640 658 742 719 saltem
752 660 849 719 ordine
860 660 959 721 morali
974 660 1158 735 informetur3

35 782 38 789 -
120 747 259 823 siquidem
273 744 422 806 destinatio
436 743 562 804 hominis
577 744 608 805 iu
623 744 677 804 hac
691 746 751 805 uita
766 750 810 805 eat
823 744 891 805 ordo
906 746 1035 805 moralis:
1051 744 1161 805 bonum

120 839 213 891 autem
226 831 364 907 cuiusque
378 830 451 890 entis
466 829 509 889 vel
525 836 568 889 ost
582 830 644 903 ipse
658 830 742 905 linis,
754 830 800 891 rel
816 836 883 890 aunt
892 846 926 889 ee
940 845 1013 905 quae
1024 844 1090 889 cum
1102 828 1159 889 line

4 927 5 982 i
120 923 282 979 nectuntur.
298 918 370 992 Ergo
386 916 508 977 societas
522 916 633 990 civilia,
650 916 788 992 quoniam
802 914 933 977 ordinem
946 914 1084 975 moralem
1098 920 1162 989 pro·

121 1019 221 1063 curare
235 1002 340 1062 directe
354 1018 413 1061 non
422 1005 514 1075 potest
529 1000 683 1075 (siquidem
702 1000 726 1061 is
740 1003 871 1062 internus
880 1007 938 1076 est,
955 1005 984 1061 et
997 1000 1033 1059 ab
1048 1000 1161 1059 interno

3 1119 4 1154 t
121 1088 279 1164 pmceditJ3
301 1087 382 1147 illum
405 1102 558 1163 procurare
577 1086 662 1146 debet
681 1088 783 1147 saltem
801 1087 954 1161 indirecte,
972 1088 1112 1161 quatenus
1127 1082 1163 1143 ad

3 1173 4 1178 ’
121 1174 253 1232 eumdem
272 1170 499 1232 conservandum
517 1176 547 1231 et
566 1172 722 1233 fovendum
741 1172 845 1247 dirigat
867 1176 1018 1232 externum
1033 1169 1164 1230 ordinem

122 1257 343 1403 cuilggclarldggrta
358 1342 498 1403 sententia
516 1342 559 1403 sic
577 1342 733 1419 explicata,
750 1342 784 1404 ad
802 1328 864 1421 rem
884 1342 958 1418 nuod
974 1340 1089 1416 attinet,
1105 1354 1165 1403 non

122 1426 236 1487 differre
251 1427 363 1489 videtur
378 1428 415 1489 ab
434 1444 483 1504 oa,
503 1445 590 1504 quam
615 1428 747 1505 proponit
760 1429 932 1505 Taparollius
947 1427 1094 1503 inquiens:
1115 1451 1126 1479 ι
1143 1424 1165 1487 11

125 1537 136 1565 ι
154 1514 211 1573 tine
227 1512 401 1587 immediato,
417 1530 469 1589 per
483 1514 530 1575 cui
544 1529 630 1589 opera
644 1514 842 1573 direttamente
855 1515 884 1573 ia
899 1512 1013 1587 sociata,
1025 1512 1042 1571 e
1056 1511 1076 1572 il
1091 1512 1165 1571 bene

21 1662 24 1667 ,
95 1604 100 1611 ·
125 1622 137 1651 ι
155 1612 306 1657 commuue
322 1604 444 1672 esterno,
456 1599 586 1660 ordinato
594 1598 639 1659 ail’
647 1598 823 1659 individuale
838 1600 949 1659 interno
959 1598 987 1657 di
1000 1598 1061 1659 tutti
1071 1596 1165 1677 gilas·

124 1682 252 1742 «sociati
266 1699 282 1742 e
297 1683 480 1746 subordinato
499 1684 526 1745 al
548 1685 608 1745 loro
628 1685 728 1745 ultimo
743 1684 800 1744 llnc
816 1686 841 1744 t.
861 1706 872 1737 a
890 1684 967 1753 Quod
983 1682 1100 1759 quidem
1121 1698 1166 1741 sa·

122 1768 233 1843 pientur
246 1768 353 1828 dictum
368 1772 420 1829 est.
437 1770 507 1829 Nam
521 1770 587 1829 tinia
601 1768 644 1829 rei
658 1769 780 1829 alicuius
799 1785 866 1829 cum
880 1769 1050 1845 respondere
1065 1766 1170 1827 debeat

123 1859 251 1927 naturae,
269 1869 326 1929 qua
335 1870 381 1914 rea
390 1855 453 1929 ipsa
463 1854 660 1929 constituitur;
676 1853 874 1929 praescindere
890 1854 1015 1929 nequita
1029 1850 1167 1913 relatione

123 1939 158 1997 ud
174 1939 261 1997 linem
275 1940 391 1999 alterius
408 1940 466 2015 rei,
482 1957 533 2016 pro
543 1956 600 2017 qua
613 1958 659 2001 ros
669 1941 745 2015 prior
758 1946 815 2001 tota
825 1946 932 2021 quanta
942 1945 984 1999 est
994 1938 1163 1999 instituitur.

123 2023 206 2097 Atqui
220 2023 339 2083 societas
363 2031 420 2084 lota
438 2032 543 2101 quanta
560 2033 602 2085 est
616 2026 774 2087 instituitur
792 2032 905 2100 propter
919 2024 1027 2085 bonum
1043 2022 1163 2095 civium,

124 2107 173 2180 oni
187 2106 266 2166 illam
282 2108 441 2167 eiiormant.
466 2107 538 2183 Ergo
561 2110 626 2168 tinia
641 2110 733 2169 civilis
748 2110 890 2171 societatis
905 2108 1102 2183 praescindere
1118 2122 1167 2167 ne·

124 2193 186 2267 quit
199 2208 217 2253 a
233 2194 289 2254 line
303 2194 431 2267 ipsorum
446 2193 568 2268 civium,
585 2194 644 2255 sive
658 2196 795 2269 proximo
805 2197 865 2256 sive
880 2196 988 2257 ultimo.

497 2358 666 2420 nantuacus
681 2360 722 2422 lli.

396 2508 605 2595 instructura
623 2532 767 2595 rorictotlr
786 2530 890 2595 civilis.

163 2700 222 2767 154.
238 2698 386 2782 Explicata
399 2702 509 2781 origine
519 2723 537 2767 a
546 2721 604 2783 ona
617 2704 754 2783 procedit,
766 2710 794 2767 ot
803 2704 944 2780 explicato
954 2702 1019 2779 tino,
1036 2700 1072 2765 ad
1083 2715 1168 2779 quem

125 2792 216 2853 tendit
235 2792 312 2853 civili
330 2794 450 2853 societas
472 2794 642 2867 explicanda
663 2808 741 2853 nunc
762 2800 828 2851 sunt
850 2789 999 2863 elementa,
1013 2806 1050 2849 ex
1065 2790 1170 2865 quibua

125 2876 174 2935 illa
188 2882 409 2950 coagmentatur.
430 2877 489 2945 Qua
506 2879 537 2937 iu
551 2895 591 2949 re,
609 2877 797 2937 distinctionis
812 2884 840 2935 et
854 2875 989 2935 claritatis
1008 2876 1108 2949 gratia,
1125 2892 1168 2936 se·

124 2960 231 3034 paratis
247 2962 359 3035 punctis
374 2962 532 3021 innuamus
551 2980 624 3038 quae
640 2964 732 3037 magis
747 2962 878 3022 videntur
892 2978 955 3021 esse
965 2962 1127 3021 necessaria
1141 2966 1169 3023 al

125 3044 220 3119 captui
236 3043 359 3105 tironum
373 3048 565 3107 accomodata.

635 3218 656 3280 l.

151 3382 300 3453 limmata
316 3387 484 3455 crrentiotto
502 3389 644 3455 roctotottr
658 3400 730 3453 rorat
746 3387 907 3454 notorum
922 3396 948 3454 rt
962 3386 1135 3468 amonitus,

422 3497 475 3541 reo
487 3480 598 3541 sudditi
612 3489 638 3541 ct
651 3480 797 3556 superior.

160 3650 220 3717 155.
237 3648 362 3716 Societas
375 3654 418 3715 ost
428 3668 531 3731 corpus
542 3665 643 3729 unum
656 3652 724 3715 licet
734 3668 790 3714 non
804 3648 970 3729 physicum,
982 3649 1033 3713 aed
1043 3648 1163 3728 morale3

126 3744 187 3801 tum
203 3741 291 3803 etiam
304 3745 349 3801 est
366 3746 463 3802 coetus
486 3740 612 3815 plurium
630 3740 767 3815 pacilicua
788 3744 816 3799 ct
829 3738 986 3800 ordinatus.
1002 3738 1036 3799 tt
1046 3754 1117 3813 ¹uero
1136 3738 1168 3799 in

169 3920 850 3993 tonormmenmontmootnnmt
