2767 4492
547 288 627 337 llinis
643 288 786 338 utrumn

554 459 734 519 Puorosrnro
748 458 782 517 ii.

199 629 252 689 ias
266 628 380 689 stabilis
397 628 589 705 proprietatis
603 644 665 687 coo
689 627 792 687 oritur
808 642 844 687 ec
863 625 973 701 lepidus
987 624 1132 685 anilibus.

187 800 248 861 iili.
263 799 467 876 daemonica,
478 798 638 859 Hieremiae
647 798 785 859 Beatum
799 803 829 859 et
841 796 981 857 iiobitesio
996 794 1186 871 consentiens,

147 885 349 960 proprietatem
363 901 401 946 ex
416 885 527 960 legibus
540 884 674 943 civilibus
687 884 837 943 derivavit.
852 881 983 942 illenim
999 880 1130 941 homiues
1140 896 1188 939 na·

149 971 234 1030 tnraii
248 970 443 1031 communioni
457 970 598 1029 honorum
613 970 747 1029 nuntium
760 967 892 1040 dedisse,
909 975 940 1025 ut
954 966 1008 1026 suis
1024 965 1133 1039 iegibus
1148 964 1187 1035 ci·

149 1054 254 1115 vitinus
268 1055 404 1128 viserent,
421 1062 507 1129 atque
522 1054 625 1113 irarum
640 1053 668 1113 vi
683 1053 729 1113 ius
745 1052 922 1128 proprietatis
936 1048 1086 1125 acquirent
1101 1051 1125 1109 l.

183 1140 217 1198 tt
230 1141 301 1198 haec
313 1138 410 1213 opinio
422 1138 563 1213 inprimis
578 1155 614 1199 ex
626 1155 661 1198 eo
674 1144 783 1213 peccat,
796 1137 871 1212 quod
888 1135 976 1195 iaisae
990 1133 1139 1210 hypothesi
1154 1132 1190 1193 de

148 1229 225 1283 statu
238 1223 361 1282 naturali
375 1238 493 1296 segrege
503 1230 532 1281 et
544 1223 675 1297 sylvestri
686 1222 803 1281 nitatur.
817 1220 922 1279 Deinde
932 1219 1066 1278 ellectum
1075 1218 1205 1277 univcr·'

147 1307 321 1366 salissimnm
335 1314 365 1365 et
378 1313 555 1366 constantem
566 1306 752 1381 apudomnes
766 1312 864 1380 genms
880 1304 957 1364 civiti
971 1306 1050 1363 cuitu
1065 1302 1189 1376 gaudeu-

149 1396 199 1464 tes,
211 1406 315 1451 causae
329 1392 460 1452 attribuit
473 1391 649 1465 noningenti
664 1391 808 1464 etvariae,
821 1396 853 1449 ut
863 1396 939 1449 certe
949 1395 992 1449 est
1007 1388 1054 1447 lex
1070 1387 1192 1462 positiva

147 1476 327 1549 populorum.
343 1476 444 1548 Tertio,
461 1478 602 1550 quomodo
616 1476 738 1535 societas
755 1490 804 1549 per
817 1474 911 1548 legem
924 1473 1038 1533 civilem
1063 1470 1187 1547 proprie·

149 1564 236 1618 tatem
250 1560 406 1621 indiuiduis
421 1561 546 1621 tribuere
560 1561 707 1636 potuisset,
720 1559 775 1619 nisi
789 1560 848 1618 iam
857 1566 923 1618 anta
937 1558 1046 1631 aliquid
1060 1557 1117 1617 sibi
1127 1558 1191 1615 iure

147 1642 321 1703 vindicasset
334 1660 368 1703 ac
386 1644 535 1720 proprium
552 1645 710 1704 effecisset?
724 1645 850 1704 Proiecto
869 1658 955 1702 nemo
974 1643 1123 1717 disponere
1142 1656 1192 1715 po-

148 1732 203 1786 test
216 1728 253 1787 de
266 1728 362 1801 rebus,
373 1744 446 1804 quae
461 1728 524 1788 eius
533 1730 661 1790 dominio
676 1744 735 1805 non
749 1729 921 1787 subduntur.
935 1728 1027 1795 Quare
1044 1726 1114 1786 liaeo
1128 1740 1193 1785 seo·

148 1812 237 1871 tentia
250 1812 288 1871 ad
300 1811 420 1872 dominii
435 1813 576 1887 originem
589 1813 810 1887 explicandam,
827 1811 986 1873 dominium
1001 1811 1059 1869 iam
1074 1816 1192 1871 enatum

148 1896 248 1956 saitem
265 1912 316 1971 pro
330 1898 464 1958 societate
478 1898 622 1959 subaudit.
640 1898 762 1970 Quarto,
779 1898 805 1957 si
819 1897 867 1957 lex
881 1894 973 1955 civilis
990 1895 1194 1970 proprietatem

148 1986 234 2053 creat,
246 1987 313 2042 tuuc
327 1982 421 2041 omnis
431 1983 495 2041 eius
509 1984 673 2042 constitutio
682 1981 737 2042 itae
751 1982 781 2041 in
796 1998 827 2041 re
842 1980 998 2056 aequaerit
1013 1997 1066 2041 nec
1080 1982 1189 2040 iustum

147 2064 185 2123 ab
198 2065 314 2138 iniusto,
332 2066 368 2125 ad
382 2067 548 2140 qualitatem
562 2066 659 2140 legum
673 2068 750 2139 quod
765 2067 874 2138 attinet,
891 2065 1016 2125 discerni
1031 2066 1143 2140 poterit.
1155 2064 1191 2136 ¹id

148 2144 343 2222 aulamquam'
354 2149 511 2209 absurdum
522 2150 652 2210 sitnemo
662 2165 721 2208 non
737 2150 829 2223 ridei3
846 2150 999 2225 siquidem,
1010 2150 1127 2209 decente
1142 2165 1189 2209 na-

149 2236 229 2304 tura,
245 2232 321 2305 leges
335 2233 413 2306 ipsas
434 2233 534 2293 civiles
556 2235 766 2309 praeexistente
785 2234 816 2293 in
830 2242 927 2295 mente
946 2242 1044 2295 uostra
1066 2234 1192 2295 iustitiae

148 2314 262 2375 criterio
276 2316 455 2391 iudicamus,
472 2333 577 2393 casque
593 2318 707 2391 iniquas
721 2316 877 2390 habemus,
895 2318 919 2377 si
934 2318 1042 2392 aliquid
1057 2321 1190 2380 sanciunt

151 2399 225 2473 quod
241 2400 298 2459 iuri
310 2402 491 2476 proprietatis
507 2404 683 2463 adversetur.
695 2403 832 2477 lienique,
848 2402 969 2461 eandem
985 2410 1079 2461 notam
1094 2404 1191 2463 iucur-

149 2483 200 2557 rit,
217 2501 304 2559 quam
319 2486 500 2562 ileiueccius,
517 2503 620 2563 nempe
633 2488 710 2563 quod
723 2488 769 2547 ius
786 2485 965 2562 proprietatis
982 2485 1064 2559 piane
1085 2488 1190 2561 diruit,

151 2583 186 2627 ac
200 2570 277 2629 riam
287 2570 380 2645 aperit
392 2572 612 2632 communismo.
629 2572 657 2631 Si
673 2572 805 2631 enimius
819 2571 998 2645 proprietatis
1013 2571 1105 2645 alege
1120 2572 1190 2629 civi·
1235 2568 1245 2623 l

149 2651 171 2713 ti
185 2654 329 2729 dimanat,
346 2656 383 2715 ab
398 2658 498 2717 eadem
512 2658 590 2718 demi
603 2657 720 2733 poterit;
737 2663 822 2730 atque
839 2656 880 2714 ita
903 2655 1130 2715 communiamus
1151 2656 1194 2714 iu·

149 2740 607 2897 gtgtseiigktgtgdtorcommunistae
620 2744 684 2802 iure
699 2741 775 2815 leges
790 2740 910 2813 terendi,
922 2755 973 2799 seu
984 2738 1099 2814 politica
1114 2746 1192 2815 pote·

224 2867 232 2895 ,
394 2868 403 2886 .

194 3019 205 3066 i
225 3019 320 3085 i’aaprit
339 3021 378 3068 das
391 3022 434 3071 loia
449 3027 466 3069 t.
482 3023 518 3087 a,
533 3024 573 3074 iir.
595 3024 646 3088 28,
665 3022 701 3071 eh.
718 3024 757 3071 tt.
774 3024 872 3071 dandam
885 3025 930 3073 iera
950 3026 1081 3073 ualentiam
1097 3028 1195 3090 seqnitur

147 3096 243 3144 redita
256 3098 281 3144 in
295 3114 361 3161 opera
379 3100 415 3147 cni
435 3100 532 3148 ataias:
548 3103 580 3149 Le
596 3102 660 3149 droit
674 3102 733 3148 etott
748 3104 854 3162 tramit
869 3104 964 3150 niseni
981 3103 1068 3150 i¹ordre
1083 3106 1117 3151 dat
1132 3104 1194 3152 coda

147 3173 194 3220 itui
208 3174 268 3221 anim
281 3175 307 3220 in
316 3181 374 3222 statu
386 3176 474 3223 civilem
487 3177 613 3225 meiatatam
626 3177 779 3241 praecedente,
795 3178 819 3223 iu
834 3194 876 3240 quo
898 3179 1073 3225 communionem
1088 3178 1195 3229 honorant

147 3250 271 3311 negativam
283 3251 378 3312 riguisse
392 3252 460 3317 elicit,
485 3254 519 3299 ias
533 3254 621 3317 alionod
635 3252 756 3317 occupandi
771 3269 805 3300 rea
820 3270 860 3322 pro
874 3270 916 3301 usa
931 3253 1042 3301 dumtaxat
1066 3260 1193 3303 transeunte

147 3330 171 3373 cl
184 3327 314 3391 temporario
331 3336 441 3391 agnoscat,
457 3346 482 3376 ac
497 3330 608 3395 deinceps,
625 3329 710 3378 cultura
730 3346 855 3393 camporum
870 3337 959 3393 propter
973 3326 1141 3393 multiplicatum
1158 3346 1194 3391 pe·

148 3418 191 3451 tras
205 3404 313 3452 hamanus
328 3405 469 3471 introducta,
487 3408 520 3455 ina
535 3407 654 3455 cultoribus
668 3406 773 3469 largiatur
788 3405 914 3453 vindicandi
929 3404 972 3453 alti
987 3422 1062 3468 agrurn
1085 3405 1195 3469 usquead

148 3494 253 3543 mesaem3
270 3485 342 3527 lamen
357 3479 498 3528 stabilitatem
512 3483 651 3546 proprietatis
667 3482 756 3529 nonnisi
771 3480 856 3543 legibus
871 3480 971 3528 civilibus
981 3482 1093 3529 ariscribii.
1105 3482 1138 3528 Eu
1149 3483 1196 3529 rius

148 3558 246 3622 praecisa
256 3558 333 3607 rerba:
349 3560 417 3605 Potor
432 3559 524 3606 dorem
537 3563 552 3607 d
567 3563 591 3607 ia
599 3561 720 3621 propriore
737 3561 758 3605 le
773 3561 905 3605 charactere
915 3558 942 3604 de
952 3560 1062 3615 strittttt,
1079 3574 1124 3619 que
1137 3572 1196 3606 nour

149 3635 187 3680 isti
205 3634 482 3694 oopm‘atg‘otrrti’itati,
502 3637 523 3681 ii
537 3638 611 3697 sallat
624 3637 663 3683 dat
677 3636 722 3683 iot't
735 3636 864 3695 putidiore,
885 3634 925 3681 det
939 3636 1074 3694 magistrale
1085 3649 1149 3695 pour
1164 3637 1196 3683 iet

149 3711 213 3770 [atra
226 3713 344 3767 eadmer,
354 3725 428 3758 enea
441 3716 497 3767 atoi,
512 3714 534 3757 ii
543 3714 618 3774 {diet
632 3714 696 3759 t’ttat
705 3713 770 3759 civit.
784 3710 841 3775 (iit.
854 3710 882 3756 il.
899 3711 949 3757 titre
964 3711 993 3757 it.
1006 3711 1040 3757 cir.
1054 3712 1077 3773 i,
1094 3716 1146 3759 sect.
1159 3708 1194 3773 l.)

149 3786 173 3830 Si
183 3785 237 3832 adeo
248 3786 366 3834 deluentes
376 3788 497 3834 molestiae
512 3789 593 3851 passim
608 3788 709 3848 vulgatae
722 3791 783 3849 soni,
800 3786 905 3833 miramur
919 3789 1083 3835 communitati
1092 3792 1114 3833 et
1123 3790 1196 3836 torio·

97 3920 102 3930 Ι
149 3861 215 3909 litati
229 3867 333 3927 artemi
343 3863 491 3925 proterviam?
504 3863 606 3911 ldiranda
620 3864 695 3927 potiar
709 3868 800 3909 uatum
810 3861 905 3927 bonitas,
921 3878 977 3925 quae
990 3869 1023 3911 toi
1036 3864 1144 3913 erroribus
1155 3865 1196 3911 ina·

147 3933 224 4001 petita,
239 3939 313 3986 minas
326 3936 445 4003 depravatu
459 3938 525 3990 luerit
538 3954 604 4005 qaam
617 3939 674 3988 ioris
687 3936 805 3989 doluisset.
