2767 4492
355 380 429 424 exus
444 377 555 424 rsnru
564 395 575 410 ·
584 375 759 424 rnroaoem
771 379 940 426 uetustus
1119 367 1171 426 277

126 478 177 526 ret.
195 465 286 534 Οιιιιιι
297 462 375 522 nullo
389 463 474 521 modo
488 467 521 520 ut
531 461 652 536 patiens,
666 461 716 520 sed
726 467 759 520 ut
773 478 860 536 agens
874 469 985 523 tantum
997 465 1171 525 considerari

126 551 221 608 debet.
237 550 329 616 icens
349 555 444 606 antem
463 547 589 621 praecise
604 547 634 605 in
649 552 790 619 quantum
809 549 877 620 agit,
893 565 951 608 uon
970 551 1077 626 aliquid
1090 551 1122 610 in
1139 565 1171 610 ιι

125 634 234 708 recipit,
252 633 300 690 sed
324 632 525 706 perfectionem
537 630 601 688 aliis
615 631 794 704 impartitur,
810 645 842 688 ac
857 633 976 704 proinde
990 635 1015 693 si
1030 636 1171 694 actionem

125 718 248 790 cohibet,
267 731 323 775 uon
343 716 449 788 aliquid
474 731 490 774 a
510 731 540 773 se
564 714 663 780 demit,
684 714 732 772 sed
750 714 864 772 effectui
879 717 1060 777 existentiam
1074 725 1168 792 negat,

123 801 260 861 relatione
275 801 366 859 solum
383 800 501 859 variata.
517 799 547 858 id
561 815 628 858 ιιιο
643 799 696 857 etsi
711 799 742 856 iu
758 798 817 857 solo
831 798 888 857 Deo
903 802 1061 875 contingat,
1075 809 1170 862 tamon

123 886 154 944 iu
171 887 233 958 ipsa
249 885 333 944 etiam
357 885 499 943 voluntate
525 888 619 942 creata
644 883 810 956 exemplum
831 883 945 956 aliquod
967 884 1083 944 relucet.
1099 887 1170 947 liam

124 985 190 1028 eum
206 971 276 1028 baec
287 986 323 1028 ex
339 976 404 1027 actu
419 968 512 1042 primo
522 968 557 1026 ad
573 969 731 1027 secuudum
746 967 882 1040 procedit,
895 974 975 1026 actus
990 968 1038 1027 ille
1048 970 1167 1044 primus,

122 1055 154 1112 iu
170 1063 309 1126 quantum
330 1052 479 1118 eiusmodi,
496 1067 551 1110 uon
567 1058 695 1110 mutatur
708 1050 891 1123 intrinsecus,
908 1051 956 1109 sed
972 1067 1076 1110 novam
1090 1053 1170 1111 dum·

124 1144 202 1195 taxat
217 1137 339 1210 suscipit
353 1137 529 1195 relationem.
547 1135 660 1194 Mutatio
676 1151 743 1195 vero
757 1137 850 1193 omnis
865 1141 930 1194 actu
945 1137 1068 1195 secuudo
1082 1137 1169 1195 eonti-

121 1229 187 1280 netu
194 1239 215 1295 r,
234 1221 284 1295 qui
299 1237 373 1279 nova
395 1220 536 1293 quaedam
556 1226 599 1277 est
618 1219 707 1278 animi
722 1219 904 1278 modificatio.
920 1224 1010 1292 litque
1023 1221 1071 1279 bio
1088 1228 1168 1280 actus

121 1306 264 1366 secundus
278 1305 385 1362 idcirco
403 1305 611 1362 incrementum
627 1303 720 1375 adert,
736 1303 805 1376 quia
819 1309 900 1362 actus
914 1304 1025 1377 primus
1037 1305 1167 1364 induitur

119 1404 179 1447 nou
193 1395 263 1461 erat,
280 1395 308 1446 et
324 1387 522 1462 potentialitati
539 1387 786 1445 commiscebatur.
799 1388 878 1455 Quod
892 1388 917 1447 si
932 1388 992 1446 sola
1006 1389 1167 1449 actualitate

121 1478 241 1530 ornatus
254 1479 338 1543 esset,
352 1471 414 1536 sine
426 1471 483 1528 ulla
496 1470 623 1528 mixture
639 1471 798 1545 potentiae3
810 1477 878 1529 tune
892 1471 972 1529 nulle
982 1471 1095 1530 iuterna
1106 1487 1167 1532 mn·

122 1555 228 1612 tatione
243 1555 318 1613 attici
328 1563 440 1628 posset,
453 1557 500 1612 sed
514 1552 604 1612 solnm
616 1569 718 1613 notam
730 1554 895 1630 relationem
907 1555 1047 1615 indueret.
1058 1557 1088 1615 ld
1099 1572 1166 1616 xero

120 1637 212 1712 nobis,
230 1640 279 1712 qui
296 1640 367 1697 liniti
384 1653 492 1708 sumus,
509 1645 670 1712 competere
685 1639 801 1712 nequit;
813 1645 843 1696 at
856 1640 891 1697 de
905 1639 962 1698 Deo
972 1640 1079 1713 optime
1092 1641 1166 1715 cogi-

121 1727 204 1796 tatur,
223 1723 282 1798 qui,
299 1729 331 1781 ut
345 1723 416 1795 dixi,
435 1723 563 1781 infinitus
585 1728 628 1780 est
649 1727 677 1781 et
700 1729 766 1781 actu
786 1723 967 1796 perfectiouis
980 1723 1110 1783 indultae
1129 1726 1165 1785 ad

118 1807 276 1866 creandum
290 1808 432 1867 mundum
446 1821 476 1866 se
493 1806 581 1867 libere
596 1807 690 1866 vertit.
709 1850 717 1864 .

547 1949 551 1954 ’
618 1975 650 2034 ιι.

491 2145 565 2202 Deos
586 2152 625 2202 ost
642 2151 789 2203 aeternas.

155 2313 215 2372 158.
232 2315 296 2372 Post
312 2310 573 2371 immutabilitatem
590 2311 719 2384 sequitur
733 2317 764 2370 ut
780 2311 815 2370 de
830 2313 927 2372 diviua
944 2316 1108 2375 aeternitate
1121 2317 1162 2376 di-

114 2405 206 2469 catur,
228 2412 304 2471 queo
321 2411 387 2454 cum
406 2395 552 2468 superiore
574 2394 709 2454 attributo
729 2396 799 2454 adeo
819 2399 904 2456 aretis
924 2399 1049 2458 nexibus
1068 2399 1160 2472 iungi-

115 2488 170 2553 tur,
189 2487 220 2539 ιιι
234 2496 308 2555 pene
323 2480 458 2539 conlundi
477 2480 615 2538 rideatur.
637 2481 794 2539 Aeternitas
813 2482 909 2556 itaque
931 2482 1035 2540 dieitur
1057 2497 1091 2539 ea
1109 2484 1161 2541 du-

110 2564 196 2638 ratio,
213 2581 286 2640 quae
301 2563 441 2640 principio
457 2569 486 2623 et
496 2564 554 2622 line
568 2571 655 2633 caret,
673 2571 758 2639 atque
773 2565 837 2624 ideo
852 2580 968 2638 prorsus
980 2564 1092 2623 infinita
1106 2571 1157 2638 est,

110 2665 166 2708 nec
187 2657 281 2708 tamar
307 2649 395 2708 ullam
414 2648 469 2708 sibi
498 2650 626 2723 implicat
651 2649 871 2708 successionem.
895 2649 1010 2706 Duratio
1031 2663 1096 2706 vero
1117 2654 1160 2706 est

110 2734 253 2793 existendi
270 2733 449 2807 permansio,
473 2749 523 2792 seu
542 2749 730 2808 perseverans
750 2733 826 2790 eutis
850 2732 1012 2790 existentia.
1037 2731 1115 2790 Unde
1134 2732 1158 2791 si

109 2819 185 2878 Deus
195 2817 377 2877 existentiam
391 2817 479 2875 babet
494 2819 556 2876 siue
571 2817 652 2876 initio
667 2833 701 2874 ec
715 2817 777 2874 sine
793 2817 860 2888 tine,
877 2815 1000 2873 ettalem
1014 2820 1047 2874 ut
1061 2816 1158 2874 omnia

110 2893 176 2962 actii
197 2900 415 2959 immutabiliter
437 2900 657 2972 complectatur3
684 2913 751 2955 eum
774 2913 835 2955 esse
860 2903 1008 2956 aeternum
1032 2898 1158 2972 prolecto

133 2982 230 3043 atebit.

109 3003 131 3060 p
146 3069 205 3126 lam
220 3081 272 3139 age
283 3065 358 3138 quod
375 3064 436 3122 eius
451 3062 603 3122 existentia
618 3062 658 3120 ita
674 3069 788 3136 perstet,
799 3069 832 3123 ut
846 3066 1085 3139 quemadmodum
1095 3069 1157 3127 uul-

105 3155 169 3213 lum
185 3149 334 3208 exordium
355 3147 453 3206 sortita
475 3151 527 3219 est,
543 3145 583 3204 ita
604 3145 712 3204 nullum
735 3147 821 3216 linem
845 3149 882 3206 sit
899 3149 1048 3222 habitura·
1069 3151 1098 3208 id
1118 3168 1155 3210 ex

105 3235 171 3296 eius
187 3233 315 3292 absoluta
337 3231 505 3290 necessitate
528 3232 720 3303 consequitur.
745 3231 815 3290 Nam
839 3232 981 3293 existendi
1003 3235 1156 3294 necessitas

104 3319 187 3380 nullo
204 3325 279 3378 certo
296 3323 421 3392 tempore
436 3315 586 3388 delinitur,
601 3321 686 3390 atque
701 3315 767 3376 ideo
781 3323 813 3374 ut
826 3331 939 3390 semper
953 3317 1016 3389 fuit,
1033 3317 1073 3375 sio
1083 3332 1156 3377 sem·

104 3403 236 3478 pererit.
254 3403 401 3461 Praeterea
415 3400 491 3475 quod
510 3399 672 3458 necessario
687 3415 722 3459 ae
740 3401 770 3459 vi
785 3417 853 3460 suae
868 3411 988 3459 naturae
1002 3401 1109 3475 existit,
1125 3402 1155 3462 id

105 3505 146 3548 ex
158 3488 238 3547 nulla
253 3503 283 3546 re
298 3487 416 3561 pendet;
429 3484 549 3558 ideoque
564 3491 596 3541 ut
607 3499 755 3557 nunquam
769 3485 885 3558 incepit,
897 3485 938 3543 sic
950 3500 1097 3558 uunquam
1107 3485 1155 3545 de·

104 3572 191 3632 sinet.
209 3571 282 3631 Deus
297 3571 384 3646 igitur
399 3585 464 3628 cum
476 3567 636 3630 necessario
651 3575 753 3644 exstet,
769 3569 896 3628 terminis
907 3569 1039 3642 utrinque
1054 3569 1153 3632 inexi-

104 3657 207 3718 steudo
221 3661 314 3716 vacat.
597 3715 605 3732 ,

144 3741 222 3810 Quod
236 3756 304 3801 vero
320 3741 381 3799 eius
403 3738 557 3800 existentia
575 3738 785 3798 successionem
804 3744 928 3813 respuat,
942 3755 982 3797 ex
996 3738 1091 3798 divina
1108 3740 1151 3798 in-

104 3825 217 3886 finitate
228 3829 313 3899 atque
323 3823 553 3885 immutabilitate
565 3823 748 3898 perspicuum
759 3830 811 3882 est.
823 3823 925 3898 Nequit
935 3825 1012 3882 enim
1021 3823 1061 3882 ibi
1071 3825 1150 3884 ades·

103 3926 139 3971 ιι
153 3909 198 3974 ιιι
213 3910 283 3985 fingi
303 3911 454 3985 ιιιιιιιιιο,
469 3909 520 3970 ubi
535 3908 616 3970 nuta
631 3909 744 3971 iuterna
761 3910 838 3984 viget
855 3910 985 3971 mutabo.
1002 3909 1149 3970 successio
