2767 4492
525 300 600 350 nans
618 302 739 352 annana
1100 283 1137 344 st
1164 331 1169 342 .

104 383 221 462 lienique
237 387 259 449 rl
272 389 342 450 iacti
355 387 496 450 enarratio
510 389 548 449 sit
561 389 710 464 eiusmodi,
723 403 798 464 quae
808 401 866 447 non
882 383 1031 446 commoda
1045 389 1074 448 et
1087 385 1139 445 lno-

103 485 182 531 noree
197 475 255 534 tecti
269 473 380 548 atterat,
397 475 446 534 sed
460 479 633 534 nocumenta
645 475 749 550 potins,
773 473 914 533 iactarem
928 471 1078 544 bonomm,
1096 469 1139 529 in-

102 554 220 627 famiam,
236 563 386 632 tormenta,
402 565 523 618 martem
537 559 633 630 etiam3
650 565 712 617 tum
726 559 809 633 longe
824 557 929 617 certius
944 555 1086 615 eritillum
1102 553 1139 612 ad

101 637 200 700 iactum
214 644 407 703 enarrandum
421 641 501 702 nulla
515 643 669 718 cupiditate
682 643 791 701 moveri
799 641 933 717 potuisse.
946 638 1138 698 Animadverti

99 721 179 796 igitur
192 727 338 787 evidenter
350 731 451 801 potest,
467 727 577 786 nullam
588 725 758 802 quandoque
769 725 889 786 testibus
908 723 1006 783 adesse
1021 737 1139 784 cansam

97 809 258 869 mentiendi.
272 811 345 885 llrgo
359 811 416 871 niet
434 809 567 872 effectam
584 809 647 869 sine
663 823 750 868 causa
759 808 889 884 progigni
899 821 981 882 posse
995 812 1137 882 putemus,

95 892 275 953 mendacium
288 901 356 954 tunc
370 895 483 955 excludi
497 896 614 971 penitus
628 893 775 954 latendum
790 899 842 952 cst.
859 893 892 952 tlt
906 891 994 966 igitur
1003 893 1038 950 de
1049 892 1138 950 scien·

97 974 143 1050 tia,
160 977 203 1035 stc
216 983 344 1039 cousmre
362 980 447 1039 etiam
461 978 614 1054 aliquando
628 983 722 1052 potest
735 977 771 1035 de
787 977 899 1036 testium
913 974 1079 1050 veriloquio.
1096 975 1140 1032 lt·

94 1059 143 1134 qui
158 1075 196 1118 en
211 1063 322 1122 testitm
336 1064 454 1124 scientia
469 1071 499 1123 ct
509 1063 667 1138 veriloquio
683 1061 857 1120 auctoritatis
871 1061 916 1119 vis
930 1059 1072 1120 coalescit.
1092 1057 1140 1116 Er·

92 1157 128 1215 go
143 1144 214 1203 baec
230 1147 397 1221 quandoque
412 1164 475 1208 esse
489 1149 582 1222 potest
596 1145 744 1218 eiusmodi,
764 1147 798 1202 ut
813 1145 969 1219 adplenam
980 1142 1139 1204 laciendum

91 1227 186 1301 tidem,
204 1229 435 1306 gignendamque
448 1231 510 1289 veri
523 1230 649 1288 nominis
663 1227 861 1287 certitudinem
876 1229 978 1288 valeat.
1046 1265 1055 1280 ·
1140 1270 1145 1280 .

126 1311 171 1370 55.
183 1311 387 1374 Verumtamen
406 1315 501 1372 utbac
510 1313 575 1370 dote
584 1313 689 1385 polleat
699 1311 861 1385 auctoritas,
871 1311 1045 1370 conditiones
1054 1317 1140 1386 qu‘ae-

21 1402 22 1445 ῖ
91 1395 159 1452 dam
177 1398 359 1455 necessariae
382 1401 460 1467 sunt,
487 1394 728 1468 quemadmodum
752 1409 788 1452 en
814 1393 875 1468 ipsa
893 1393 1140 1469 demonstratione,

20 1480 21 1483 ’
90 1493 181 1551 quam
201 1479 333 1548 lecimus,
348 1484 441 1554 patet;
461 1469 534 1552 qv'rae
549 1484 715 1537 tamennon
735 1490 834 1537 omnes
855 1473 963 1552 ubique
976 1481 1004 1535 et
1022 1489 1141 1552 semper,

90 1563 139 1622 ead
155 1562 271 1637 aliquae
289 1580 340 1638 pro
354 1565 398 1623 rei
412 1564 621 1638 opportunitate
634 1568 663 1622 et
676 1577 740 1636 usu,
760 1561 1071 1636 iudicio‘prudcntum,
1094 1577 1143 1620 ex-

91 1649 252 1720 quimntur.
273 1647 328 1707 lias
341 1647 491 1707 brevitatis
504 1644 595 1721 gratia
606 1645 642 1704 ad
654 1652 711 1705 tres
726 1645 840 1706 reduco.
854 1645 874 1705 l.
886 1642 1143 1706 Factamriteiaa·

90 1731 169 1791 madi
182 1739 219 1790 at
234 1731 351 1792 carata
364 1731 606 1791 innotescentia
618 1731 756 1808 potuerit.
774 1729 961 1806 ldtietprimo
972 1729 996 1788 si
1004 1729 1142 1808 possibile

91 1815 174 1874 luerit
187 1831 249 1875 nan
263 1816 355 1875 salum
369 1815 400 1875 ln
411 1829 451 1890 se,
468 1819 608 1890 quatenus
623 1815 813 1890 repugnantia
827 1829 885 1874 nan
900 1813 1081 1887 laboraverit,
1092 1815 1143 1874 sed

91 1900 173 1959 etiam
193 1901 290 1976 quaed
309 1901 443 1960 adiuncta
457 1915 530 1974 quae
550 1900 645 1974 ipsum
659 1901 820 1960 necessario
835 1901 1015 1974 comitantur,
1036 1899 1139 1961 deinde

89 1983 114 2041 sl
127 1983 215 2044 luerit
228 1983 355 2059 illustra,
371 1984 510 2044 nimirum
524 1999 582 2044 non
601 1985 684 2045 modo
699 1983 831 2045 sensibus
847 1982 1015 2058 obnoxium,
1039 2001 1138 2046 vemm

89 2066 173 2127 etlam
188 2067 258 2142 tale,
274 2066 349 2142 quod
365 2069 549 2128 attentionem
559 2073 588 2127 et
601 2069 779 2146 diligentiam
789 2070 985 2129 contuentium
995 2069 1137 2133 excitarit.

87 2150 117 2210 ll.
135 2149 228 2211 Taeter
242 2153 438 2212 communiter
447 2153 507 2212 siat
519 2153 630 2230 pluras.
643 2153 714 2214 Nam
723 2155 967 2230 illacupiditatum
978 2168 1083 2230 pugna,
1100 2169 1139 2212 ex

88 2249 145 2309 qua
159 2237 336 2310 conspiratio
353 2237 384 2295 in
400 2237 583 2297 mendacium
608 2239 753 2297 evidenter
768 2237 939 2312 excluditur,
966 2237 1065 2297 baberi
1082 2253 1141 2296 non

86 2325 186 2394 potest,
203 2319 265 2380 nisi
279 2322 310 2380 in
325 2321 446 2380 diversis
461 2321 635 2395 bominibus,
651 2322 701 2396 qui
712 2324 785 2382 sicut
793 2322 956 2383 individuas
966 2321 1142 2380 dillerentias

88 2403 141 2462 sibi
158 2403 320 2477 vindicant,
340 2405 516 2479 peculiarem
532 2405 672 2480 habitam,
693 2407 856 2479 incessum,
877 2405 1067 2470 lineamenta,
1091 2417 1139 2462 vo-

87 2501 157 2562 cem3
173 2491 217 2548 ita
232 2487 362 2562 proprias
376 2505 427 2563 pra
442 2489 620 2564 singularum
634 2489 796 2550 conditione
812 2489 1001 2565 appetitiones
1020 2485 1138 2545 babent.

87 2571 148 2631 llixl
167 2573 380 2646 commeantem
395 2574 463 2648 quia
477 2575 605 2634 accidere
623 2575 779 2649 aliquanda
794 2579 895 2649 potest,
919 2577 951 2632 ut
968 2585 1043 2630 unus
1062 2569 1141 2630 testis

85 2657 199 2730 plenam
215 2655 304 2715 iaciat
317 2657 413 2731 tidem,
431 2658 456 2716 si
470 2658 644 2732 singularem
658 2659 796 2718 iustitiam
806 2657 973 2732 prudentiae
985 2655 1141 2730 coniungat

86 2743 279 2817 praecellenti
297 2747 347 2800 aut
359 2755 422 2801 rem
437 2751 533 2802 coram
547 2743 583 2803 iis
598 2743 775 2802 enarraverit
790 2743 840 2815 qui
851 2743 965 2800 eventui
975 2741 1141 2812 interfuere,

86 2829 113 2884 et
133 2839 260 2900 quarum
278 2826 407 2884 maxime
424 2825 561 2886 intererat
576 2827 763 2884 mendacium
785 2838 948 2896 coarguere.
964 2823 1041 2881 Tunc
1063 2823 1140 2878 enim

89 2911 168 2969 testis
183 2908 281 2984 specie
297 2913 379 2967 tenus
394 2915 438 2967 est
450 2923 535 2980 unus,
547 2909 599 2966 sed
609 2923 641 2964 re
650 2923 720 2964 rera
728 2911 770 2963 est
779 2905 939 2977 multiplmq
955 2907 995 2961 tot
1005 2901 1142 2960 nimirum

85 2996 261 3063 coalescens,
283 2997 351 3062 quot
367 2993 474 3048 tactum
492 2991 655 3047 habuerunt
668 2991 850 3059 perspectum
862 2999 914 3044 nec
928 2985 1063 3046 obstitere
1076 2999 1141 3044 nar-

83 3077 174 3136 ranti.
192 3073 238 3131 lll.
255 3071 410 3128 deridentes
426 3078 568 3146 appareat
585 3075 663 3127 testas
676 3083 738 3126 aaa
748 3069 876 3144 potuisse
887 3071 926 3129 ad
939 3069 1141 3128 mentiendum

86 3155 212 3219 adduci.
230 3155 262 3214 ld
276 3152 418 3229 patebitei
434 3153 610 3213 conditiones
625 3158 653 3212 et
666 3167 761 3212 mores
775 3153 951 3227 singulomm
964 3153 1141 3230 perpendan-

87 3252 144 3318 tur,
162 3257 219 3302 ncc
239 3235 367 3327 partium
386 3237 479 3299 studia
497 3243 582 3299 testes
597 3237 736 3314 labarent,
753 3240 953 3314 etpracsertim
966 3240 989 3299 si
1000 3239 1141 3301 enarratio

88 3335 131 3387 eet
146 3326 213 3388 talin
227 3331 261 3384 ut
274 3323 346 3398 ipsis
360 3325 494 3385 ablutura
504 3324 543 3385 sit
557 3324 652 3400 potius
665 3317 711 3384 vel
726 3327 801 3384 certe
815 3325 856 3383 nil
870 3323 1026 3400 protutura.

123 3413 169 3473 56.
187 3412 264 3480 Quae
279 3425 331 3486 pro
345 3411 510 3470 auctoritate
524 3411 555 3470 in
570 3410 653 3470 lactis
672 3409 826 3469 sensilibus
845 3410 1002 3485 generatim
1017 3409 1138 3471 ostendi·

87 3511 163 3565 mus,
180 3492 319 3571 applicari
333 3495 420 3554 etiam
434 3495 540 3554 debent
553 3495 707 3569 separatim
719 3493 862 3554 traditioni
873 3495 943 3554 orati
953 3499 981 3554 et
991 3493 1135 3555 historiae.

89 3580 136 3639 Est
149 3587 247 3640 autem
262 3577 354 3639 oratis
370 3577 492 3638 traditio
510 3581 624 3639 testium
640 3579 805 3639 continuata
820 3579 978 3653 successio,
1003 3591 1064 3637 rem
1079 3595 1136 3640 non

90 3661 203 3739 seraptis
222 3663 273 3723 sed
294 3679 343 3723 are
362 3665 625 3724 transmittentium.
646 3663 721 3722 llaec
741 3663 765 3722 si
785 3663 963 3722 characteres
984 3661 1088 3722 babeat
1101 3663 1136 3722 ad

90 3750 286 3808 auctoritatem
300 3749 415 3824 plenam
428 3749 623 3823 necessarias,
644 3747 794 3807 indubiam
810 3747 901 3822 pariet
915 3747 1001 3809 tidem
1022 3755 1137 3824 propter

91 3839 291 3906 argumentum
304 3832 391 3908 idem,
414 3833 489 3907 quod
503 3847 589 3909 supra
604 3831 681 3908 dlxi,
702 3833 771 3908 quia
785 3839 851 3894 tunc
866 3849 952 3898 cassa
966 3833 1044 3900 uuus
1058 3831 1134 3895 testi-
