2767 4492
232 223 270 282 so
714 225 849 280 bodicus:

230 319 323 380 monii
336 333 391 380 nec
404 331 484 379 error
497 333 552 378 nec
566 318 740 392 conspiratio
754 317 786 376 in
800 316 1001 394 mendacium,
1023 317 1072 378 sed
1088 317 1155 376 lacti
1170 317 1285 378 dumta-

232 409 285 462 xat
303 403 409 462 raritas
423 418 485 462 esse
499 407 600 475 potest.
621 403 727 461 'lamen
747 409 779 460 ut
797 401 886 460 robur
907 401 1029 473 babeat,
1052 402 1208 476 requiritur
1226 402 1286 476 pri-

231 503 313 545 mum
327 501 365 546 ne
378 487 416 546 sit
428 486 616 561 interrupto,
632 485 770 545 nimirum
785 485 823 545 sit
837 485 901 545 talis
916 491 948 544 ut
962 485 1062 544 saltem
1076 485 1107 544 in
1122 502 1152 544 se
1168 485 1204 544 ab
1219 485 1286 544 ulti-

233 587 282 630 ma
295 570 372 630 linea
385 571 539 630 ascendere
558 569 647 644 possit
667 569 704 628 ad
725 570 821 644 ipsum
840 569 956 628 initium
970 570 1002 628 in
1017 569 1136 630 testibus
1149 570 1223 630 iacto
1238 585 1286 628 co-

233 655 313 714 aevis
327 660 355 714 et
369 654 489 714 oculatis
502 654 599 714 situm.
622 653 731 712 Deinde
752 669 869 714 necesse
889 660 933 714 est
952 659 985 712 ut
999 654 1036 714 sit
1050 654 1170 729 arripio,
1188 654 1286 728 plnres

234 739 372 800 nimirum
387 745 474 798 testes
488 739 674 812 amplectens.
700 737 775 805 Quod
796 736 820 798 si
840 745 1027 798 monumenta
1047 738 1134 798 etiam
1148 737 1284 812 publica,

233 828 345 882 statuae
358 821 516 894 nimirum,
536 821 729 894 numismata,
752 821 875 896 templa,
896 827 982 896 atque
995 822 1053 880 alia
1066 823 1096 880 id
1110 837 1219 896 genus,
1236 828 1288 880 aut

233 906 380 966 institutae
401 905 598 966 caeremoniae
622 905 654 964 in
675 905 743 963 lacti
762 907 930 965 memoriam
954 907 1109 978 accedant;
1130 905 1235 964 mirum
1254 905 1285 964 in

233 991 352 1050 modum
368 991 411 1050 ris
424 991 584 1050 traditionis
598 989 736 1064 augescit.
756 989 884 1063 Denique
899 991 936 1048 sit
949 990 1125 1064 uniformis,
1147 989 1285 1048 nimirum

233 1075 385 1149 eiusmodi,
403 1080 435 1135 ut
448 1075 619 1147 testimonia,
636 1075 714 1133 unde
730 1074 872 1146 coalescit,
892 1075 1071 1134 consentiant
1084 1075 1159 1134 inter
1173 1089 1214 1146 se,
1231 1073 1285 1132 sal·

235 1165 295 1218 tem
308 1160 401 1240 quoad
416 1160 484 1219 lacti
500 1159 689 1220 substantiam
705 1165 733 1217 et
747 1159 882 1218 adiuncta
897 1159 1059 1234 praecipua,
1076 1158 1181 1232 quibus
1195 1158 1285 1216 allici·

226 1249 292 1316 tur,
312 1243 380 1304 lioet
393 1245 527 1304 differant
539 1245 571 1303 iu
586 1244 728 1303 adirrnctis
744 1243 921 1302 secundariis
935 1259 1008 1318 quae
1022 1243 1059 1302 ad
1073 1243 1140 1301 lacti
1156 1243 1285 1301 substan·

237 1327 307 1386 tiam
320 1328 440 1388 minime
455 1329 609 1403 pertinent.

272 1413 316 1473 57.
339 1413 417 1473 ldem
430 1415 490 1474 iere
505 1414 662 1474 dicendum
682 1413 737 1474 erit
755 1413 792 1471 de
810 1411 947 1484 lristoria,
968 1426 1020 1470 seu
1034 1412 1222 1470 eruderatione
1239 1413 1284 1484 sc-

206 1491 211 1495 ’
234 1504 351 1556 storum
367 1499 486 1574 scriptis
501 1498 728 1570 mmmndctu;
744 1497 790 1555 cui
805 1498 842 1555 ad
856 1495 1017 1554 faciendam
1032 1495 1117 1554 iidem
1134 1495 1186 1553 tria
1200 1496 1284 1569 plane

233 1581 438 1655 requiruntur:
461 1581 691 1653 autlwnticitca,
709 1581 839 1648 ueritus,
859 1580 1025 1654 integritus.
1046 1579 1130 1638 Porro
1144 1579 1286 1638 autberti-

236 1680 302 1724 cam
316 1681 380 1725 esse
393 1665 543 1724 historiam
557 1655 700 1723 constabit
713 1665 857 1739 primum,
879 1663 903 1722 si
919 1669 1097 1738 temporum,
1120 1663 1224 1738 quibus
1241 1664 1285 1721 tri-

234 1748 343 1821 buitur,
359 1748 517 1821 institutis,
534 1748 681 1820 moribus,
698 1748 881 1822 opinionibus
895 1748 932 1806 sit
946 1747 1120 1819 conformis,
1139 1746 1243 1806 deinde
1262 1749 1286 1806 si

236 1831 393 1905 scriptoris,
409 1831 456 1890 cui
471 1823 651 1904 adscribitur,
668 1831 767 1904 indoli,
784 1831 940 1904 doctrinae,
958 1831 1039 1905 stylo,
1058 1831 1182 1904 (aliunde
1193 1831 1286 1904 cogni·¹

238 1913 293 1987 tis)
314 1913 399 1988 plane
412 1915 602 1989 respondeat,
621 1923 780 1989 postremo,
798 1915 823 1974 si
836 1930 895 1974 nou
911 1915 1001 1988 alteri,
1019 1931 1036 1973 a
1051 1915 1162 1974 coaevis
1176 1909 1293 1990 potissi-'t

236 2012 318 2056 mum
331 1998 388 2057 lide
402 1997 496 2072 dignis
511 1999 706 2073 scriptoribus,
724 2014 795 2073 opus
805 1998 992 2058 adiudicetur.
1010 1995 1119 2058 Veritas
1133 2005 1230 2058 autem
1243 1999 1299 2056 bi·

235 2081 341 2141 sturiae
362 2082 519 2156 constabit,
542 2083 567 2142 si
589 2083 710 2156 scriptor
730 2084 834 2143 idonea
853 2082 972 2142 scientia
992 2083 1028 2142 ed
1041 2084 1148 2142 lactum
1163 2078 1299 2142 iuteme'

237 2165 377 2224 scendum
390 2171 419 2226 et
432 2166 616 2225 iudicandum
630 2167 716 2225 luerit
730 2167 904 2240 instructus,
931 2173 959 2226 et
972 2167 1112 2241 probitate
1126 2173 1242 2226 ornetur
1255 2168 1284 2224 in

234 2249 371 2310 historico
384 2251 531 2324 requisita.
552 2251 628 2318 Quae
641 2251 758 2325 quidem
772 2253 804 2310 in
819 2252 873 2311 boc
889 2251 1031 2324 cernitur,
1047 2257 1150 2310 utnon
1166 2251 1286 2325 potuerit

235 2333 282 2393 rel
297 2339 373 2393 certe
387 2350 446 2394 non
459 2335 581 2394 voluerit
593 2336 731 2409 peculiari
746 2336 841 2409 aliqua
855 2337 964 2394 radone
978 2335 1103 2396 mentiri.
1120 2337 1159 2394 bd
1173 2336 1227 2394 boc
1240 2350 1286 2394 ve

236 2433 269 2477 ro
283 2417 497 2479 diiudicandum
510 2464 518 2491 ,
538 2435 573 2478 ee
587 2435 660 2492 quae
674 2419 834 2493 generatim
848 2419 884 2478 dc
900 2419 1020 2480 testibus
1034 2419 1180 2492 diximus,
1203 2419 1285 2478 facilc

238 2503 447 2562 accommodari
460 2508 602 2576 poterunt.
623 2502 752 2576 lienique
763 2503 1068 2578 constabitintegritas,
1087 2504 1231 2564 codicibus
1241 2519 1286 2577 po

239 2585 383 2644 tissimum
395 2587 470 2645 inter
484 2601 515 2644 se
530 2585 744 2661 comparandis,
765 2588 1003 2660 consulendisque
1018 2587 1071 2662 iis,
1093 2587 1141 2662 qui
1157 2587 1215 2644 sint
1227 2602 1286 2646 ma-

238 2668 336 2728 ximae
357 2670 551 2739 auctoritatis,
574 2687 608 2730 ac
629 2670 665 2729 de
684 2687 805 2745 quorum
827 2672 1028 2746 depravatione
1048 2672 1092 2730 rel
1111 2673 1286 2732 mutilatione

237 2751 318 2811 nulla
338 2754 464 2828 pmdens
485 2754 609 2830 suspicio
630 2756 742 2814 innasci
762 2757 858 2816 animo
872 2757 969 2832 possit.
991 2757 1040 2816 llis
1055 2762 1155 2816 ornata
1175 2757 1287 2816 dotibus

236 2835 355 2896 historia
369 2838 518 2898 indubiam
531 2840 629 2914 gignet
649 2839 857 2900 certitudinem.
882 2841 958 2909 Quae
977 2847 1009 2900 nt
1025 2842 1117 2916 rigeat
1131 2841 1184 2900 etsi
1197 2842 1286 2900 omni-

236 2935 275 2980 no
289 2922 453 2997 requiritur,
469 2930 502 2983 ut
516 2924 637 2999 scriptor
650 2925 687 2984 ab
703 2925 767 2984 aliis
780 2925 923 2985 blstoricis
937 2925 1023 2984 iidem
1038 2925 1213 2985 merentibus
1229 2924 1288 2998 (qui

237 3011 288 3064 aut
302 3007 417 3067 eventui
437 3009 621 3068 interfuerint
643 3015 694 3070 ant
707 3025 768 3069 rem
783 3025 801 3069 a
815 3011 957 3070 constanti
971 3009 1122 3084 amplaque
1139 3008 1287 3068 traditione

237 3090 371 3164 excipere
384 3093 536 3166 potuerint)
552 3109 610 3152 non
624 3091 824 3168 impugnetur,
843 3100 940 3154 tamen
956 3099 1133 3168 argumento,
1150 3100 1183 3152 ut
1196 3093 1285 3162 aiunt,

237 3174 388 3248 negativo,
412 3175 488 3250 quod
508 3192 526 3235 a
547 3177 659 3236 silentio
673 3177 815 3250 aliomm,
837 3179 950 3237 etiamsi
963 3178 1037 3236 lacto
1052 3173 1147 3237 coaevi
1162 3177 1284 3250 luerint,

237 3263 401 3332 repetatur,
418 3261 537 3319 minime
551 3260 683 3320 laeditur.
704 3261 738 3320 Ut
751 3262 830 3322 enim
844 3267 1046 3336 argumentum
1065 3261 1230 3322 huiusmodi
1245 3261 1288 3320 bi·

237 3342 343 3401 storiae
356 3341 443 3401 iidem
456 3344 570 3418 frangat
584 3343 629 3403 rel
643 3343 780 3416 debilitet,
797 3345 907 3404 ostendi
922 3351 1064 3419 oporteret
1077 3361 1135 3405 non
1149 3346 1233 3406 modo
1247 3345 1288 3403 bi-

237 3425 366 3499 storioos,
384 3426 434 3500 qui
448 3428 555 3487 iactum
569 3428 763 3500 reticuerunt,
779 3428 855 3502 illius
870 3429 1003 3488 notitiam
1014 3429 1121 3489 babere
1134 3429 1285 3502 debuisse,
1307 3459 1311 3468 ·

238 3523 340 3566 verum
354 3510 440 3570 etiam
454 3512 582 3571 eiusdem
592 3511 801 3572 enarrationem
813 3525 907 3586 scopo,
924 3528 1009 3586 quem
1019 3514 1074 3573 sibi
1085 3513 1286 3588 praefixerant,

236 3590 377 3654 iudicasse
391 3595 593 3668 necessariam,
609 3611 664 3654 nec
679 3593 766 3654 ullam
783 3595 885 3654 vidisse
901 3611 1027 3670 causam,
1043 3613 1101 3672 qua
1115 3597 1152 3656 ad
1165 3598 1287 3658 reticen-

238 3673 308 3734 dum
322 3676 546 3750 impellerentur.
566 3680 673 3738 llomm
687 3679 766 3738 enim
780 3679 806 3738 si
820 3679 889 3754 quid
902 3679 992 3754 desit,
1015 3681 1186 3756 posteriores
1200 3681 1288 3740 bisto

237 3759 290 3819 rici
307 3759 401 3833 (modo
414 3763 638 3836 conditionibus,
654 3780 727 3838 qrrae
742 3779 867 3825 errorem
881 3772 910 3828 et
924 3765 1106 3826 mendacium
1121 3765 1286 3837 excludent,
