2767 4492
515 335 594 399 tants
611 332 757 381 struma
1102 309 1154 374 33i

111 423 206 484 cilicio
219 421 433 496 adstringuntur
443 408 610 480 consulendi
620 421 695 478 bono
705 426 735 478 et
747 416 848 478 honori
858 417 1014 490 sociornm3
1027 414 1074 474 cni
1085 411 1157 470 obli-

112 510 220 584 gationi
235 509 375 581 deessent,
389 507 413 565 si
429 521 527 566 eornm
538 507 602 564 iura
612 505 730 580 impune
741 503 815 562 laedi
826 510 999 578 paterentur.
1010 501 1050 560 lld
1060 515 1094 558 en
1104 497 1156 571 igi·

113 599 159 652 tur
175 594 354 652 detendenda
372 607 415 666 ac,
433 593 457 650 si
474 591 577 650 violata
591 591 716 662 fuerint,
733 589 906 647 vindicanda
920 587 1092 660 obligatione
1107 599 1157 642 na·

114 685 192 738 turae
208 679 373 753 adiguntnr3
391 693 515 751 cumque
530 677 559 735 id
576 677 748 751 quandoque
759 690 815 733 non
827 673 883 732 alia
896 673 1079 732 vieobtincre
1094 686 1158 744 pos·

114 765 186 836 sint,
202 763 258 822 nisi
274 763 367 836 ¹armis
381 769 410 821 ct
429 763 470 836 ri,
488 763 524 821 ad
542 761 682 820 eiusmodi
706 759 868 830 adhibenda
881 758 978 816 media
996 755 1091 814 cilicio
1111 770 1159 812 ur-

115 854 227 923 gentur.

153 935 200 993 Sic
216 933 312 1008 itaque
326 938 475 1007 acceptum
489 933 608 1005 bellum,
625 938 709 1007 prout
722 930 860 991 nimirum
875 945 892 988 a
905 933 1008 988 natura
1028 925 1158 988 rationali

115 1019 258 1085 dimanat,
274 1018 399 1086 describi
408 1023 527 1092 posset:
545 1025 641 1078 status
663 1017 822 1076 notionum
847 1013 948 1074 tuendi
961 1012 1041 1071 iuris
1058 1013 1161 1086 pretio

112 1119 166 1178 per
175 1103 237 1161 vim
249 1103 494 1161 concertantium.
507 1103 584 1170 Quae
599 1101 727 1160 delinitio
735 1108 767 1160 ut
777 1100 960 1174 intelligatur,
973 1098 1088 1172 singula
1098 1113 1160 1155 rer-

114 1188 152 1246 ba
166 1187 291 1246 breviter
306 1188 481 1246 enucleanda
496 1193 571 1246 sunt.
593 1187 624 1245 ln
638 1187 740 1261 primis
749 1186 845 1259 itaque
860 1184 965 1243 dicitnr
977 1191 1082 1256 emtus,
1100 1198 1162 1257 pro

115 1277 212 1346 pterea
227 1271 303 1345 quod
317 1272 496 1331 durationem
511 1272 665 1346 quamdam
680 1271 809 1343 includit,
825 1285 879 1328 nec
894 1269 930 1327 ad
945 1269 1086 1328 actualem
1102 1274 1162 1326 ten·
1192 1259 1199 1272 ’

120 1360 180 1414 tum
194 1355 358 1414 condictum
378 1357 546 1416 bellantium
567 1358 702 1430 retertur,
726 1357 776 1415 sed
796 1356 831 1414 ad
851 1362 962 1430 tempus
981 1354 1067 1412 etism
1087 1352 1163 1427 qnod

114 1451 242 1514 pugnant
259 1441 401 1514 praecedit
417 1447 466 1500 aut
481 1441 618 1515 seqnitur,
636 1442 726 1500 donec
741 1440 850 1500 hostilis
865 1442 979 1498 animus
994 1440 1161 1513 deponatur,

116 1540 187 1599 pace
202 1529 355 1584 contracta.
372 1527 442 1585 Nam
457 1526 485 1583 in
502 1527 556 1584 boc
572 1525 678 1583 bollum
690 1525 786 1584 differt
800 1525 952 1601 sprauto,
970 1524 1055 1598 qnod,
1069 1529 1100 1580 ut
1114 1524 1163 1580 ad-

123 1609 207 1668 vertit
223 1610 346 1682 Servius,
364 1610 471 1668 bellum
487 1611 525 1669 sit
538 1615 649 1684 tempus
664 1625 766 1684 omne,
783 1626 842 1684 qno
852 1614 1037 1684 praeparatur
1056 1608 1164 1682 aliquid

119 1709 232 1767 pugnae
246 1695 441 1754 necessarium
456 1695 501 1753 vel
522 1711 578 1768 quo
591 1711 688 1769 pugna
704 1695 824 1768 geritnr3
841 1694 980 1769 praelium
1005 1700 1100 1752 antem
1116 1693 1164 1764 di·

125 1785 207 1836 catur
221 1779 369 1838 conflictus
384 1780 445 1853 ipse
460 1779 600 1838 bellorum
616 1781 641 1837 i.
659 1781 777 1838 luditur
790 1779 966 1854 colunum,
983 1785 1015 1837 at
1028 1779 1165 1837 innuatur

120 1862 281 1921 subiectum
296 1864 332 1921 od
347 1865 422 1938 quod
437 1863 560 1938 pertinet
574 1870 602 1923 et
617 1865 756 1924 terminus
771 1881 856 1938 quern
876 1864 1006 1939 respicit;
1022 1864 1166 1922 contentio

120 1947 198 2005 enim
213 1948 289 2006 inter
304 1949 438 2022 privatos,
451 1949 565 2008 etiarnsi
581 1964 630 2024 per
645 1951 704 2008 vim
717 1951 776 2023 frat,
789 1950 964 2008 bellumnon
974 1949 1091 2022 dicitur3
1110 1948 1166 2022 pri·

120 2033 177 2090 vati
193 2038 298 2104 sertem,
316 2033 364 2104 qui
380 2048 446 2090 cum
460 2034 575 2091 natione
591 2034 738 2106 dimicant,
750 2035 863 2093 etiamsi
877 2034 1059 2093 multitudine
1075 2033 1166 2092 eoele-

123 2122 212 2188 scant
229 2133 288 2175 non
302 2117 474 2176 bellantibus
491 2119 539 2174 sed
550 2123 600 2176 aut
611 2119 768 2177 rebellibus
781 2126 831 2178 ant
841 2118 998 2180 latronibus
1009 2119 1167 2178 assimilan-

126 2207 180 2260 tur.
198 2202 289 2259 Verba
304 2201 445 2258 illatoris
466 2201 568 2258 tuendi
587 2203 689 2274 pretio
704 2204 793 2260 linem
808 2205 942 2278 innuunt,
960 2206 996 2263 ad
1010 2219 1096 2279 qtrcm
1110 2204 1168 2262 bel·

122 2287 182 2345 lum
193 2302 244 2359 per
259 2301 289 2343 se
305 2297 432 2359 spectare
448 2285 530 2342 debet
541 2291 572 2344 ut
585 2286 746 2358 legitimum
761 2287 837 2345 silet
850 2294 968 2348 naturae
982 2297 1169 2349 consentane-

128 2386 187 2429 um.
212 2370 337 2444 Denique
359 2369 463 2428 dicitur
475 2387 528 2445 per
546 2370 609 2428 vim
628 2371 876 2444 concertantium,
894 2379 926 2429 nt
946 2374 1169 2446 distinguatura

127 2455 307 2514 contentione
322 2470 379 2513 non
397 2455 520 2513 violenta
535 2470 609 2529 qnae
624 2454 807 2528 disceptando
818 2454 876 2512 liat.
887 2455 956 2512 Cum
970 2456 1048 2513 enim
1062 2457 1170 2528 duplex

125 2539 163 2597 sit
179 2540 307 2598 certandi
323 2555 422 2613 genus,
440 2539 560 2598 alterum
575 2555 626 2612 par
640 2538 886 2613 disceptationem,
900 2539 1021 2597 alterum
1031 2554 1082 2614 per
1097 2541 1166 2614 rim,

125 2639 182 2684 non
195 2625 339 2699 superiore
354 2626 404 2683 sed
418 2625 572 2698 posteriore
587 2624 695 2684 bellum
709 2623 900 2683 constituitur.
1079 2673 1083 2678 .

161 2710 224 2768 aaa,
242 2711 351 2768 Omissa
366 2710 547 2770 distinctione
561 2709 629 2768 belli
643 2710 674 2768 in
689 2709 796 2768 iustum
811 2717 840 2768 et
854 2710 1010 2785 iniustum,
1028 2725 1101 2785 qnae
1120 2726 1170 2770 ne·

126 2795 250 2853 cessaria
264 2795 378 2852 bionon
393 2801 444 2868 est,
463 2811 528 2854 cnm
543 2795 680 2854 iustitiam
696 2794 763 2854 belli
778 2794 808 2852 in
823 2795 885 2869 ipsa
900 2791 1066 2869 delinitione
1081 2795 1171 2854 inelu-

129 2879 250 2936 serimus
256 2897 264 2951 ;
281 2879 404 2952 dispesci
415 2880 621 2953 potestbellnm
636 2880 848 2954 inoffensioum
858 2886 886 2937 et
896 2880 1088 2954 desertricem.
1100 2882 1171 2940 Nam

129 2962 213 3035 licet,
231 2964 342 3022 adrem
358 2965 434 3038 quod
452 2965 589 3040 pertinet,
605 2965 714 3024 bellum
733 2966 841 3023 iustum
861 2980 972 3038 semper
992 2966 1171 3024 delensivnm

129 3049 166 3106 sit
180 3048 329 3122 (siquidem
346 3065 458 3124 semper
471 3050 501 3108 in
518 3049 570 3109 boc
586 3051 713 3110 cernitur
726 3057 760 3109 ut
774 3052 829 3124 ins,
846 3051 922 3126 quod
936 3051 1056 3110 babetur
1070 3050 1116 3109 ccl
1130 3066 1172 3109 re·

129 3133 243 3206 petitur,
260 3135 426 3193 defendatur
437 3136 613 3194 a'rmaarmis
624 3136 838 3210 propulsandc);
856 3135 1043 3195 nibilominus
1054 3151 1119 3194 curn
1130 3135 1173 3193 vis

130 3219 233 3290 opponi
246 3219 335 3292 possit
348 3219 393 3276 vel
409 3219 444 3302 ad
459 3219 636 3278 invasionem
647 3219 985 3292 bostiumrepettcndam,
996 3221 1041 3278 vel
1053 3213 1173 3278 adidiu·

129 3302 202 3359 riam
217 3301 275 3360 iam
289 3309 433 3378 receptam
448 3298 656 3377 ulciscendam
674 3305 698 3362 si
714 3303 840 3378 primum
862 3305 926 3378 liat,
944 3305 1052 3363 bellum
1067 3304 1173 3362 dicitur

131 3387 318 3463 detensium,
331 3389 355 3448 si
371 3389 492 3448 alterum
514 3389 694 3462 ostensivum,
707 3395 791 3462 prout
805 3388 872 3446 binc
887 3394 937 3447 ant
946 3389 1013 3448 inde
1024 3405 1104 3448 arma
1118 3389 1174 3462 pri-

130 3487 211 3531 mum
225 3479 384 3532 moventur.
402 3475 455 3542 Ocri
465 3474 543 3533 enim
559 3489 638 3532 arma
653 3474 772 3548 suscipit
787 3474 864 3532 adse
880 3475 1017 3532 tuendum
1032 3475 1068 3532 ab
1083 3475 1173 3548 hoste,

132 3557 181 3631 uui
192 3557 286 3630 ipsum
301 3558 329 3616 vi
344 3559 535 3632 aggrediatur,
547 3558 656 3617 bellum
671 3559 745 3632 gerit
759 3559 949 3617 defensivum.
962 3558 1015 3626 Qui
1025 3564 1124 3616 contra
1138 3558 1175 3616 ad

131 3641 268 3700 iniuriam
286 3643 481 3702 ulciscendam
496 3649 545 3703 aut
565 3643 610 3702 ius
625 3644 812 3717 repetendum
832 3642 918 3701 aliam
932 3643 1078 3700 nationem
1098 3642 1175 3715 prior

134 3727 304 3802 aggreditur,
321 3743 445 3802 quacum
459 3734 524 3790 ante
545 3744 647 3814 pacem
662 3729 765 3801 alebat,
781 3727 890 3788 bellum
904 3727 977 3801 gerit
991 3725 1173 3789 otlensivum

179 3907 190 3960 i
208 3907 240 3958 tt
255 3910 305 3960 vlit
319 3909 440 3964 raama
