<?xml version="1.0" encoding="UTF-8"?>
<!DOCTYPE html PUBLIC "-//W3C//DTD XHTML 1.0 Transitional//EN"
    "http://www.w3.org/TR/xhtml1/DTD/xhtml1-transitional.dtd">
<html xmlns="http://www.w3.org/1999/xhtml" xml:lang="en" lang="en">
 <head>
  <title>
</title>
<meta http-equiv="Content-Type" content="text/html;charset=utf-8" />
  <meta name='ocr-system' content='tesseract 3.04.00' />
  <meta name='ocr-capabilities' content='ocr_page ocr_carea ocr_par ocr_line ocrx_word'/>
</head>
<body>
  <div class='ocr_page' id='page_1' title='image "./institutionesph00libegoog_0224.png"; bbox 0 0 2767 4492; ppageno 0'>
   <div class='ocr_carea' id='block_1_1' title="bbox 194 190 910 279">
    <p class='ocr_par' dir='ltr' id='par_1_1' title="bbox 194 190 910 279">
     <span class='ocr_line' id='line_1_1' title="bbox 194 190 910 279; baseline -0.008 0"><span class='ocrx_word' id='word_1_1' title='bbox 194 219 246 279; x_wconf 76' lang='grc'>111</span> <span class='ocrx_word' id='word_1_2' title='bbox 520 190 731 275; x_wconf 75' lang='grc'><strong>1111111111</strong></span> <span class='ocrx_word' id='word_1_3' title='bbox 746 227 910 274; x_wconf 74' lang='lat' dir='ltr'>uouemus</span> 
     </span>
    </p>
   </div>
   <div class='ocr_carea' id='block_1_2' title="bbox 188 307 1235 392">
    <p class='ocr_par' dir='ltr' id='par_1_2' title="bbox 188 307 1235 392">
     <span class='ocr_line' id='line_1_2' title="bbox 188 307 1235 392; baseline -0.003 -15"><span class='ocrx_word' id='word_1_4' title='bbox 188 324 235 376; x_wconf 91' lang='lat' dir='ltr'>tur</span> <span class='ocrx_word' id='word_1_5' title='bbox 254 314 398 392; x_wconf 81' lang='lat' dir='ltr'>quispiam</span> <span class='ocrx_word' id='word_1_6' title='bbox 417 328 504 375; x_wconf 90' lang='lat' dir='ltr'>sanae</span> <span class='ocrx_word' id='word_1_7' title='bbox 526 307 632 374; x_wconf 87' lang='lat' dir='ltr'>men&#39;tis</span> <span class='ocrx_word' id='word_1_8' title='bbox 654 315 740 374; x_wconf 87' lang='lat' dir='ltr'>homo</span> <span class='ocrx_word' id='word_1_9' title='bbox 762 327 864 388; x_wconf 87' lang='lat' dir='ltr'>corpus</span> <span class='ocrx_word' id='word_1_10' title='bbox 886 315 922 373; x_wconf 89' lang='lat' dir='ltr'>ad</span> <span class='ocrx_word' id='word_1_11' title='bbox 943 314 1235 388; x_wconf 86' lang='lat' dir='ltr'>quietemmotumve</span> 
     </span>
    </p>
   </div>
   <div class='ocr_carea' id='block_1_3' title="bbox 82 399 1233 476">
    <p class='ocr_par' dir='ltr' id='par_1_3' title="bbox 82 399 1233 476">
     <span class='ocr_line' id='line_1_3' title="bbox 82 399 1233 476; baseline -0.003 -14"><span class='ocrx_word' id='word_1_12' title='bbox 82 463 86 476; x_wconf 78' lang='grc'>,</span> <span class='ocrx_word' id='word_1_13' title='bbox 183 403 305 462; x_wconf 89' lang='lat' dir='ltr'>inertiae</span> <span class='ocrx_word' id='word_1_14' title='bbox 317 402 380 476; x_wconf 88' lang='lat' dir='ltr'>lege</span> <span class='ocrx_word' id='word_1_15' title='bbox 394 401 559 460; x_wconf 82' lang='lat' dir='ltr'>indifferens</span> <span class='ocrx_word' id='word_1_16' title='bbox 569 401 631 459; x_wconf 93' lang='lat' dir='ltr'>sine</span> <span class='ocrx_word' id='word_1_17' title='bbox 639 399 802 472; x_wconf 90' lang='lat' dir='ltr'>impellente</span> <span class='ocrx_word' id='word_1_18' title='bbox 812 399 908 472; x_wconf 88' lang='lat' dir='ltr'>aliquo</span> <span class='ocrx_word' id='word_1_19' title='bbox 922 400 1042 473; x_wconf 74' lang='lat' dir='ltr'>moveri3</span> <span class='ocrx_word' id='word_1_20' title='bbox 1057 405 1154 459; x_wconf 80' lang='lat' dir='ltr'>aerem</span> <span class='ocrx_word' id='word_1_21' title='bbox 1169 399 1233 459; x_wconf 91' lang='lat' dir='ltr'>abs-</span> 
     </span>
    </p>
   </div>
   <div class='ocr_carea' id='block_1_4' title="bbox 181 484 1299 3174">
    <p class='ocr_par' dir='ltr' id='par_1_4' title="bbox 184 484 1299 2239">
     <span class='ocr_line' id='line_1_4' title="bbox 184 484 1235 561; baseline -0.003 -15"><span class='ocrx_word' id='word_1_22' title='bbox 184 503 241 561; x_wconf 94' lang='lat' dir='ltr'>que</span> <span class='ocrx_word' id='word_1_23' title='bbox 253 488 316 546; x_wconf 91' lang='lat' dir='ltr'>luce</span> <span class='ocrx_word' id='word_1_24' title='bbox 330 485 485 545; x_wconf 92' lang='lat' dir='ltr'>illuminari</span> <span class='ocrx_word' id='word_1_25' title='bbox 500 501 599 558; x_wconf 74' lang='lat' dir='ltr'>possa,</span> <span class='ocrx_word' id='word_1_26' title='bbox 617 489 727 558; x_wconf 77' lang='lat' dir='ltr'>segetes</span> <span class='ocrx_word' id='word_1_27' title='bbox 742 485 803 542; x_wconf 89' lang='lat' dir='ltr'>sine</span> <span class='ocrx_word' id='word_1_28' title='bbox 818 484 928 543; x_wconf 86' lang='lat' dir='ltr'>semme</span> <span class='ocrx_word' id='word_1_29' title='bbox 942 484 1057 558; x_wconf 80' lang='lat' dir='ltr'>enasci-3</span> <span class='ocrx_word' id='word_1_30' title='bbox 1075 499 1171 544; x_wconf 87' lang='lat' dir='ltr'>arcam</span> <span class='ocrx_word' id='word_1_31' title='bbox 1186 499 1235 558; x_wconf 92' lang='lat' dir='ltr'>pe·</span> 
     </span>
     <span class='ocr_line' id='line_1_5' title="bbox 187 567 1235 642; baseline -0.002 -14"><span class='ocrx_word' id='word_1_32' title='bbox 187 569 274 628; x_wconf 90' lang='lat' dir='ltr'>cunia</span> <span class='ocrx_word' id='word_1_33' title='bbox 288 575 452 642; x_wconf 83' lang='lat' dir='ltr'>carentem,</span> <span class='ocrx_word' id='word_1_34' title='bbox 469 568 547 628; x_wconf 91' lang='lat' dir='ltr'>nulla</span> <span class='ocrx_word' id='word_1_35' title='bbox 561 567 708 627; x_wconf 86' lang='lat' dir='ltr'>inliciente</span> <span class='ocrx_word' id='word_1_36' title='bbox 721 582 824 640; x_wconf 89' lang='lat' dir='ltr'>manu,</span> <span class='ocrx_word' id='word_1_37' title='bbox 840 567 949 642; x_wconf 80' lang='lat' dir='ltr'>ingenti</span> <span class='ocrx_word' id='word_1_38' title='bbox 964 567 1028 626; x_wconf 90' lang='lat' dir='ltr'>auri</span> <span class='ocrx_word' id='word_1_39' title='bbox 1043 567 1071 627; x_wconf 83' lang='lat' dir='ltr'>ui</span> <span class='ocrx_word' id='word_1_40' title='bbox 1085 568 1235 642; x_wconf 86' lang='lat' dir='ltr'>impletum</span> 
     </span>
     <span class='ocr_line' id='line_1_6' title="bbox 186 651 1299 728; baseline -0.003 -14"><span class='ocrx_word' id='word_1_41' title='bbox 186 655 247 714; x_wconf 80' lang='lat' dir='ltr'>iri‘?</span> <span class='ocrx_word' id='word_1_42' title='bbox 265 653 415 713; x_wconf 88' lang='lat' dir='ltr'>Delirantis</span> <span class='ocrx_word' id='word_1_43' title='bbox 435 659 501 712; x_wconf 89' lang='lat' dir='ltr'>sunt</span> <span class='ocrx_word' id='word_1_44' title='bbox 519 653 589 711; x_wconf 89' lang='lat' dir='ltr'>lraec</span> <span class='ocrx_word' id='word_1_45' title='bbox 607 651 770 726; x_wconf 89' lang='lat' dir='ltr'>insomnia,</span> <span class='ocrx_word' id='word_1_46' title='bbox 791 667 864 726; x_wconf 89' lang='lat' dir='ltr'>quae</span> <span class='ocrx_word' id='word_1_47' title='bbox 882 666 1057 728; x_wconf 90' lang='lat' dir='ltr'>quamquam</span> <span class='ocrx_word' id='word_1_48' title='bbox 1074 668 1126 726; x_wconf 89' lang='lat' dir='ltr'>per</span> <span class='ocrx_word' id='word_1_49' title='bbox 1140 653 1235 712; x_wconf 91' lang='lat' dir='ltr'>iocum</span> <span class='ocrx_word' id='word_1_50' title='bbox 1295 683 1299 688; x_wconf 96' lang='lat'>-</span> 
     </span>
     <span class='ocr_line' id='line_1_7' title="bbox 188 737 1237 813; baseline -0.002 -16"><span class='ocrx_word' id='word_1_51' title='bbox 188 755 237 798; x_wconf 91' lang='lat' dir='ltr'>ore</span> <span class='ocrx_word' id='word_1_52' title='bbox 251 739 372 813; x_wconf 81' lang='lat' dir='ltr'>proferri</span> <span class='ocrx_word' id='word_1_53' title='bbox 386 738 516 812; x_wconf 82' lang='lat' dir='ltr'>possint,</span> <span class='ocrx_word' id='word_1_54' title='bbox 531 742 627 796; x_wconf 88' lang='lat' dir='ltr'>mente</span> <span class='ocrx_word' id='word_1_55' title='bbox 650 742 746 796; x_wconf 91' lang='lat' dir='ltr'>tamen</span> <span class='ocrx_word' id='word_1_56' title='bbox 766 743 913 811; x_wconf 90' lang='lat' dir='ltr'>nequeunt</span> <span class='ocrx_word' id='word_1_57' title='bbox 934 737 1044 810; x_wconf 85' lang='lat' dir='ltr'>agitari.</span> <span class='ocrx_word' id='word_1_58' title='bbox 1061 737 1237 810; x_wconf 85' lang='lat' dir='ltr'>Principium</span> 
     </span>
     <span class='ocr_line' id='line_1_8' title="bbox 188 821 1235 897; baseline -0.001 -16"><span class='ocrx_word' id='word_1_59' title='bbox 188 824 276 882; x_wconf 91' lang='lat' dir='ltr'>enim:</span> <span class='ocrx_word' id='word_1_60' title='bbox 294 822 444 897; x_wconf 82' lang='lat' dir='ltr'>quidquid</span> <span class='ocrx_word' id='word_1_61' title='bbox 461 822 504 896; x_wconf 76' lang='lat' dir='ltr'>fit,</span> <span class='ocrx_word' id='word_1_62' title='bbox 524 837 648 880; x_wconf 79' lang='lat' dir='ltr'>causam</span> <span class='ocrx_word' id='word_1_63' title='bbox 666 821 761 889; x_wconf 84' lang='lat' dir='ltr'>babet,</span> <span class='ocrx_word' id='word_1_64' title='bbox 775 821 807 880; x_wconf 89' lang='lat' dir='ltr'>in</span> <span class='ocrx_word' id='word_1_65' title='bbox 821 821 971 895; x_wconf 78' lang='lat' dir='ltr'>analyticis</span> <span class='ocrx_word' id='word_1_66' title='bbox 985 827 1043 894; x_wconf 83' lang='lat' dir='ltr'>est;</span> <span class='ocrx_word' id='word_1_67' title='bbox 1060 821 1235 896; x_wconf 88' lang='lat' dir='ltr'>quandoqui-</span> 
     </span>
     <span class='ocr_line' id='line_1_9' title="bbox 186 905 1233 980; baseline -0.002 -14"><span class='ocrx_word' id='word_1_68' title='bbox 186 907 307 966; x_wconf 77' lang='lat' dir='ltr'>dem&#39;sic</span> <span class='ocrx_word' id='word_1_69' title='bbox 324 906 518 980; x_wconf 87' lang='lat' dir='ltr'>praedicatum</span> <span class='ocrx_word' id='word_1_70' title='bbox 536 921 602 964; x_wconf 92' lang='lat' dir='ltr'>cum</span> <span class='ocrx_word' id='word_1_71' title='bbox 616 906 746 964; x_wconf 86' lang='lat' dir='ltr'>subiecto</span> <span class='ocrx_word' id='word_1_72' title='bbox 761 906 942 980; x_wconf 87' lang='lat' dir='ltr'>complexum</span> <span class='ocrx_word' id='word_1_73' title='bbox 965 905 1049 964; x_wconf 89' lang='lat' dir='ltr'>babet</span> <span class='ocrx_word' id='word_1_74' title='bbox 1069 912 1154 980; x_wconf 88' lang='lat' dir='ltr'>atque</span> <span class='ocrx_word' id='word_1_75' title='bbox 1167 906 1233 964; x_wconf 92' lang='lat' dir='ltr'>iun·</span> 
     </span>
     <span class='ocr_line' id='line_1_10' title="bbox 188 989 1237 1064; baseline -0.004 -14"><span class='ocrx_word' id='word_1_76' title='bbox 188 997 287 1064; x_wconf 89' lang='lat' dir='ltr'>ctum,</span> <span class='ocrx_word' id='word_1_77' title='bbox 303 997 355 1064; x_wconf 86' lang='lat' dir='ltr'>ut,</span> <span class='ocrx_word' id='word_1_78' title='bbox 373 991 398 1050; x_wconf 90' lang='lat' dir='ltr'>si</span> <span class='ocrx_word' id='word_1_79' title='bbox 412 1006 503 1050; x_wconf 91' lang='lat' dir='ltr'>uuum</span> <span class='ocrx_word' id='word_1_80' title='bbox 518 989 684 1064; x_wconf 85' lang='lat' dir='ltr'>sustuleris,</span> <span class='ocrx_word' id='word_1_81' title='bbox 702 989 818 1048; x_wconf 89' lang='lat' dir='ltr'>alterius</span> <span class='ocrx_word' id='word_1_82' title='bbox 833 991 919 1048; x_wconf 88' lang='lat' dir='ltr'>simul</span> <span class='ocrx_word' id='word_1_83' title='bbox 933 990 1078 1063; x_wconf 81' lang='grc'><strong>1111111111</strong></span> <span class='ocrx_word' id='word_1_84' title='bbox 1093 989 1195 1064; x_wconf 86' lang='lat' dir='ltr'>perimi</span> <span class='ocrx_word' id='word_1_85' title='bbox 1209 993 1237 1047; x_wconf 90' lang='lat' dir='ltr'>et</span> 
     </span>
     <span class='ocr_line' id='line_1_11' title="bbox 188 1075 1249 1148; baseline -0.006 -12"><span class='ocrx_word' id='word_1_86' title='bbox 188 1091 359 1136; x_wconf 83' lang='lat' dir='ltr'>evanescere</span> <span class='ocrx_word' id='word_1_87' title='bbox 372 1090 489 1134; x_wconf 88' lang='lat' dir='ltr'>necesse</span> <span class='ocrx_word' id='word_1_88' title='bbox 504 1075 549 1133; x_wconf 88' lang='lat' dir='ltr'>sit.</span> <span class='ocrx_word' id='word_1_89' title='bbox 567 1075 601 1132; x_wconf 82' lang='lat' dir='ltr'>lit</span> <span class='ocrx_word' id='word_1_90' title='bbox 615 1089 695 1146; x_wconf 91' lang='lat' dir='ltr'>sane,</span> <span class='ocrx_word' id='word_1_91' title='bbox 711 1089 757 1132; x_wconf 89' lang='lat' dir='ltr'>res</span> <span class='ocrx_word' id='word_1_92' title='bbox 772 1089 845 1148; x_wconf 92' lang='lat' dir='ltr'>quae</span> <span class='ocrx_word' id='word_1_93' title='bbox 859 1075 983 1134; x_wconf 78' lang='lat' dir='ltr'>eflicitur</span> <span class='ocrx_word' id='word_1_94' title='bbox 997 1089 1048 1134; x_wconf 88' lang='lat' dir='ltr'>seu</span> <span class='ocrx_word' id='word_1_95' title='bbox 1062 1089 1135 1147; x_wconf 92' lang='lat' dir='ltr'>quae</span> <span class='ocrx_word' id='word_1_96' title='bbox 1151 1089 1168 1131; x_wconf 87' lang='lat' dir='ltr'>a</span> <span class='ocrx_word' id='word_1_97' title='bbox 1182 1076 1249 1131; x_wconf 78' lang='lat' dir='ltr'>sta-¹</span> 
     </span>
     <span class='ocr_line' id='line_1_12' title="bbox 190 1157 1236 1234; baseline -0.004 -16"><span class='ocrx_word' id='word_1_98' title='bbox 190 1165 221 1218; x_wconf 91' lang='lat' dir='ltr'>tu</span> <span class='ocrx_word' id='word_1_99' title='bbox 234 1160 429 1234; x_wconf 85' lang='lat' dir='ltr'>possibilitatis</span> <span class='ocrx_word' id='word_1_100' title='bbox 443 1159 480 1217; x_wconf 91' lang='lat' dir='ltr'>ad</span> <span class='ocrx_word' id='word_1_101' title='bbox 494 1163 600 1217; x_wconf 91' lang='lat' dir='ltr'>statum</span> <span class='ocrx_word' id='word_1_102' title='bbox 613 1157 742 1232; x_wconf 82' lang='lat' dir='ltr'>graditur</span> <span class='ocrx_word' id='word_1_103' title='bbox 756 1159 943 1232; x_wconf 83' lang='lat' dir='ltr'>existentiae,</span> <span class='ocrx_word' id='word_1_104' title='bbox 961 1159 1105 1217; x_wconf 89' lang='lat' dir='ltr'>notionem</span> <span class='ocrx_word' id='word_1_105' title='bbox 1119 1157 1236 1216; x_wconf 79' lang='lat' dir='ltr'>exhibet</span> 
     </span>
     <span class='ocr_line' id='line_1_13' title="bbox 187 1242 1234 1318; baseline -0.004 -16"><span class='ocrx_word' id='word_1_106' title='bbox 187 1245 239 1318; x_wconf 90' lang='lat' dir='ltr'>roi,</span> <span class='ocrx_word' id='word_1_107' title='bbox 256 1259 329 1317; x_wconf 91' lang='lat' dir='ltr'>quae</span> <span class='ocrx_word' id='word_1_108' title='bbox 343 1244 449 1317; x_wconf 91' lang='lat' dir='ltr'>aliquid</span> <span class='ocrx_word' id='word_1_109' title='bbox 464 1242 573 1317; x_wconf 90' lang='lat' dir='ltr'>recipit,</span> <span class='ocrx_word' id='word_1_110' title='bbox 589 1243 727 1301; x_wconf 90' lang='lat' dir='ltr'>nimimm</span> <span class='ocrx_word' id='word_1_111' title='bbox 746 1243 944 1316; x_wconf 78' lang='lat' dir='ltr'>existentiam3</span> <span class='ocrx_word' id='word_1_112' title='bbox 961 1258 1034 1317; x_wconf 87' lang='lat' dir='ltr'>quaa</span> <span class='ocrx_word' id='word_1_113' title='bbox 1048 1246 1124 1301; x_wconf 91' lang='lat' dir='ltr'>certe</span> <span class='ocrx_word' id='word_1_114' title='bbox 1137 1255 1234 1300; x_wconf 90' lang='lat' dir='ltr'>merae</span> 
     </span>
     <span class='ocr_line' id='line_1_14' title="bbox 187 1325 1284 1401; baseline -0.003 -15"><span class='ocrx_word' id='word_1_115' title='bbox 187 1328 370 1401; x_wconf 88' lang='lat' dir='ltr'>possibilitati</span> <span class='ocrx_word' id='word_1_116' title='bbox 389 1326 536 1401; x_wconf 85' lang='lat' dir='ltr'>quidpiam</span> <span class='ocrx_word' id='word_1_117' title='bbox 557 1327 634 1385; x_wconf 90' lang='lat' dir='ltr'>aliud</span> <span class='ocrx_word' id='word_1_118' title='bbox 653 1326 828 1400; x_wconf 83' lang='lat' dir='ltr'>superaddit.</span> <span class='ocrx_word' id='word_1_119' title='bbox 848 1327 913 1386; x_wconf 88' lang='lat' dir='ltr'>Plus</span> <span class='ocrx_word' id='word_1_120' title='bbox 927 1325 1005 1386; x_wconf 90' lang='lat' dir='ltr'>enim</span> <span class='ocrx_word' id='word_1_121' title='bbox 1023 1331 1099 1386; x_wconf 87' lang='lat' dir='ltr'>certe</span> <span class='ocrx_word' id='word_1_122' title='bbox 1114 1331 1156 1384; x_wconf 90' lang='lat' dir='ltr'>est</span> <span class='ocrx_word' id='word_1_123' title='bbox 1171 1330 1237 1384; x_wconf 89' lang='lat' dir='ltr'>actu</span> <span class='ocrx_word' id='word_1_124' title='bbox 1279 1327 1284 1340; x_wconf 83' lang='lat'>&#39;</span> 
     </span>
     <span class='ocr_line' id='line_1_15' title="bbox 188 1409 1237 1492; baseline -0.002 -22"><span class='ocrx_word' id='word_1_125' title='bbox 188 1417 309 1484; x_wconf 85' lang='lat' dir='ltr'>exstare,</span> <span class='ocrx_word' id='word_1_126' title='bbox 325 1412 561 1492; x_wconf 90' lang='lat' dir='ltr'>quampossibile</span> <span class='ocrx_word' id='word_1_127' title='bbox 576 1427 638 1470; x_wconf 89' lang='lat' dir='ltr'>esse</span> <span class='ocrx_word' id='word_1_128' title='bbox 653 1412 811 1470; x_wconf 80' lang='lat' dir='ltr'>dumtaxat.</span> <span class='ocrx_word' id='word_1_129' title='bbox 830 1413 862 1471; x_wconf 84' lang='lat' dir='ltr'>lt</span> <span class='ocrx_word' id='word_1_130' title='bbox 875 1413 1001 1487; x_wconf 87' lang='lat' dir='ltr'>profecto</span> <span class='ocrx_word' id='word_1_131' title='bbox 1016 1416 1168 1484; x_wconf 91' lang='lat' dir='ltr'>conceptus</span> <span class='ocrx_word' id='word_1_132' title='bbox 1182 1409 1237 1487; x_wconf 88' lang='lat' dir='ltr'>rei,</span> 
     </span>
     <span class='ocr_line' id='line_1_16' title="bbox 190 1495 1237 1570; baseline -0.002 -17"><span class='ocrx_word' id='word_1_133' title='bbox 190 1511 262 1569; x_wconf 92' lang='lat' dir='ltr'>quae</span> <span class='ocrx_word' id='word_1_134' title='bbox 278 1496 461 1555; x_wconf 84' lang='lat' dir='ltr'>existentiam</span> <span class='ocrx_word' id='word_1_135' title='bbox 477 1496 593 1570; x_wconf 86' lang='lat' dir='ltr'>accipit,</span> <span class='ocrx_word' id='word_1_136' title='bbox 610 1495 809 1554; x_wconf 83' lang='lat' dir='ltr'>correlaliuum</span> <span class='ocrx_word' id='word_1_137' title='bbox 824 1496 911 1555; x_wconf 86' lang='lat' dir='ltr'>habet</span> <span class='ocrx_word' id='word_1_138' title='bbox 925 1501 1094 1570; x_wconf 90' lang='lat' dir='ltr'>conceptum</span> <span class='ocrx_word' id='word_1_139' title='bbox 1108 1495 1149 1554; x_wconf 88' lang='lat' dir='ltr'>rei</span> <span class='ocrx_word' id='word_1_140' title='bbox 1164 1508 1237 1569; x_wconf 89' lang='lat' dir='ltr'>quae</span> 
     </span>
     <span class='ocr_line' id='line_1_17' title="bbox 189 1579 1236 1654; baseline -0.001 -16"><span class='ocrx_word' id='word_1_141' title='bbox 189 1580 372 1640; x_wconf 78' lang='lat' dir='ltr'>existentiam</span> <span class='ocrx_word' id='word_1_142' title='bbox 386 1580 461 1638; x_wconf 90' lang='lat' dir='ltr'>hanc</span> <span class='ocrx_word' id='word_1_143' title='bbox 475 1580 648 1653; x_wconf 74' lang='lat' dir='ltr'>elargiatur,</span> <span class='ocrx_word' id='word_1_144' title='bbox 665 1579 739 1638; x_wconf 86' lang='grc'><strong>111111</strong></span> <span class='ocrx_word' id='word_1_145' title='bbox 753 1580 832 1639; x_wconf 90' lang='lat' dir='ltr'>enim</span> <span class='ocrx_word' id='word_1_146' title='bbox 845 1580 918 1639; x_wconf 92' lang='lat' dir='ltr'>nihil</span> <span class='ocrx_word' id='word_1_147' title='bbox 932 1582 989 1639; x_wconf 91' lang='lat' dir='ltr'>dat.</span> <span class='ocrx_word' id='word_1_148' title='bbox 1011 1583 1066 1654; x_wconf 79' lang='lat' dir='ltr'>Age</span> <span class='ocrx_word' id='word_1_149' title='bbox 1083 1595 1160 1638; x_wconf 91' lang='lat' dir='ltr'>nunc</span> <span class='ocrx_word' id='word_1_150' title='bbox 1175 1594 1236 1637; x_wconf 90' lang='lat' dir='ltr'>rea·</span> 
     </span>
     <span class='ocr_line' id='line_1_18' title="bbox 189 1663 1237 1739; baseline 0 -18"><span class='ocrx_word' id='word_1_151' title='bbox 189 1664 255 1723; x_wconf 88' lang='lat' dir='ltr'>litas</span> <span class='ocrx_word' id='word_1_152' title='bbox 268 1663 452 1723; x_wconf 84' lang='lat' dir='ltr'>existentiam</span> <span class='ocrx_word' id='word_1_153' title='bbox 472 1663 560 1739; x_wconf 28' lang='lat' dir='ltr'>alteri,</span> <span class='ocrx_word' id='word_1_154' title='bbox 572 1663 731 1737; x_wconf 86' lang='lat' dir='ltr'>elargiens,</span> <span class='ocrx_word' id='word_1_155' title='bbox 747 1678 834 1722; x_wconf 89' lang='lat' dir='ltr'>causa</span> <span class='ocrx_word' id='word_1_156' title='bbox 854 1665 932 1724; x_wconf 90' lang='lat' dir='ltr'>illius</span> <span class='ocrx_word' id='word_1_157' title='bbox 953 1669 1048 1724; x_wconf 84' lang='lat' dir='ltr'>astae</span> <span class='ocrx_word' id='word_1_158' title='bbox 1068 1664 1140 1722; x_wconf 91' lang='lat' dir='ltr'>ratio</span> <span class='ocrx_word' id='word_1_159' title='bbox 1158 1663 1237 1722; x_wconf 89' lang='lat' dir='ltr'>sulli-</span> 
     </span>
     <span class='ocr_line' id='line_1_19' title="bbox 189 1747 1238 1823; baseline 0.001 -18"><span class='ocrx_word' id='word_1_160' title='bbox 189 1748 277 1807; x_wconf 90' lang='lat' dir='ltr'>ciens.</span> <span class='ocrx_word' id='word_1_161' title='bbox 294 1748 366 1820; x_wconf 86' lang='lat' dir='ltr'>Ergo</span> <span class='ocrx_word' id='word_1_162' title='bbox 380 1761 483 1806; x_wconf 89' lang='lat' dir='ltr'>causae</span> <span class='ocrx_word' id='word_1_163' title='bbox 499 1747 652 1806; x_wconf 87' lang='lat' dir='ltr'>existentia</span> <span class='ocrx_word' id='word_1_164' title='bbox 665 1752 694 1806; x_wconf 92' lang='lat' dir='ltr'>et</span> <span class='ocrx_word' id='word_1_165' title='bbox 707 1748 970 1823; x_wconf 85' lang='lat' dir='ltr'>necessitasquoad</span> <span class='ocrx_word' id='word_1_166' title='bbox 984 1764 1055 1820; x_wconf 94' lang='lat' dir='ltr'>rem,</span> <span class='ocrx_word' id='word_1_167' title='bbox 1073 1763 1146 1820; x_wconf 90' lang='lat' dir='ltr'>quae</span> <span class='ocrx_word' id='word_1_168' title='bbox 1160 1751 1238 1806; x_wconf 88' lang='lat' dir='ltr'>exta-</span> 
     </span>
     <span class='ocr_line' id='line_1_20' title="bbox 189 1831 1237 1904; baseline 0.001 -15"><span class='ocrx_word' id='word_1_169' title='bbox 189 1847 222 1890; x_wconf 91' lang='lat' dir='ltr'>re</span> <span class='ocrx_word' id='word_1_170' title='bbox 236 1831 337 1904; x_wconf 90' lang='lat' dir='ltr'>incipit</span> <span class='ocrx_word' id='word_1_171' title='bbox 350 1845 402 1889; x_wconf 87' lang='lat' dir='ltr'>seu</span> <span class='ocrx_word' id='word_1_172' title='bbox 416 1845 489 1904; x_wconf 91' lang='lat' dir='ltr'>qnae</span> <span class='ocrx_word' id='word_1_173' title='bbox 503 1831 544 1903; x_wconf 86' lang='lat' dir='ltr'>lit,</span> <span class='ocrx_word' id='word_1_174' title='bbox 557 1846 624 1890; x_wconf 88' lang='lat' dir='ltr'>cum</span> <span class='ocrx_word' id='word_1_175' title='bbox 637 1831 699 1890; x_wconf 91' lang='lat' dir='ltr'>eius</span> <span class='ocrx_word' id='word_1_176' title='bbox 712 1833 827 1892; x_wconf 91' lang='lat' dir='ltr'>notione</span> <span class='ocrx_word' id='word_1_177' title='bbox 840 1833 1002 1892; x_wconf 88' lang='lat' dir='ltr'>necessario</span> <span class='ocrx_word' id='word_1_178' title='bbox 1013 1832 1143 1890; x_wconf 89' lang='lat' dir='ltr'>nectitur.</span> <span class='ocrx_word' id='word_1_179' title='bbox 1161 1831 1237 1899; x_wconf 87' lang='lat' dir='ltr'>Quae</span> 
     </span>
     <span class='ocr_line' id='line_1_21' title="bbox 190 1913 1237 1992; baseline 0.004 -20"><span class='ocrx_word' id='word_1_180' title='bbox 190 1913 386 1987; x_wconf 88' lang='lat' dir='ltr'>ratiocinatio,</span> <span class='ocrx_word' id='word_1_181' title='bbox 402 1930 454 1974; x_wconf 91' lang='lat' dir='ltr'>seu</span> <span class='ocrx_word' id='word_1_182' title='bbox 468 1915 570 1974; x_wconf 90' lang='lat' dir='ltr'>melius</span> <span class='ocrx_word' id='word_1_183' title='bbox 588 1922 776 1990; x_wconf 89' lang='lat' dir='ltr'>conceptuum</span> <span class='ocrx_word' id='word_1_184' title='bbox 797 1917 959 1992; x_wconf 87' lang='lat' dir='ltr'>explicatio,</span> <span class='ocrx_word' id='word_1_185' title='bbox 975 1918 1044 1976; x_wconf 90' lang='lat' dir='ltr'>dum</span> <span class='ocrx_word' id='word_1_186' title='bbox 1058 1916 1185 1988; x_wconf 83' lang='lat' dir='ltr'>effatum,</span> <span class='ocrx_word' id='word_1_187' title='bbox 1201 1917 1237 1976; x_wconf 90' lang='lat' dir='ltr'>de</span> 
     </span>
     <span class='ocr_line' id='line_1_22' title="bbox 191 1999 1237 2075; baseline 0.002 -17"><span class='ocrx_word' id='word_1_188' title='bbox 191 2013 247 2073; x_wconf 90' lang='lat' dir='ltr'>quo</span> <span class='ocrx_word' id='word_1_189' title='bbox 262 1999 374 2072; x_wconf 88' lang='lat' dir='ltr'>agitur,</span> <span class='ocrx_word' id='word_1_190' title='bbox 390 1999 421 2058; x_wconf 92' lang='lat' dir='ltr'>in</span> <span class='ocrx_word' id='word_1_191' title='bbox 436 2000 643 2074; x_wconf 79' lang='lat' dir='ltr'>analyticorum</span> <span class='ocrx_word' id='word_1_192' title='bbox 655 2000 758 2075; x_wconf 90' lang='lat' dir='ltr'>probat</span> <span class='ocrx_word' id='word_1_193' title='bbox 772 2002 873 2061; x_wconf 88' lang='lat' dir='ltr'>baberi</span> <span class='ocrx_word' id='word_1_194' title='bbox 887 2016 1027 2074; x_wconf 89' lang='lat' dir='ltr'>numero,</span> <span class='ocrx_word' id='word_1_195' title='bbox 1042 2001 1187 2074; x_wconf 84' lang='lat' dir='ltr'>Beguelini</span> <span class='ocrx_word' id='word_1_196' title='bbox 1202 2001 1237 2060; x_wconf 92' lang='grc'>11-</span> 
     </span>
     <span class='ocr_line' id='line_1_23' title="bbox 190 2081 1237 2159; baseline 0.004 -19"><span class='ocrx_word' id='word_1_197' title='bbox 190 2082 252 2140; x_wconf 93' lang='lat' dir='ltr'>mul</span> <span class='ocrx_word' id='word_1_198' title='bbox 266 2081 471 2143; x_wconf 87' lang='lat' dir='ltr'>absurditatem</span> <span class='ocrx_word' id='word_1_199' title='bbox 485 2084 573 2143; x_wconf 92' lang='lat' dir='ltr'>elidit.</span> <span class='ocrx_word' id='word_1_200' title='bbox 593 2086 665 2145; x_wconf 88' lang='lat' dir='ltr'>Nam</span> <span class='ocrx_word' id='word_1_201' title='bbox 683 2085 859 2159; x_wconf 87' lang='lat' dir='ltr'>pronuntiati</span> <span class='ocrx_word' id='word_1_202' title='bbox 872 2085 950 2144; x_wconf 87' lang='lat' dir='ltr'>illius</span> <span class='ocrx_word' id='word_1_203' title='bbox 964 2100 1022 2145; x_wconf 92' lang='lat' dir='ltr'>non</span> <span class='ocrx_word' id='word_1_204' title='bbox 1036 2085 1120 2144; x_wconf 93' lang='lat' dir='ltr'>modo</span> <span class='ocrx_word' id='word_1_205' title='bbox 1135 2083 1237 2144; x_wconf 84' lang='lat' dir='ltr'>uerita-</span> 
     </span>
     <span class='ocr_line' id='line_1_24' title="bbox 190 2167 965 2239; baseline 0.006 -15"><span class='ocrx_word' id='word_1_206' title='bbox 190 2171 264 2239; x_wconf 88' lang='lat' dir='ltr'>tem,</span> <span class='ocrx_word' id='word_1_207' title='bbox 281 2167 331 2226; x_wconf 90' lang='lat' dir='ltr'>sed</span> <span class='ocrx_word' id='word_1_208' title='bbox 346 2168 433 2226; x_wconf 90' lang='lat' dir='ltr'>etiam</span> <span class='ocrx_word' id='word_1_209' title='bbox 447 2168 606 2228; x_wconf 83' lang='lat' dir='ltr'>absolutam</span> <span class='ocrx_word' id='word_1_210' title='bbox 620 2169 820 2229; x_wconf 89' lang='lat' dir='ltr'>necessitatem</span> <span class='ocrx_word' id='word_1_211' title='bbox 834 2169 965 2229; x_wconf 86' lang='lat' dir='ltr'>ostendit.</span> 
     </span>
    </p>

    <p class='ocr_par' dir='ltr' id='par_1_5' title="bbox 181 2250 1240 3174">
     <span class='ocr_line' id='line_1_25' title="bbox 224 2250 1236 2330; baseline 0.003 -21"><span class='ocrx_word' id='word_1_212' title='bbox 224 2251 308 2309; x_wconf 79' lang='lat' dir='ltr'>lton</span> <span class='ocrx_word' id='word_1_213' title='bbox 327 2250 517 2326; x_wconf 86' lang='lat' dir='ltr'>pervicaciam</span> <span class='ocrx_word' id='word_1_214' title='bbox 537 2254 663 2314; x_wconf 91' lang='lat' dir='ltr'>bominis</span> <span class='ocrx_word' id='word_1_215' title='bbox 680 2256 774 2330; x_wconf 86' lang='lat' dir='ltr'>magis</span> <span class='ocrx_word' id='word_1_216' title='bbox 792 2256 1000 2315; x_wconf 88' lang='lat' dir='ltr'>retundendam</span> <span class='ocrx_word' id='word_1_217' title='bbox 1021 2256 1163 2329; x_wconf 90' lang='lat' dir='ltr'>optimum</span> <span class='ocrx_word' id='word_1_218' title='bbox 1183 2255 1236 2315; x_wconf 92' lang='lat' dir='ltr'>erit</span> 
     </span>
     <span class='ocr_line' id='line_1_26' title="bbox 189 2336 1234 2418; baseline 0.004 -24"><span class='ocrx_word' id='word_1_219' title='bbox 189 2336 339 2395; x_wconf 85' lang='lat' dir='ltr'>ueritatem</span> <span class='ocrx_word' id='word_1_220' title='bbox 353 2337 439 2396; x_wconf 89' lang='lat' dir='ltr'>buius</span> <span class='ocrx_word' id='word_1_221' title='bbox 453 2337 588 2413; x_wconf 91' lang='lat' dir='ltr'>principii</span> <span class='ocrx_word' id='word_1_222' title='bbox 602 2355 640 2398; x_wconf 89' lang='lat' dir='ltr'>ex</span> <span class='ocrx_word' id='word_1_223' title='bbox 655 2340 717 2414; x_wconf 88' lang='lat' dir='ltr'>ipso</span> <span class='ocrx_word' id='word_1_224' title='bbox 732 2341 962 2400; x_wconf 85' lang='lat' dir='ltr'>contradictionis</span> <span class='ocrx_word' id='word_1_225' title='bbox 977 2340 1062 2399; x_wconf 83' lang='lat' dir='ltr'>effato</span> <span class='ocrx_word' id='word_1_226' title='bbox 1076 2341 1234 2418; x_wconf 87' lang='lat' dir='ltr'>deducere,</span> 
     </span>
     <span class='ocr_line' id='line_1_27' title="bbox 191 2420 1237 2500; baseline 0.006 -22"><span class='ocrx_word' id='word_1_227' title='bbox 191 2420 273 2479; x_wconf 91' lang='lat' dir='ltr'>cuius</span> <span class='ocrx_word' id='word_1_228' title='bbox 286 2421 345 2480; x_wconf 82' lang='lat' dir='ltr'>uim</span> <span class='ocrx_word' id='word_1_229' title='bbox 355 2422 555 2482; x_wconf 87' lang='lat' dir='ltr'>inconcussam</span> <span class='ocrx_word' id='word_1_230' title='bbox 565 2424 894 2500; x_wconf 86' lang='lat' dir='ltr'>Beguelinipsesatetur.</span> <span class='ocrx_word' id='word_1_231' title='bbox 910 2425 1061 2500; x_wconf 86' lang='lat' dir='ltr'>Propterea</span> <span class='ocrx_word' id='word_1_232' title='bbox 1070 2421 1147 2484; x_wconf 85' lang='lat' dir='ltr'>enim</span> <span class='ocrx_word' id='word_1_233' title='bbox 1158 2425 1237 2484; x_wconf 89' lang='lat' dir='ltr'>axio-</span> 
     </span>
     <span class='ocr_line' id='line_1_28' title="bbox 189 2505 1236 2582; baseline 0.005 -20"><span class='ocrx_word' id='word_1_234' title='bbox 189 2510 268 2563; x_wconf 91' lang='lat' dir='ltr'>mata</span> <span class='ocrx_word' id='word_1_235' title='bbox 279 2505 433 2566; x_wconf 87' lang='lat' dir='ltr'>blatbeseos</span> <span class='ocrx_word' id='word_1_236' title='bbox 447 2507 577 2567; x_wconf 79' lang='lat' dir='ltr'>incertis</span> <span class='ocrx_word' id='word_1_237' title='bbox 591 2509 686 2582; x_wconf 86' lang='lat' dir='ltr'>babet,</span> <span class='ocrx_word' id='word_1_238' title='bbox 699 2509 767 2582; x_wconf 90' lang='lat' dir='ltr'>quia</span> <span class='ocrx_word' id='word_1_239' title='bbox 781 2525 819 2568; x_wconf 92' lang='lat' dir='ltr'>ex</span> <span class='ocrx_word' id='word_1_240' title='bbox 833 2509 881 2568; x_wconf 93' lang='lat' dir='ltr'>illo</span> <span class='ocrx_word' id='word_1_241' title='bbox 897 2510 1070 2578; x_wconf 82' lang='lat' dir='ltr'>derivantur,</span> <span class='ocrx_word' id='word_1_242' title='bbox 1087 2525 1141 2568; x_wconf 88' lang='lat' dir='ltr'>neo</span> <span class='ocrx_word' id='word_1_243' title='bbox 1157 2509 1236 2567; x_wconf 92' lang='lat' dir='ltr'>aliud</span> 
     </span>
     <span class='ocr_line' id='line_1_29' title="bbox 190 2588 1236 2668; baseline 0.004 -23"><span class='ocrx_word' id='word_1_244' title='bbox 190 2588 347 2662; x_wconf 89' lang='lat' dir='ltr'>quidquam</span> <span class='ocrx_word' id='word_1_245' title='bbox 361 2596 446 2662; x_wconf 92' lang='lat' dir='ltr'>sunt,</span> <span class='ocrx_word' id='word_1_246' title='bbox 463 2606 549 2665; x_wconf 93' lang='lat' dir='ltr'>quam</span> <span class='ocrx_word' id='word_1_247' title='bbox 568 2592 663 2666; x_wconf 92' lang='lat' dir='ltr'>ipsum</span> <span class='ocrx_word' id='word_1_248' title='bbox 678 2593 909 2652; x_wconf 86' lang='lat' dir='ltr'>contradictionis</span> <span class='ocrx_word' id='word_1_249' title='bbox 929 2593 1103 2668; x_wconf 91' lang='lat' dir='ltr'>principium</span> <span class='ocrx_word' id='word_1_250' title='bbox 1118 2592 1236 2650; x_wconf 84' lang='lat' dir='ltr'>diversis</span> 
     </span>
     <span class='ocr_line' id='line_1_30' title="bbox 194 2672 1236 2751; baseline 0.005 -22"><span class='ocrx_word' id='word_1_251' title='bbox 194 2672 356 2731; x_wconf 86' lang='lat' dir='ltr'>exhibitum</span> <span class='ocrx_word' id='word_1_252' title='bbox 366 2675 494 2734; x_wconf 86' lang='lat' dir='ltr'>terminis</span> <span class='ocrx_word' id='word_1_253' title='bbox 504 2675 733 2751; x_wconf 85' lang='lat' dir='ltr'>etpeculiar&#39;rbus</span> <span class='ocrx_word' id='word_1_254' title='bbox 743 2677 817 2736; x_wconf 87' lang='lat' dir='ltr'>entis</span> <span class='ocrx_word' id='word_1_255' title='bbox 825 2677 1035 2737; x_wconf 91' lang='lat' dir='ltr'>conditionibus</span> <span class='ocrx_word' id='word_1_256' title='bbox 1044 2676 1236 2736; x_wconf 89' lang='lat' dir='ltr'>accommoda-</span> 
     </span>
     <span class='ocr_line' id='line_1_31' title="bbox 181 2755 1236 2836; baseline 0.008 -24"><span class='ocrx_word' id='word_1_257' title='bbox 181 2756 262 2813; x_wconf 85' lang='lat' dir='ltr'>tum.</span> <span class='ocrx_word' id='word_1_258' title='bbox 284 2755 360 2824; x_wconf 83' lang='lat' dir='ltr'>Quae</span> <span class='ocrx_word' id='word_1_259' title='bbox 380 2758 476 2817; x_wconf 90' lang='lat' dir='ltr'>omnia</span> <span class='ocrx_word' id='word_1_260' title='bbox 494 2759 519 2818; x_wconf 92' lang='lat' dir='ltr'>si</span> <span class='ocrx_word' id='word_1_261' title='bbox 533 2760 567 2823; x_wconf 89' lang='lat' dir='ltr'>in</span> <span class='ocrx_word' id='word_1_262' title='bbox 586 2759 643 2819; x_wconf 90' lang='lat' dir='ltr'>illis</span> <span class='ocrx_word' id='word_1_263' title='bbox 660 2775 728 2820; x_wconf 79' lang='lat' dir='ltr'>vera</span> <span class='ocrx_word' id='word_1_264' title='bbox 747 2768 831 2835; x_wconf 83' lang='lat' dir='ltr'>sunt,</span> <span class='ocrx_word' id='word_1_265' title='bbox 848 2761 946 2836; x_wconf 88' lang='lat' dir='ltr'>procul</span> <span class='ocrx_word' id='word_1_266' title='bbox 965 2762 1051 2821; x_wconf 90' lang='lat' dir='ltr'>dubio</span> <span class='ocrx_word' id='word_1_267' title='bbox 1069 2777 1120 2836; x_wconf 92' lang='lat' dir='ltr'>pro</span> <span class='ocrx_word' id='word_1_268' title='bbox 1140 2765 1236 2820; x_wconf 91' lang='lat' dir='ltr'>nostro</span> 
     </span>
     <span class='ocr_line' id='line_1_32' title="bbox 191 2838 1237 2921; baseline 0.009 -26"><span class='ocrx_word' id='word_1_269' title='bbox 191 2838 278 2897; x_wconf 87' lang='lat' dir='ltr'>ctiam</span> <span class='ocrx_word' id='word_1_270' title='bbox 296 2840 380 2900; x_wconf 89' lang='lat' dir='ltr'>ellato</span> <span class='ocrx_word' id='word_1_271' title='bbox 399 2842 458 2902; x_wconf 78' lang='lat' dir='ltr'>uim</span> <span class='ocrx_word' id='word_1_272' title='bbox 476 2843 592 2902; x_wconf 87' lang='lat' dir='ltr'>babent.</span> <span class='ocrx_word' id='word_1_273' title='bbox 612 2844 725 2903; x_wconf 85' lang='lat' dir='ltr'>Etenim</span> <span class='ocrx_word' id='word_1_274' title='bbox 744 2845 768 2904; x_wconf 88' lang='grc'>11</span> <span class='ocrx_word' id='word_1_275' title='bbox 787 2845 883 2920; x_wconf 79' lang='lat' dir='ltr'>aliqum</span> <span class='ocrx_word' id='word_1_276' title='bbox 901 2845 1067 2921; x_wconf 87' lang='lat' dir='ltr'>contingens</span> <span class='ocrx_word' id='word_1_277' title='bbox 1085 2845 1237 2904; x_wconf 87' lang='lat' dir='ltr'>existentia</span> 
     </span>
     <span class='ocr_line' id='line_1_33' title="bbox 192 2922 1236 3006; baseline 0.009 -27"><span class='ocrx_word' id='word_1_278' title='bbox 192 2922 254 2980; x_wconf 93' lang='lat' dir='ltr'>sine</span> <span class='ocrx_word' id='word_1_279' title='bbox 268 2939 355 2983; x_wconf 88' lang='lat' dir='ltr'>causa</span> <span class='ocrx_word' id='word_1_280' title='bbox 369 2926 512 2986; x_wconf 86' lang='lat' dir='ltr'>efficiente</span> <span class='ocrx_word' id='word_1_281' title='bbox 526 2929 670 3004; x_wconf 90' lang='lat' dir='ltr'>prodiret,</span> <span class='ocrx_word' id='word_1_282' title='bbox 688 2935 825 2989; x_wconf 85' lang='lat' dir='ltr'>certares</span> <span class='ocrx_word' id='word_1_283' title='bbox 839 2931 999 2990; x_wconf 86' lang='lat' dir='ltr'>istiusmodi</span> <span class='ocrx_word' id='word_1_284' title='bbox 1021 2936 1071 2989; x_wconf 91' lang='lat' dir='ltr'>aut</span> <span class='ocrx_word' id='word_1_285' title='bbox 1084 2946 1102 2990; x_wconf 91' lang='lat' dir='ltr'>a</span> <span class='ocrx_word' id='word_1_286' title='bbox 1115 2929 1160 2990; x_wconf 88' lang='lat' dir='ltr'>sui</span> <span class='ocrx_word' id='word_1_287' title='bbox 1174 2945 1236 3006; x_wconf 82' lang='lat' dir='ltr'>pos-</span> 
     </span>
     <span class='ocr_line' id='line_1_34' title="bbox 190 3007 1240 3101; baseline 0.009 -37"><span class='ocrx_word' id='word_1_288' title='bbox 190 3007 330 3101; x_wconf 76' lang='lat' dir='ltr'>sibilitate</span> <span class='ocrx_word' id='word_1_289' title='bbox 351 3011 532 3071; x_wconf 88' lang='lat' dir='ltr'>existentiam</span> <span class='ocrx_word' id='word_1_290' title='bbox 554 3014 713 3088; x_wconf 88' lang='lat' dir='ltr'>reciperet,</span> <span class='ocrx_word' id='word_1_291' title='bbox 731 3021 780 3074; x_wconf 88' lang='lat' dir='ltr'>aut</span> <span class='ocrx_word' id='word_1_292' title='bbox 800 3032 818 3074; x_wconf 90' lang='lat' dir='ltr'>a</span> <span class='ocrx_word' id='word_1_293' title='bbox 838 3015 944 3075; x_wconf 86' lang='grc'><strong>11111111.</strong></span> <span class='ocrx_word' id='word_1_294' title='bbox 968 3017 1122 3090; x_wconf 87' lang='lat' dir='ltr'>Utrumque</span> <span class='ocrx_word' id='word_1_295' title='bbox 1144 3021 1240 3076; x_wconf 88' lang='lat' dir='ltr'>autem</span> 
     </span>
     <span class='ocr_line' id='line_1_35' title="bbox 190 3092 1239 3174; baseline 0.009 -27"><span class='ocrx_word' id='word_1_296' title='bbox 190 3092 331 3166; x_wconf 83' lang='lat' dir='ltr'>prancipio</span> <span class='ocrx_word' id='word_1_297' title='bbox 347 3097 577 3157; x_wconf 89' lang='lat' dir='ltr'>contradictionis</span> <span class='ocrx_word' id='word_1_298' title='bbox 593 3099 768 3159; x_wconf 82' lang='lat' dir='ltr'>adversatur.</span> <span class='ocrx_word' id='word_1_299' title='bbox 785 3101 856 3160; x_wconf 86' lang='lat' dir='ltr'>Nam</span> <span class='ocrx_word' id='word_1_300' title='bbox 872 3101 896 3158; x_wconf 90' lang='lat' dir='ltr'>si</span> <span class='ocrx_word' id='word_1_301' title='bbox 911 3117 928 3158; x_wconf 91' lang='lat' dir='ltr'>a</span> <span class='ocrx_word' id='word_1_302' title='bbox 943 3100 988 3159; x_wconf 89' lang='lat' dir='ltr'>sui</span> <span class='ocrx_word' id='word_1_303' title='bbox 1003 3100 1189 3174; x_wconf 87' lang='lat' dir='ltr'>possibilitate</span> <span class='ocrx_word' id='word_1_304' title='bbox 1199 3100 1239 3156; x_wconf 89' lang='lat' dir='ltr'>el·</span> 
     </span>
    </p>
   </div>
   <div class='ocr_carea' id='block_1_5' title="bbox 145 3173 1340 3257">
    <p class='ocr_par' dir='ltr' id='par_1_6' title="bbox 145 3173 1340 3257">
     <span class='ocr_line' id='line_1_36' title="bbox 145 3173 1340 3257; baseline 0.013 -27"><span class='ocrx_word' id='word_1_305' title='bbox 145 3239 152 3246; x_wconf 88' lang='lat'><strong>.</strong></span> <span class='ocrx_word' id='word_1_306' title='bbox 193 3174 284 3234; x_wconf 89' lang='lat' dir='ltr'>lectus</span> <span class='ocrx_word' id='word_1_307' title='bbox 302 3177 350 3235; x_wconf 92' lang='lat' dir='ltr'>ille</span> <span class='ocrx_word' id='word_1_308' title='bbox 365 3179 504 3254; x_wconf 87' lang='lat' dir='ltr'>reciperet</span> <span class='ocrx_word' id='word_1_309' title='bbox 522 3181 705 3241; x_wconf 87' lang='lat' dir='ltr'>existentiam</span> <span class='ocrx_word' id='word_1_310' title='bbox 720 3184 813 3257; x_wconf 91' lang='lat' dir='ltr'>(quod</span> <span class='ocrx_word' id='word_1_311' title='bbox 828 3193 926 3244; x_wconf 89' lang='lat' dir='ltr'>auctor</span> <span class='ocrx_word' id='word_1_312' title='bbox 941 3185 1094 3244; x_wconf 87' lang='lat' dir='ltr'>subaudire</span> <span class='ocrx_word' id='word_1_313' title='bbox 1109 3185 1237 3256; x_wconf 87' lang='lat' dir='ltr'>videtur,</span> <span class='ocrx_word' id='word_1_314' title='bbox 1337 3173 1340 3180; x_wconf 66' lang='grc'><strong>’</strong></span> 
     </span>
    </p>
   </div>
   <div class='ocr_carea' id='block_1_6' title="bbox 189 3264 1241 3846">
    <p class='ocr_par' dir='ltr' id='par_1_7' title="bbox 189 3264 1241 3846">
     <span class='ocr_line' id='line_1_37' title="bbox 190 3264 1238 3342; baseline 0.01 -26"><span class='ocrx_word' id='word_1_315' title='bbox 190 3274 257 3316; x_wconf 87' lang='lat' dir='ltr'>eum</span> <span class='ocrx_word' id='word_1_316' title='bbox 273 3267 380 3319; x_wconf 89' lang='lat' dir='ltr'>asserat</span> <span class='ocrx_word' id='word_1_317' title='bbox 398 3264 589 3338; x_wconf 88' lang='lat' dir='ltr'>existentiam,</span> <span class='ocrx_word' id='word_1_318' title='bbox 601 3270 633 3324; x_wconf 90' lang='lat' dir='ltr'>ut</span> <span class='ocrx_word' id='word_1_319' title='bbox 646 3267 692 3339; x_wconf 89' lang='lat' dir='ltr'>sit,</span> <span class='ocrx_word' id='word_1_320' title='bbox 706 3283 764 3326; x_wconf 93' lang='lat' dir='ltr'>non</span> <span class='ocrx_word' id='word_1_321' title='bbox 779 3277 861 3341; x_wconf 75' lang='lat' dir='ltr'>egere</span> <span class='ocrx_word' id='word_1_322' title='bbox 876 3269 932 3328; x_wconf 89' lang='lat' dir='ltr'>nisi</span> <span class='ocrx_word' id='word_1_323' title='bbox 947 3269 1007 3328; x_wconf 87' lang='lat' dir='ltr'>sola</span> <span class='ocrx_word' id='word_1_324' title='bbox 1022 3269 1135 3328; x_wconf 88' lang='lat' dir='ltr'>interna</span> <span class='ocrx_word' id='word_1_325' title='bbox 1149 3268 1238 3342; x_wconf 88' lang='lat' dir='ltr'>possi·</span> 
     </span>
     <span class='ocr_line' id='line_1_38' title="bbox 191 3342 1240 3434; baseline 0.01 -34"><span class='ocrx_word' id='word_1_326' title='bbox 191 3342 337 3417; x_wconf 86' lang='lat' dir='ltr'>bilitate);</span> <span class='ocrx_word' id='word_1_327' title='bbox 354 3349 421 3404; x_wconf 92' lang='lat' dir='ltr'>tunc</span> <span class='ocrx_word' id='word_1_328' title='bbox 435 3351 713 3424; x_wconf 85' lang='lat' dir='ltr'>praeterquamquod</span> <span class='ocrx_word' id='word_1_329' title='bbox 727 3352 823 3410; x_wconf 89' lang='lat' dir='ltr'>omnia</span> <span class='ocrx_word' id='word_1_330' title='bbox 838 3352 986 3424; x_wconf 90' lang='lat' dir='ltr'>possibilia</span> <span class='ocrx_word' id='word_1_331' title='bbox 999 3352 1052 3412; x_wconf 93' lang='lat' dir='ltr'>hoc</span> <span class='ocrx_word' id='word_1_332' title='bbox 1071 3353 1133 3434; x_wconf 86' lang='lat' dir='ltr'>ipso</span> <span class='ocrx_word' id='word_1_333' title='bbox 1148 3357 1240 3410; x_wconf 86' lang='lat' dir='ltr'>exsta·</span> 
     </span>
     <span class='ocr_line' id='line_1_39' title="bbox 189 3428 1240 3509; baseline 0.008 -24"><span class='ocrx_word' id='word_1_334' title='bbox 189 3431 255 3485; x_wconf 87' lang='lat' dir='ltr'>rent</span> <span class='ocrx_word' id='word_1_335' title='bbox 268 3429 278 3499; x_wconf 86' lang='grc'>(</span> <span class='ocrx_word' id='word_1_336' title='bbox 288 3428 426 3487; x_wconf 89' lang='lat' dir='ltr'>haberent</span> <span class='ocrx_word' id='word_1_337' title='bbox 448 3431 525 3488; x_wconf 89' lang='lat' dir='ltr'>eninr</span> <span class='ocrx_word' id='word_1_338' title='bbox 543 3431 623 3504; x_wconf 70' lang='lat' dir='ltr'>‚qnod</span> <span class='ocrx_word' id='word_1_339' title='bbox 642 3433 678 3490; x_wconf 90' lang='lat' dir='ltr'>ad</span> <span class='ocrx_word' id='word_1_340' title='bbox 697 3434 878 3492; x_wconf 90' lang='lat' dir='ltr'>existendum</span> <span class='ocrx_word' id='word_1_341' title='bbox 899 3435 1042 3509; x_wconf 81' lang='lat' dir='ltr'>suflicit),</span> <span class='ocrx_word' id='word_1_342' title='bbox 1059 3436 1090 3494; x_wconf 95' lang='lat' dir='ltr'>in</span> <span class='ocrx_word' id='word_1_343' title='bbox 1112 3440 1240 3507; x_wconf 87' lang='lat' dir='ltr'>apertam</span> 
     </span>
     <span class='ocr_line' id='line_1_40' title="bbox 192 3515 1241 3590; baseline 0.007 -21"><span class='ocrx_word' id='word_1_344' title='bbox 192 3517 380 3590; x_wconf 82' lang='lat' dir='ltr'>conceptuum</span> <span class='ocrx_word' id='word_1_345' title='bbox 394 3527 521 3587; x_wconf 85' lang='lat' dir='ltr'>pugnam</span> <span class='ocrx_word' id='word_1_346' title='bbox 534 3515 691 3574; x_wconf 90' lang='lat' dir='ltr'>labendum</span> <span class='ocrx_word' id='word_1_347' title='bbox 711 3517 791 3576; x_wconf 88' lang='lat' dir='ltr'>loret.</span> <span class='ocrx_word' id='word_1_348' title='bbox 808 3519 878 3578; x_wconf 86' lang='lat' dir='ltr'>llam</span> <span class='ocrx_word' id='word_1_349' title='bbox 893 3525 969 3578; x_wconf 89' lang='lat' dir='ltr'>certe</span> <span class='ocrx_word' id='word_1_350' title='bbox 978 3518 1131 3578; x_wconf 87' lang='lat' dir='ltr'>existentia</span> <span class='ocrx_word' id='word_1_351' title='bbox 1141 3519 1241 3578; x_wconf 77' lang='lat' dir='ltr'>motos</span> 
     </span>
     <span class='ocr_line' id='line_1_41' title="bbox 191 3593 1240 3675; baseline 0.009 -24"><span class='ocrx_word' id='word_1_352' title='bbox 191 3593 327 3666; x_wconf 85' lang='lat' dir='ltr'>quiddam</span> <span class='ocrx_word' id='word_1_353' title='bbox 336 3601 379 3654; x_wconf 89' lang='lat' dir='ltr'>est</span> <span class='ocrx_word' id='word_1_354' title='bbox 388 3613 474 3671; x_wconf 90' lang='lat' dir='ltr'>quam</span> <span class='ocrx_word' id='word_1_355' title='bbox 483 3599 561 3657; x_wconf 87' lang='lat' dir='ltr'>nuda</span> <span class='ocrx_word' id='word_1_356' title='bbox 569 3600 752 3675; x_wconf 88' lang='lat' dir='ltr'>possibilitas,</span> <span class='ocrx_word' id='word_1_357' title='bbox 763 3601 846 3674; x_wconf 89' lang='lat' dir='ltr'>eique</span> <span class='ocrx_word' id='word_1_358' title='bbox 856 3603 1122 3662; x_wconf 85' lang='lat' dir='ltr'>detemrinatlonem</span> <span class='ocrx_word' id='word_1_359' title='bbox 1133 3608 1240 3662; x_wconf 88' lang='lat' dir='ltr'>actum-</span> 
     </span>
     <span class='ocr_line' id='line_1_42' title="bbox 191 3677 1240 3760; baseline 0.01 -27"><span class='ocrx_word' id='word_1_360' title='bbox 191 3692 247 3749; x_wconf 90' lang='lat' dir='ltr'>que</span> <span class='ocrx_word' id='word_1_361' title='bbox 261 3677 402 3738; x_wconf 85' lang='lat' dir='ltr'>existendi</span> <span class='ocrx_word' id='word_1_362' title='bbox 416 3682 539 3756; x_wconf 86' lang='lat' dir='ltr'>applicat</span> <span class='ocrx_word' id='word_1_363' title='bbox 553 3688 581 3742; x_wconf 92' lang='lat' dir='ltr'>et</span> <span class='ocrx_word' id='word_1_364' title='bbox 595 3684 734 3758; x_wconf 90' lang='lat' dir='ltr'>adiungit.</span> <span class='ocrx_word' id='word_1_365' title='bbox 753 3685 826 3760; x_wconf 84' lang='lat' dir='ltr'>Ergo</span> <span class='ocrx_word' id='word_1_366' title='bbox 840 3685 865 3745; x_wconf 87' lang='lat' dir='ltr'>si</span> <span class='ocrx_word' id='word_1_367' title='bbox 879 3688 916 3746; x_wconf 90' lang='lat' dir='ltr'>ad</span> <span class='ocrx_word' id='word_1_368' title='bbox 930 3687 1113 3747; x_wconf 89' lang='lat' dir='ltr'>existendum</span> <span class='ocrx_word' id='word_1_369' title='bbox 1127 3687 1240 3746; x_wconf 85' lang='lat' dir='ltr'>sulfice-</span> 
     </span>
     <span class='ocr_line' id='line_1_43' title="bbox 191 3761 1239 3846; baseline 0.015 -27"><span class='ocrx_word' id='word_1_370' title='bbox 191 3766 234 3820; x_wconf 89' lang='lat' dir='ltr'>ret</span> <span class='ocrx_word' id='word_1_371' title='bbox 248 3761 440 3840; x_wconf 87' lang='lat' dir='ltr'>possibilitas,</span> <span class='ocrx_word' id='word_1_372' title='bbox 456 3767 558 3830; x_wconf 79' lang='lat' dir='ltr'>miuus</span> <span class='ocrx_word' id='word_1_373' title='bbox 572 3767 718 3834; x_wconf 83' lang='grc'><strong>1111111111</strong></span> <span class='ocrx_word' id='word_1_374' title='bbox 731 3770 767 3832; x_wconf 86' lang='lat' dir='ltr'>ad</span> <span class='ocrx_word' id='word_1_375' title='bbox 781 3771 1010 3836; x_wconf 84' lang='lat' dir='ltr'>comtitueudum</span> <span class='ocrx_word' id='word_1_376' title='bbox 1024 3771 1136 3832; x_wconf 81' lang='lat' dir='ltr'>motus.</span> <span class='ocrx_word' id='word_1_377' title='bbox 1161 3769 1239 3846; x_wconf 80' lang='lat' dir='ltr'>Quot</span> 
     </span>
    </p>
   </div>
   <div class='ocr_carea' id='block_1_7' title="bbox 0 0 1395 4492">
    <p class='ocr_par' dir='ltr' id='par_1_8' title="bbox 0 0 1395 4492">
     <span class='ocr_line' id='line_1_44' title="bbox 0 0 1395 4492; baseline 0 0"><span class='ocrx_word' id='word_1_378' title='bbox 0 0 1395 4492; x_wconf 95' lang='lat' dir='ltr'> </span> 
     </span>
    </p>
   </div>
  </div>
 </body>
</html>
