2767 4492
237 414 290 477 tal
565 425 792 472 usrurursrosn
805 426 953 472 sonamus

236 509 379 586 telligeudi
397 509 681 584 abtioconsequatur3
698 511 740 569 sio
755 511 883 571 vicissim
895 511 968 572 nihil
985 511 1280 588 menteapprebendl·

235 613 308 670 mus,
326 596 400 670 quod
416 595 491 654 illico
504 595 671 667 imaginatio
686 595 784 655 sensili
801 596 898 670 aqurra
912 597 1117 657 formavestire
1127 611 1186 658 non
1197 614 1281 663 cone

236 687 291 754 tur,
307 680 353 739 vel
367 679 468 738 saltem
481 693 540 737 non
553 686 667 738 revocet
679 695 785 739 nomen
799 695 856 754 quo
875 680 1018 740 obiectum
1032 681 1105 740 illud
1116 683 1281 756 significare

233 765 455 826 consuescimus.
472 763 647 838 Quapropter
666 764 835 837 imaginatio
856 764 946 824 veluti
967 767 1116 839 speculum
1134 769 1281 842 quoddam

235 857 290 923 est,
308 851 337 908 in
351 863 406 922 quo
425 847 582 906 reflectitur
600 846 803 922 intelligentia,
820 853 849 906 et
866 849 899 908 in
918 865 975 922 quo
996 850 1103 910 mentis
1123 859 1280 928 conceptus

231 948 398 1008 corpoream
413 931 495 1005 quasi
509 931 632 990 sormam
644 933 776 992 induunt.

226 1057 232 1064 -
269 1021 358 1091 itque
372 1017 402 1074 id
417 1031 455 1075 ex
469 1016 532 1090 ipsa
546 1017 707 1076 conditione
721 1022 843 1078 naturae
856 1019 982 1078 bominis
1002 1023 1098 1079 ortrrm
1118 1022 1222 1082 ducere
1234 1025 1280 1083 ri·

232 1105 328 1174 detur;
345 1103 485 1174 quatenus
500 1099 629 1174 animus,
641 1101 825 1175 quoadusque
833 1102 865 1161 in
879 1107 954 1162 statu
967 1103 1083 1170 unionis
1096 1119 1164 1164 cum
1177 1121 1279 1180 eorpo-

232 1202 265 1246 re
274 1185 439 1252 destinetur,
452 1183 600 1257 cogitando
616 1185 728 1258 operari
741 1185 841 1258 nequit
853 1186 923 1258 quin
935 1186 1139 1260 imaginatione
1151 1187 1276 1250 iuratum

231 1269 345 1330 ilinoiit
360 1273 393 1328 ut
406 1267 571 1340 imaginatio
589 1267 812 1327 instmmentum
831 1268 935 1328 exalat
953 1270 1140 1343 pulchrarum
1158 1273 1275 1348 ardum,

231 1369 355 1429 quarum
369 1368 403 1410 ea
416 1357 459 1410 est
472 1351 516 1411 vis
530 1355 562 1410 ut
575 1352 679 1410 mentis
694 1357 863 1426 conceptum
881 1353 1063 1413 extrinsecus
1077 1355 1131 1414 sub
1147 1356 1278 1417 sensibili

228 1441 325 1498 ¹forma
338 1437 519 1512 patefaciant,
536 1439 565 1493 et
579 1436 681 1494 vividis
695 1437 869 1509 quibusdam
882 1436 1025 1497 coloribus
1038 1438 1135 1496 veluti
1144 1440 1275 1513 pingant.

232 1523 324 1590 Quare
338 1520 424 1578 buius
439 1518 581 1577 facultatis
595 1519 769 1592 praestantia
779 1519 975 1593 maximopere
985 1522 1277 1596 confertadpraecla-

231 1621 278 1664 ros
293 1605 448 1678 gignendos
468 1602 592 1660 artifices
607 1607 635 1661 et
653 1609 770 1676 poetas,
792 1604 859 1662 lieet
872 1603 933 1662 sola
946 1619 1004 1663 uon
1018 1605 1143 1664 sufficiat
1157 1607 1213 1665 sed
1229 1607 1275 1666 vis

230 1690 372 1763 quaedam
381 1686 561 1761 potissimum
571 1687 733 1745 necessaria
742 1688 779 1745 sit
787 1687 991 1762 intelligentiae
1002 1704 1060 1748 non
1069 1689 1275 1764 vulgarisque

231 1775 379 1849 exemplar
393 1771 508 1844 aliquod
523 1771 618 1830 animo
633 1771 717 1831 facile
732 1771 908 1845 concipiatur
922 1772 1092 1846 ingenioque
1102 1773 1162 1831 acri
1170 1774 1275 1833 modus

232 1860 371 1931 cogitetur
385 1873 440 1931 quo
454 1857 525 1914 illud
539 1855 663 1916 exterius
678 1858 779 1915 referri
794 1859 892 1930 possit.

268 1944 312 2001 oo.
331 1943 363 2000 bt
374 1941 418 1999 rei
432 1946 580 2014 perceptae
594 1941 766 2014 phantasma
779 1941 901 2000 excitari
924 1944 1013 2015 possit
1026 1943 1059 2000 in
1070 1941 1163 2014 nobis,
1179 1943 1276 2002 inten-

229 2041 278 2086 sus
293 2025 409 2099 quidem
423 2024 529 2097 gradus
548 2025 725 2097 attentionis,
741 2025 843 2083 saltem
857 2040 916 2084 non
939 2027 1080 2098 reflexae,
1096 2028 1275 2100 perceptioni

228 2111 287 2182 illi,
307 2125 364 2183 qua
386 2113 452 2168 ante
474 2107 618 2166 obiectum
633 2109 798 2182 attigimus,
818 2109 913 2169 inesse
932 2110 1040 2170 debuit.
1062 2111 1157 2183 Neque
1173 2111 1275 2171 adboe
1354 2119 1358 2128 '

227 2211 308 2255 mora
323 2194 418 2267 aliqua
431 2193 593 2251 necessaria
607 2198 663 2267 est;
681 2209 765 2268 saepe
782 2195 861 2252 enim
885 2195 1052 2267 repenn'nus
1068 2194 1111 2253 rei
1125 2195 1274 2254 cuiuslam

226 2284 412 2352 conspectus,
428 2277 516 2352 modo,
531 2277 660 2335 animum
679 2277 764 2338 valde
783 2277 819 2334 ad
837 2293 869 2336 se
887 2283 1016 2351 revocet,
1038 2278 1129 2336 altum
1144 2278 1273 2351 inpban·

227 2365 302 2424 tasio
324 2361 460 2433 relinquit
474 2360 637 2432 vestigium.
656 2362 715 2428 Ouo
734 2369 830 2420 autem
845 2365 963 2420 attentio
976 2361 1086 2422 obiecto
1103 2362 1170 2420 data
1182 2362 1275 2420 maior

166 2447 170 2452 ’
228 2449 323 2520 luerit,
335 2463 368 2505 eo
379 2445 491 2504 facilius
506 2444 893 2516 phantasmatarerocantur.
903 2447 975 2506 ilinc
985 2452 1029 2506 est
1038 2453 1069 2506 ut
1081 2446 1188 2520 quibus
1197 2447 1273 2504 obie

229 2535 283 2594 cus
297 2530 423 2590 maxime
440 2527 534 2586 affecti
549 2541 668 2601 sumus,
685 2544 720 2588 ea
734 2529 868 2603 deinceps
892 2530 976 2588 nobis
989 2529 1036 2588 uel
1048 2529 1147 2588 inviis
1160 2529 1274 2588 assidue

230 2632 299 2690 prae
314 2612 515 2685 imaginatione
528 2617 688 2670 uersentur.
701 2613 770 2671 Cum
784 2628 851 2673 vero
865 2613 1007 2672 excitatior
1020 2615 1199 2688 phantasma,
1215 2624 1272 2686 quo

229 2700 274 2761 illi
288 2698 379 2770 magis
394 2694 577 2769 intendimus,
595 2711 628 2754 eo
644 2697 766 2756 vividior
775 2699 807 2756 fit
821 2698 897 2756 illius
910 2699 1021 2772 imag03
1037 2699 1151 2772 quaein
1160 2703 1272 2757 tanturn

229 2783 357 2858 augescit
371 2777 531 2854 aliquando,
548 2783 580 2838 ut
594 2781 738 2840 obiectum
756 2787 821 2840 actu
836 2797 973 2854 praesens
987 2783 1109 2841 errando
1127 2782 1273 2841 existime-

229 2885 304 2931 mus.
322 2869 366 2927 Sic
385 2871 481 2942 pueris
491 2874 520 2929 et
529 2866 720 2926 formidolosis
739 2866 907 2940 intervenit3
924 2867 975 2940 qui
994 2867 1064 2926 dum
1077 2867 1131 2928 soli
1148 2871 1224 2939 sunt,
1241 2882 1273 2925 se
1376 2892 1377 2895 ¹

229 2959 340 3027 spectra
353 2955 449 3012 videre
463 2960 561 3013 rentur
576 2952 738 3026 aliquando.

264 3037 335 3097 ilinc
349 3037 435 3095 etiam
448 3038 606 3111 explicatur
620 3050 672 3094 cur
685 3035 718 3094 in
730 3035 850 3094 somniis
865 3035 988 3108 obiecta,
1005 3051 1079 3110 quae
1092 3036 1173 3095 nulla
1192 3039 1271 3108 sunt,

227 3122 340 3182 adstare
354 3119 437 3182 nobis
461 3121 619 3180 videantur.
643 3120 786 3193 Contingit
798 3119 829 3178 id
844 3135 880 3178 ex
896 3120 1004 3180 acriore
1024 3135 1080 3179 usu
1102 3120 1273 3192 phantasiae

228 3219 300 3280 quae
317 3209 383 3261 tunc
397 3203 457 3260 sola
471 3203 650 3276 dominatur,
667 3209 697 3261 et
710 3219 749 3262 ex
764 3203 890 3262 carentia
904 3203 1020 3262 alterius
1035 3203 1169 3274 termini,
1187 3202 1274 3259 nimi·

228 3303 293 3346 rum
308 3286 487 3360 sensationis,
505 3303 571 3346 oum
581 3302 637 3359 qua
649 3287 852 3360 phantasmata
864 3290 1072 3359 comparantes,
1081 3285 1209 3344 eadema
1223 3299 1274 3343 ue·

227 3387 261 3432 ra
275 3371 383 3432 visione
394 3369 498 3430 obiecti
513 3371 731 3442 dsunguamus.

659 3603 661 3607 ,
725 3538 769 3597 lss.

661 3705 700 3766 De
713 3708 836 3768 som-reo.

263 3882 307 3942 66.
326 3873 463 3950 Quoniam
477 3883 513 3941 de
523 3875 632 3942 somnio
648 3877 724 3938 iacta
733 3879 840 3940 mentio
855 3881 1155 3954 esqeonsentaneum
1164 3875 1222 3935 erit
1234 3877 1273 3936 de

225 3970 288 4040 ipso
303 3966 411 4040 aliquid
425 3966 589 4025 summatim
605 3964 753 4038 attingere.
766 3966 882 4025 Somnia
894 3965 1002 4037 itaque,
1014 3960 1228 4036 quorumregio
1239 3959 1274 4018 in

227 4049 432 4122 imaginatione
442 4049 496 4108 sita
505 4055 558 4120 est,
571 4051 645 4108 statu
660 4050 785 4120 quodam
794 4049 888 4107 medio
903 4051 1035 4108 constant
1048 4047 1124 4108 inter
1134 4057 1271 4104 somnum
