2767 4492
246 299 301 368 272
688 309 853 365 essaenos

246 407 410 469 assentitur.
426 401 553 466 lamvoro
566 417 659 480 poena
674 405 776 478 capitis
790 404 827 462 ab
842 403 1010 465 auctoritate
1024 401 1122 464 sociali
1136 395 1300 480 indigilar3

246 510 280 554 ac
294 494 414 568 proinde
430 491 587 560 absurdum
602 490 672 548 illud
684 490 803 548 minime
818 489 957 563 seqnitur.
975 489 1014 548 lld
1030 490 1152 548 altemm
1166 491 1235 550 dico
1251 506 1303 550 uo

245 587 357 638 centem
372 577 467 654 potios
484 593 514 636 so
531 576 669 650 dignitate
686 589 739 633 sua
753 573 896 648 personali
911 575 1045 648 spoliare,
1063 589 1130 633 cum
1144 590 1178 634 se
1192 575 1245 634 illa
1258 577 1303 635 ia·

245 664 366 738 dignum
380 663 480 722 reddat
495 666 522 721 ot
536 659 742 736 cupiditatibus
756 665 856 718 conma
865 659 1008 718 dictamen
1021 659 1141 719 rationis
1155 660 1302 721 obsecun-

245 749 350 816 dando,
367 765 397 807 sa
412 749 448 806 ad
463 747 601 806 vilitatem
617 742 778 804 belluarum
792 743 918 802 obiiciat.
932 744 985 803 Sed
1001 750 1033 804 ut
1047 744 1117 804 haec
1132 745 1296 818 mittamus,

243 847 317 907 nega
334 849 451 908 prorsus
466 829 606 890 eiusmodi
621 829 815 888 inversionem
829 843 921 902 poena
934 828 1036 902 capitis
1052 829 1203 888 contineri.
1219 832 1295 890 Nam

243 918 293 977 illa
307 933 364 977 non
379 917 457 976 aliud
472 920 609 990 praestat,
625 914 682 972 nisi
700 914 775 988 quod
785 913 874 972 vitam
893 913 1036 972 individui
1050 913 1087 972 ad
1101 915 1235 973 ordinem
1250 917 1296 974 iu·

243 1001 337 1061 stitiae
351 1007 379 1060 ot
393 1001 514 1060 solantem
529 998 674 1074 publicam
689 997 860 1056 servandam
872 996 987 1070 dirigat.
1003 999 1032 1057 id
1047 1013 1114 1057 vero
1128 1015 1188 1058 uon
1204 1007 1251 1059 est
1261 1003 1293 1060 d·

243 1087 354 1146 nemin
369 1085 495 1144 medium
510 1089 687 1155 convertere3
705 1097 773 1140 nam
791 1081 876 1140 bomo
897 1097 999 1141 revera
1019 1097 1071 1157 pro
1086 1081 1144 1142 dne
1158 1085 1293 1144 ordinem

241 1171 380 1232 moralem
395 1170 490 1228 babet.
507 1169 584 1237 Quod
602 1167 627 1226 si
642 1166 819 1226 contrarium
833 1165 990 1239 diceretur,
1003 1167 1085 1226 netas
1095 1168 1206 1227 bomini
1216 1177 1295 1228 esset

244 1271 275 1316 se
290 1271 341 1330 pro
357 1255 551 1314 incolumitate
567 1253 676 1326 patriae
687 1257 737 1310 aut
751 1265 848 1310 amore
858 1251 972 1327 virtutis
981 1252 1130 1324 devovere,
1142 1267 1178 1310 ac
1189 1268 1242 1326 pro
1256 1255 1293 1314 iis

241 1340 428 1415 procurandis
439 1344 488 1397 aut
499 1337 611 1397 tuendis
627 1336 710 1395 bonis
724 1341 845 1395 mortem
855 1341 1019 1396 constanter
1031 1343 1175 1411 oppetere.
1186 1341 1229 1396 lld
1241 1345 1294 1398 ter·

242 1426 314 1484 tium
328 1413 442 1499 repono,
460 1439 496 1482 ex
514 1422 564 1494 iis,
581 1437 655 1496 quae
670 1420 801 1480 concedit
820 1420 1019 1496 adversarius,
1037 1422 1124 1480 linceis
1139 1424 1293 1483 veritatem

240 1511 344 1570 deduci
359 1509 462 1583 potius.
479 1508 548 1566 Nam
565 1507 604 1577 si,
623 1513 654 1564 ut
672 1506 734 1579 ipse
748 1505 876 1578 largitur,
894 1505 940 1564 ias
954 1506 984 1563 in
999 1506 1088 1564 vitam
1104 1506 1293 1567 tribuendum

239 1600 283 1655 est
296 1601 428 1666 naturae,
442 1593 601 1652 auctoritati
613 1591 701 1650 etiam
719 1591 852 1665 politicae
864 1590 1048 1653 tribuendum
1062 1596 1114 1650 est.
1130 1593 1293 1653 Auctoritas

239 1681 316 1740 enim
326 1695 343 1739 a
353 1685 456 1738 natura
468 1677 669 1752 proticiscitar3
682 1691 717 1734 ac
726 1676 846 1750 proinde
856 1683 985 1734 enatura
994 1677 1293 1750 proficiscunturiura

239 1767 352 1836 omnia,
369 1779 442 1838 quae
453 1761 628 1821 auctoritatis
642 1761 972 1834 essentiacontinentar3
990 1761 1293 1834 quecquidemutde

238 1847 385 1920 liniantur,
403 1846 627 1905 considerandus
642 1852 685 1904 est
699 1846 813 1904 linisad
827 1861 915 1919 quem
925 1845 1017 1904 civilis
1027 1846 1181 1906 auctoritas
1196 1862 1294 1919 perse

236 1938 354 2006 spectat.
370 1931 407 1990 lis
418 1937 514 1989 autem
531 1930 639 1988 includi
650 1930 695 1988 ius
706 1925 862 1989 adbibendi
874 1945 996 2004 poenam
1010 1930 1120 2004 capitis,
1133 1946 1202 1988 cum
1215 1932 1292 1990 ordo

237 2023 265 2075 et
279 2016 357 2074 salus
373 2015 487 2090 publica
501 2013 581 2072 illam
596 2014 733 2088 postulat,
751 2015 810 2073 iam
824 2031 912 2089 supra
924 2016 1194 2075 demonstravimus.

272 2101 396 2158 Tandem
412 2099 527 2158 obiiciet
543 2100 662 2158 tortasse
675 2100 820 2173 quispiam
831 2115 950 2174 scopum
962 2115 1069 2175 poenae
1079 2101 1292 2160 csscemenda·

237 2188 342 2247 tionem
353 2187 406 2259 rei,
423 2187 451 2244 id
463 2193 558 2246 anatem
574 2201 708 2261 supremo
726 2185 865 2261 supplicio
880 2188 1047 2260 neutiquam
1062 2186 1194 2246 obtineri.

270 2267 303 2330 lt
317 2271 342 2330 is
356 2271 405 2346 qui
416 2272 469 2330 boc
481 2273 598 2346 oggerit,
616 2272 780 2330 meminerit
794 2287 902 2345 quaeso
911 2287 968 2330 non
979 2272 1057 2330 hunc
1071 2277 1181 2330 tantam
1194 2273 1288 2332 linem
1360 2294 1361 2305 ¹

234 2371 342 2432 poenae
357 2357 506 2431 praestitui
528 2363 559 2415 ut
584 2373 651 2416 reue
666 2356 845 2427 emendetur,
862 2357 910 2414 sed
929 2357 1017 2415 etiam
1031 2356 1199 2416 obviolatae
1212 2361 1288 2416 ordo

233 2449 424 2516 restauretur,
446 2451 475 2501 ot
496 2441 660 2516 exemplum
685 2441 787 2500 ceteris
812 2448 949 2500 terrorem
973 2441 1114 2500 incutiens
1136 2441 1288 2501 offeratur.

236 2524 325 2594 immo
340 2525 363 2583 si
379 2540 440 2583 rem
450 2525 614 2598 diligentius
624 2525 846 2596 consideremus,
864 2523 1048 2582 individualis
1063 2524 1289 2585 emendationu-

237 2611 327 2668 eentis
341 2610 371 2668 in
387 2625 478 2684 paona
493 2609 591 2668 sodali
607 2608 721 2666 nonnisi
737 2607 804 2666 linis
818 2613 862 2666 est
876 2607 1076 2680 secundarium
1093 2624 1151 2666 non
1165 2609 1288 2682 quidem

235 2693 434 2767 negligendas,
452 2699 480 2752 at
494 2709 551 2752 non
566 2693 606 2752 ita
621 2707 735 2766 semper
747 2694 952 2766 procurandas,
968 2698 1001 2752 ut
1014 2693 1213 2768 praestantiori
1223 2709 1288 2754 sco

233 2791 270 2850 po
284 2777 437 2836 obtinendo
457 2783 657 2851 anteponatur.
681 2777 714 2836 Et
729 2792 798 2835 sane
818 2778 885 2838 linis
901 2793 1008 2851 poenae
1023 2793 1041 2836 a
1056 2779 1127 2851 liae,
1144 2778 1181 2836 ad
1196 2793 1288 2852 quem

124 2915 127 2920 ,
233 2867 342 2934 spectat
356 2863 525 2934 auctoritas,
543 2877 630 2936 aqua
644 2861 792 2935 infligitur,
808 2863 992 2921 deducendus
1012 2869 1065 2921 est.
1088 2863 1117 2921 Si
1128 2863 1218 2936 igitur
1230 2879 1286 2922 aa·

233 2946 347 3006 ctoritas
361 2947 473 3021 privata
490 2951 542 3013 cst,
560 2962 634 3020 quae
649 2947 760 3010 bonum
774 2947 916 3006 individui
931 2953 1043 3009 tontum
1057 2954 1167 3022 spectat
1177 2947 1286 3021 (utac-

233 3030 301 3090 cidit
318 3032 349 3090 in
365 3032 532 3090 auctoritate
546 3037 674 3105 paterna,
692 3032 820 3106 praecise
842 3039 1030 3106 quapalema
1040 3039 1084 3091 est
1099 3038 1128 3091 et
1140 3032 1175 3090 ad
1191 3031 1286 3091 salam
1357 3086 1358 3095 ,

232 3115 432 3174 educationem
451 3116 538 3190 prolis
559 3117 722 3191 ordinata),
745 3133 863 3191 paenae,
879 3133 953 3190 qnae
975 3117 1012 3176 ab
1026 3117 1077 3176 illa
1096 3116 1282 3190 infliguntur,

231 3201 347 3259 nonnisi
358 3201 589 3260 emendationem
604 3201 796 3275 delinquentis
810 3201 981 3275 respiciant,
999 3208 1146 3275 umquam
1161 3216 1283 3274 scopam

230 3285 426 3358 praecipuum.
443 3287 476 3344 tlt
493 3285 667 3345 contrarium
686 3286 791 3345 accidit
810 3287 971 3345 auctoritati
986 3287 1131 3361 publicae,
1147 3301 1223 3359 quae
1241 3286 1284 3344 di·
1357 3290 1358 3295 ’

229 3375 306 3428 recte
325 3370 355 3428 in
372 3370 478 3429 bonnm
499 3385 652 3429 commune
670 3371 753 3430 totius
769 3372 914 3431 societatis
929 3371 1080 3430 incumbit.
1096 3372 1217 3429 Haecin
1233 3387 1283 3429 sa-

227 3453 341 3512 mendis
356 3457 456 3529 poenis
471 3455 649 3528 potissimum
665 3461 774 3529 spectat
787 3457 948 3515 custodiam
958 3455 1069 3515 ordinis
1081 3457 1283 3514 incommuni-

133 3577 138 3586 -
231 3544 287 3598 tato
306 3541 515 3614 procurandam
530 3546 559 3599 el
573 3541 750 3615 reipublicae
764 3540 971 3600 delensioaem.
989 3541 1068 3601 Unde
1086 3540 1284 3615 quotiescum
1356 3608 1357 3615 χ

231 3621 285 3681 boc
294 3623 368 3684 bono
380 3625 486 3684 bouum
498 3625 638 3684 individui
649 3641 708 3684 non
718 3626 958 3702 iunocentisllroc
968 3627 1047 3686 enim
1057 3627 1183 3686 adimere
1192 3624 1284 3684 etiam

230 3706 336 3766 intuitu
346 3709 413 3769 boni
429 3711 589 3770 communis
605 3710 745 3770 iniustam
759 3718 787 3770 et
802 3717 885 3786 turpe
898 3711 956 3785 est)
966 3712 1017 3770 sed
1026 3710 1179 3785 perduellis
1193 3715 1284 3768 eloe·

230 3805 317 3862 qrram
336 3795 481 3852 conciliari
499 3795 615 3869 nequit;
636 3795 743 3869 optime
764 3803 857 3870 potest
869 3797 959 3856 immo
979 3795 1064 3855 debet
1082 3796 1136 3855 boc
1155 3799 1284 3868 praeter·

230 3872 305 3944 mitti
320 3877 437 3936 utillud
451 3884 587 3939 servetur.
605 3879 783 3952 Quamquam
793 3881 863 3941 illud
872 3880 959 3945 etiam
968 3895 1070 3942 vorum
1078 3887 1130 3954 est,
1142 3880 1173 3940 in
1186 3893 1285 3955 poena
