2767 4492
592 334 721 404 addtodd
1065 419 1067 427 ,
1142 318 1180 414 bi

135 450 181 506 'res
197 433 302 520 qulbus
317 443 560 520 strpsrstruuntur.
577 429 767 500 Nihilominus
781 440 813 499 ut
829 433 936 518 aliquid
949 435 1085 522 lnuuam,
1102 437 1179 522 quod

132 528 259 606 pressius
273 534 435 589 commento
450 517 500 587 illa
515 527 648 600 attingat3
666 529 743 584 certe
757 541 858 585 seusam
869 540 902 586 ae
911 531 1067 604 generatim
1079 540 1178 594 omnes

134 613 284 673 facultates
298 613 450 687 organicae
465 623 518 670 neo
542 609 681 670 iudicium
705 622 760 668 neo
773 609 1018 673 ratiocinationem
1042 626 1178 679 exercere

133 713 187 758 neo
202 699 281 757 ideas
291 696 439 777 generales
450 695 555 756 babere
567 690 693 770 possunt.
708 693 817 754 illenim
827 693 857 752 in
867 703 1105 770 repraesentando
1114 715 1177 778 pas-

132 783 238 842 sirese
254 782 374 856 babeut3
392 783 496 856 quippe
511 796 584 854 quae
600 795 617 837 a
631 779 844 842 conditionibus
859 779 990 854 subiecti,
1007 797 1024 840 a
1038 799 1094 858 quo
1110 801 1178 860 pon·

133 864 219 940 dent,
238 880 338 926 vacare
353 869 513 941 nequeunt,
530 860 761 938 aipistaulem,
779 864 918 937 quantum
933 860 969 922 ab
984 865 1130 928 individuo
1149 879 1178 931 et

131 951 275 1011 materiali
289 949 400 1010 obiecto
414 951 574 1022 moventur,
591 947 698 1007 reterre
713 947 817 1006 valent.
834 945 867 1006 tt
881 947 958 1008 notio
973 948 1042 1009 boni
1053 951 1097 1010 ael
1107 953 1177 1014 mali

131 1035 248 1096 moralis
259 1035 365 1095 iudicia
379 1039 407 1093 et
423 1046 507 1108 saepe
522 1033 761 1105 ratiocinationes,
779 1048 947 1113 semperque
961 1035 1040 1094 ideas
1061 1049 1176 1110 genera·

131 1119 378 1195 lesampleotitur3
397 1115 648 1192 siquidemnatura
658 1133 711 1174 sua
721 1117 858 1177 intuitum
867 1119 1013 1179 relationis
1024 1121 1175 1181 cuiusdam

132 1203 262 1264 includit.
279 1206 351 1278 Ergo
362 1205 397 1262 ad
408 1203 537 1262 altiorem
549 1201 714 1260 facultatem
724 1203 857 1276 pertinet,
874 1212 960 1278 quam
971 1205 1007 1263 sit
1017 1221 1118 1264 seusus
1129 1215 1178 1268 adt

131 1289 175 1348 als
189 1289 404 1362 qualiscumque
425 1289 569 1362 organica.
587 1287 734 1346 Praeterea
748 1285 907 1361 oblectatio,
922 1295 1008 1363 quam
1022 1289 1175 1349 honestum

131 1377 160 1432 et
174 1369 309 1431 decorum
325 1371 407 1431 uobis
422 1372 601 1444 ingenerant,
614 1367 780 1446 horrorque,
793 1384 878 1445 quem
888 1371 1008 1446 inspirat
1021 1373 1174 1449 turpitudo,

131 1455 209 1514 haud
230 1457 332 1515 erescit
346 1470 399 1515 neo
413 1455 555 1514 minuitur
569 1455 652 1514 iuxta
672 1454 812 1514 malorem
833 1455 1010 1516 minoremve
1031 1458 1177 1531 perlectio-

134 1553 202 1598 nem
218 1539 414 1600 sensibilitatis
435 1544 548 1599 nostrae
563 1545 612 1598 aut
634 1555 684 1614 pro
696 1539 892 1614 ‘exquisitiore
908 1546 1129 1616 temperamento
1145 1536 1177 1602 ll·

131 1625 281 1684 britlnrum
296 1627 431 1702 eorporis.
448 1625 537 1684 immo
552 1641 637 1698 saepe
647 1625 793 1683 inversum
808 1625 902 1699 potius
921 1625 1061 1684 rationem
1084 1628 1178 1701 sequi-

133 1715 189 1783 tur,
207 1711 493 1784 accommodaturqus
511 1709 603 1782 magis
619 1708 747 1768 culturae
762 1709 852 1768 animi
865 1714 951 1783 atque
966 1708 1120 1769 evolutioni
1134 1712 1177 1770 in-

132 1795 313 1869 telligentiae.
331 1795 402 1868 Ergo
417 1793 546 1870 incultas,
564 1807 650 1868 quem
663 1793 790 1869 respicit,
807 1808 866 1852 non
881 1792 956 1852 iuter
969 1793 1118 1854 sensibiles
1127 1792 1177 1854 eut

130 1879 290 1953 generatim
300 1880 450 1956 organicas
460 1879 537 1938 vires
552 1878 702 1952 reperitur,
715 1878 765 1936 sed
776 1877 813 1936 ad
827 1877 1004 1953 superiorem
1013 1879 1103 1938 animi
1112 1895 1176 1956 par-

131 1969 198 2039 tem,
215 1978 289 2041 quae
304 1966 456 2040 spirituum
471 1965 585 2040 propria
600 1965 645 2037 sit,
662 1965 795 2024 retertur.

165 2049 264 2110 Fateor
277 2049 410 2124 equidem
424 2065 462 2109 ex
477 2049 677 2108 constitutione
691 2049 819 2123 eorporis
833 2052 861 2108 et
871 2050 1008 2123 temperie
1023 2066 1176 2111 nemorum

131 2133 206 2194 ellici
221 2138 253 2192 ut
268 2133 442 2192 sensibilitas
457 2133 576 2208 (quippe
591 2148 664 2207 quae
679 2133 795 2206 organis
808 2134 914 2209 utitur)
929 2130 965 2193 ad
980 2135 1105 2195 actiones
1125 2137 1175 2196 ali·

131 2231 202 2294 quas
216 2223 245 2276 et
259 2217 370 2276 obieeta
384 2215 582 2276 uehementius
596 2217 642 2274 sel
656 2216 804 2276 remissius
819 2217 970 2294 incitetur3
990 2224 1074 2295 atque
1097 2220 1176 2280 exin·

131 2301 166 2360 do
185 2301 264 2380 nasot
280 2303 403 2376 (propter
417 2296 536 2360 humani
551 2301 700 2376 compositi
716 2301 864 2375 unitatem)
876 2304 1056 2364 utiudioium
1070 2305 1175 2366 mentis

131 2400 216 2460 saepe
230 2385 427 2462 perturbetur,
443 2399 476 2445 ac
490 2383 621 2446 voluntas
639 2385 750 2446 lortitm
765 2382 916 2448 alliciatur.
937 2389 1041 2448 Veram
1056 2389 1085 2450 id
1102 2389 1176 2452 nibil

132 2577 141 2601 ι
160 2557 262 2624 nologue,
278 2559 297 2606 sl
311 2557 334 2606 la
348 2557 411 2606 bosso
427 2559 460 2624 s’y
476 2561 550 2606 tronea
565 2557 586 2606 le
602 2557 671 2606 talant
686 2559 763 2622 existe,
782 2559 904 2608 seulement
918 2556 935 2607 il
949 2559 1006 2608 n’est
1021 2577 1059 2624 pse
1074 2558 1178 2625 develop-

131 2649 140 2676 s
159 2637 205 2698 μῦς
223 2635 278 2682 mais
297 2634 354 2682 soils
369 2651 399 2681 un
416 2635 486 2698 mand
506 2639 632 2700 glomitr03
650 2650 681 2682 un
698 2633 766 2697 pand
783 2637 889 2682 mesieien
910 2637 947 2698 qui
968 2635 1040 2682 u’oat
1060 2645 1099 2698 pes
1116 2643 1177 2684 rotas

129 2729 139 2751 s
159 2709 236 2774 bosse3
253 2711 275 2757 n’
285 2711 386 2774 imperta,
403 2711 486 2775 siponti
503 2709 524 2758 le
540 2713 639 2774 assisina,
658 2709 746 2775 osoyesl
763 2703 818 2758 tisis
836 2709 910 2773 quand
926 2709 942 2756 il
956 2725 970 2774 p
985 2710 1055 2756 sunit
1069 2713 1174 2775 toujoars,

130 2801 139 2828 s
158 2785 252 2848 tapsensl
267 2787 289 2834 le
303 2789 427 2850 saeptique,
444 2783 494 2834 tells
510 2787 668 2834 oonlormation
684 2785 762 2832 reunia
778 2797 830 2832 seeo
848 2785 899 2831 teile
916 2785 1033 2848 aptitudo,
1050 2783 1067 2831 il
1080 2785 1177 2834 tesseris

131 2877 140 2904 s
158 2875 237 2906 encore
250 2875 344 2922 pronsas
358 2875 400 2923 que
417 2875 441 2907 ee
456 2862 478 2908 ss’
491 2869 523 2908 est
538 2877 577 2924 pas
593 2861 637 2908 isne
654 2861 733 2922 simple
748 2859 888 2905 eoiueislenoe
902 2865 924 2906 st
937 2874 980 2921 qne
993 2861 1015 2906 ts
1028 2859 1097 2907 taient
1109 2861 1132 2907 d'
1143 2877 1174 2910 ssu

131 2953 141 2976 ι
159 2935 246 2980 homme
261 2936 316 2980 tient
330 2935 457 2982 risiloment
471 2939 483 2980 b
498 2935 519 2981 ls
534 2935 602 2982 torma
617 2934 644 2981 tle
659 2949 699 2980 son
714 2940 788 2980 asne.
804 2935 892 2998 Crepsa,
910 2949 964 2981 reas
978 2935 1051 2998 elisis,
1063 2937 1146 2999 ripaei
1155 2937 1177 2986 ls

130 3030 140 3053 ι
159 3009 318 3072 plrrdoologue3
330 3015 352 3056 et
366 3009 396 3055 les
413 3011 492 3071 asprits
506 3009 544 3072 qni
559 3008 688 3056 aoeueillent
703 3024 754 3055 areo
770 3017 939 3072 empresssment
948 3012 969 3058 le
979 3028 1048 3074 sapae
1057 3020 1079 3060 et
1088 3013 1110 3061 le
1119 3029 1176 3062 mea·

132 3103 141 3127 s
160 3083 253 3132 seilisas
268 3082 364 3131 croient!
382 3083 411 3129 lla
429 3089 469 3130 ont
482 3083 564 3146 raison,
581 3083 805 3148 ositremont,
821 3091 843 3132 et
856 3087 878 3135 le
894 3088 961 3135 veriti
976 3105 1004 3136 ne
1018 3089 1065 3136 leue
1080 3091 1176 3154 inspire-

131 3178 140 3202 s
159 3159 202 3205 ruit
220 3175 263 3222 qno
283 3155 309 3206 sle
328 3155 344 3206 l’
356 3157 433 3205 enuui.
453 3179 461 3202 s
479 3157 561 3208 erasse
576 3161 673 3208 edissem
687 3161 715 3208 de
726 3163 831 3223 ptpstot.
849 3165 883 3212 De
898 3165 923 3212 lo
938 3167 1047 3214 arimolrs
1062 3181 1113 3232 pag.
1130 3167 1177 3214 224

128 3232 152 3282 in
170 3239 229 3281 nota.

173 3307 248 3366 Queat
264 3312 382 3358 sanitatem
401 3309 466 3358 haias
483 3313 606 3376 systematis
623 3313 665 3375 legi
684 3314 749 3360 etism
767 3319 860 3376 possunt
874 3316 955 3361 Ciatss
971 3317 1062 3377 Exposl
1078 3321 1100 3364 et
1117 3332 1176 3366 seo-

127 3400 180 3436 sssess
195 3389 296 3448 critique
312 3377 345 3435 das
359 3393 454 3449 systema
467 3391 650 3451 ptsrtoolopipsse
658 3408 667 3447 ,·
681 3391 803 3438 Toarcssoe
817 3393 848 3438 te
864 3393 1032 3441 motntotiorse
1043 3397 1065 3441 st
1076 3395 1099 3441 lo
1108 3395 1176 3455 pissi-

126 3467 218 3525 ssatops's
239 3465 365 3512 mmbsttass
381 3467 440 3514 dasss
456 3467 510 3514 teas·
530 3469 689 3528 [medemesstsr
706 3474 728 3513 et
743 3467 864 3514 Dssasttstt
879 3463 976 3516 sesses
992 3467 1060 3516 sl¹ssss
1080 3475 1177 3529 eropssu

127 3543 265 3602 Cotboltpoe
279 3545 320 3588 ete.
339 3545 380 3587 srt.
398 3540 561 3602 l'brtoolopie.
578 3541 620 3598 Qdi
642 3557 717 3589 omnes
739 3543 875 3590 unanimiter
897 3548 991 3606 systema
1010 3543 1051 3592 leae
1068 3548 1177 3606 tamquam

126 3619 213 3663 verimi
229 3623 251 3664 et
265 3617 342 3665 morali
357 3619 491 3665 eoutrmium
512 3618 635 3682 damnent,
655 3619 772 3682 ipsumque
787 3620 820 3666 sio
834 3619 992 3683 jebsenomenis
1008 3620 1176 3685 physiologlss,

127 3693 277 3754 spiritualitati
289 3709 313 3740 ee
324 3693 420 3742 libertati
431 3695 499 3742 aniani
515 3695 605 3742 bomani
619 3695 722 3743 reluctari
739 3697 811 3758 siunt,
826 3702 852 3742 ut
867 3710 911 3743 sos
928 3696 1002 3743 suiuus
1017 3693 1097 3743 laisum
1111 3710 1177 3759 qnam

127 3766 240 3816 immorata
257 3769 381 3818 habendam
399 3787 446 3818 asse
464 3771 592 3834 declarent,
609 3778 631 3820 st
649 3763 712 3820 euius
730 3772 832 3820 edendo
854 3787 898 3820 non
919 3772 994 3822 urinas
1008 3772 1036 3820 sd
1050 3772 1178 3838 religionem

128 3857 194 3906 qnam
208 3842 236 3889 sd
250 3845 364 3895 seientiam
378 3847 473 3901 intorsit.
