2767 4492
218 249 254 312 3⁰
675 263 805 327 noercra

214 353 287 423 tura,
303 353 335 409 ut
348 350 379 410 in
394 352 525 426 exemplo
539 365 631 427 nuper
646 351 739 412 altato:
758 353 842 412 leaeo
857 361 897 412 eet
910 367 980 426 eoa·
994 352 1040 414 rel
1056 355 1217 418 secundum
1230 358 1261 420 id

212 435 288 508 quod
303 435 389 494 habet
403 436 439 494 al)
454 445 526 510 orte,
544 442 575 495 ut
589 437 613 496 si
628 437 722 498 dicas:
740 440 826 496 imeae
836 447 876 498 ert
891 455 997 498 oetaeo
1010 441 1113 500 tertiae
1133 441 1260 506 declino-

216 519 313 577 tlonie.
329 519 459 579 Vicissim
474 523 619 599 usurpatio
636 523 764 582 formalis
774 540 836 583 esse
847 530 937 598 potest
951 526 996 584 vel
1008 527 1122 601 propria
1135 529 1182 586 vei
1199 545 1261 590 mc-

215 604 369 680 laplrorica,
388 610 527 680 quatenus
546 613 717 682 usurpantur
733 609 846 668 termini
863 610 892 668 in
908 609 1117 684 significatione
1131 618 1181 671 aui
1195 629 1260 688 pro·

215 689 278 766 pria
293 696 340 747 aut
354 689 455 749 aliena.
473 691 640 766 Exemplum
654 691 741 768 primi
755 695 868 767 generis
884 696 953 753 erit:
970 695 1125 772 Philippus
1135 698 1195 772 [uit
1208 715 1262 774 pa

215 789 283 832 reos
298 775 478 850 directuri,-
493 777 655 852 exemplum
670 793 737 838 vcro
745 779 922 852 posterioris:
939 779 1070 840 Socrates
1079 783 1139 855 luit
1146 799 1256 858 pereae

215 859 425 935 philosophiae.
629 861 631 868 ’
1251 858 1254 866 ’

252 943 357 1004 Deinde
378 945 467 1006 dividi
488 951 579 1021 potest
593 947 623 1005 in
638 948 748 1006 reatae
762 953 790 1007 et
804 950 938 1023 ιοριεαιιε.
961 951 1068 1010 Harum
1082 951 1160 1026 prior
1176 952 1260 1011 habe

105 1046 106 1053 ¹
217 1034 271 1104 tur,
287 1045 352 1100 cum
365 1031 492 1090 terminis
504 1033 609 1091 utimur
623 1033 659 1091 ad
674 1034 893 1108 significandum
908 1035 1017 1110 aliquid
1033 1037 1192 1096 secundum
1202 1053 1261 1096 mo

214 1113 283 1184 dum
294 1114 402 1173 realem
413 1109 563 1191 eristendi,
576 1123 607 1175 ut
617 1117 640 1176 si
652 1119 730 1178 dicas
743 1137 749 1176 :
768 1117 853 1177 ltomo
864 1127 903 1178 ert
915 1120 997 1192 liber;
1015 1120 1104 1180 altera
1116 1137 1183 1180 vcro
1194 1138 1261 1182 cum

217 1199 323 1274 aliquid
338 1195 531 1274 significamus
546 1203 705 1262 secundum
720 1203 836 1264 modum
851 1205 991 1264 existendi
1006 1202 1172 1281 mentalem,
1189 1212 1221 1267 ut
1235 1207 1260 1283 si

216 1285 312 1344 dicas:
331 1283 415 1344 hemo
431 1296 470 1346 est
483 1287 594 1362 species.
619 1287 706 1347 Homo
721 1289 800 1348 enim
818 1291 920 1365 speciei
934 1289 1079 1350 notionem
1093 1290 1187 1352 induit
1200 1309 1252 1368 per

215 1371 319 1431 mentis
335 1373 599 1434 considerationem.

250 1453 340 1517 Tertio
354 1457 442 1518 dividi
457 1463 547 1532 potest
557 1460 586 1518 in
596 1462 812 1536 particularem
828 1466 855 1523 et
870 1478 1065 1522 commanent.
1080 1461 1261 1534 rardcntaris

213 1547 256 1603 est
276 1544 401 1618 acceptio
422 1544 534 1602 termini
554 1547 717 1620 proaliquo
736 1547 782 1606 rei
803 1547 945 1621 aliquibus
967 1547 1164 1622 singularibus
1188 1561 1262 1622 quae

212 1629 423 1704 complectitur,
442 1635 473 1688 ul
487 1629 613 1704 quidum
628 1630 758 1689 immines
771 1640 842 1690 suut
855 1634 1018 1708 sepientee;
1040 1632 1201 1692 communis
1218 1636 1263 1692 est

214 1716 339 1790 acceptio
353 1715 468 1774 termini
483 1731 533 1788 pro
544 1715 677 1775 omuibus
688 1717 871 1776 interioribus
883 1734 956 1792 quae
969 1718 1104 1791 continet
1122 1723 1154 1776 ιιι
1164 1733 1263 1776 omnes

213 1794 344 1858 homines
358 1807 427 1858 suut
443 1799 556 1857 ratione
565 1799 704 1874 praediti.
717 1803 805 1877 dique
817 1803 863 1861 iric
875 1802 1033 1862 videndum
1043 1810 1086 1862 est
1095 1807 1191 1861 utrum
1207 1817 1263 1860 uox

212 1885 308 1942 omnir
327 1883 517 1960 particularia,
535 1900 607 1958 quae
625 1886 745 1943 termino
761 1887 908 1947 communi
923 1887 1126 1961 continentur,
1149 1890 1263 1944 revocet

213 1968 361 2042 collectim,
382 1973 413 2026 ut
428 1967 452 2026 si
467 1968 564 2026 dicas:
585 1985 684 2027 curaer
699 1969 835 2044 planetae
850 1980 921 2030 suat
937 1971 1005 2047 plue
1015 1979 1140 2045 septent;
1156 1978 1205 2029 aut
1220 1969 1263 2028 di·

213 2053 311 2126 elsim,
327 2059 359 2111 ut
372 2054 396 2114 si
411 2053 505 2114 dicas:
522 2069 620 2113 omnes
633 2055 769 2130 planetae
788 2056 1041 2116 mouenturcireo
1058 2055 1167 2130 εοιειιι,
1185 2053 1260 2130 quod

215 2138 250 2197 dc
266 2137 384 2212 singulis
399 2155 526 2198 seorsum
541 2156 639 2198 verum
655 2147 706 2200 est.
723 2141 754 2199 in
768 2141 857 2216 priori
873 2157 942 2200 casu
958 2141 1103 2215 usurpatio
1118 2140 1260 2218 signitica-

216 2223 301 2282 tionis
314 2224 408 2284 vocari
424 2230 513 2298 potest
526 2224 680 2298 collective,
695 2225 726 2284 in
741 2226 828 2284 altero
844 2225 1044 2284 distribution.
1099 2247 1102 2252 ·

251 2309 324 2368 Haec
339 2325 396 2370 non
411 2309 502 2370 futilia
517 2305 692 2370 aestimanda
708 2317 783 2384 sunt,
800 2311 850 2370 sed
865 2327 931 2369 eum
946 2311 1258 2371 utilitateconsidcran·

217 2399 262 2453 tur
275 2394 310 2452 ad
325 2394 529 2468 sophistarum,
547 2394 596 2470 qui
611 2411 759 2470 nunqnam
774 2396 895 2468 desunt,
913 2395 1093 2469 deceptiones
1108 2395 1257 2456 carendae.

215 2479 414 2539 Variataenim
425 2479 454 2538 in
465 2480 612 2540 ratiocinio
622 2480 806 2556 usurpatione
816 2480 1041 2554 significationis,
1059 2487 1260 2554 argumentum

216 2563 303 2622 fallax
317 2565 411 2624 evadit
424 2580 458 2624 ac
472 2565 609 2639 pluribus,
627 2581 714 2640 quiam
729 2566 828 2638 tribus,
846 2574 979 2626 constans
995 2565 1135 2625 terminis.

620 2737 790 2796 dnrrcunus
809 2737 853 2796 lv.

518 2905 556 2970 De
569 2907 740 2984 difinitione
758 2917 784 2968 ct
801 2904 958 2969 aroanna.

156 3105 158 3110 ·
253 3081 296 3142 td.
316 3079 395 3142 ilatio
409 3080 557 3158 potissima
578 3097 735 3156 quomens
756 3082 861 3155 utitur,
882 3079 969 3140 veluti
991 3079 1200 3151 instrumento,
1221 3074 1258 3136 ad

215 3183 312 3226 rerum
326 3169 404 3227 ideas
420 3169 520 3240 claras,
538 3171 566 3224 et
580 3166 672 3239 quoad
688 3172 787 3240 potest,
804 3166 995 3225 distinctiores
1009 3163 1193 3236 efficiendas,
1214 3163 1260 3221 de-

217 3252 343 3312 iinitione
358 3261 387 3312 ει
401 3253 539 3311 divisione
554 3251 723 3309 continetur.
748 3251 910 3310 cumcuim
928 3250 1080 3308 definimus
1094 3255 1144 3308 aut
1157 3247 1260 3306 dividi-

217 3352 293 3410 mus‚
312 3338 403 3396 aciem
418 3338 658 3410 attentionemque
674 3334 778 3394 mentis
794 3337 829 3393 ad
844 3342 925 3394 notas
940 3335 981 3393 rei
996 3334 1183 3409 simpliciores
1197 3348 1261 3407 par·

220 3425 326 3496 tesqua,
342 3422 417 3480 unde
431 3422 480 3482 iiia
494 3421 634 3492 coalescit,
651 3421 758 3480 sensim
772 3420 963 3492 conterimu53
985 3435 1019 3478 ex
1031 3436 1086 3493 quo
1095 3418 1188 3478 omnis
1198 3433 1261 3491 pcr-

218 3507 353 3581 spicuitas
369 3511 398 3566 et
411 3506 553 3566 distinctio
568 3507 697 3564 idearum
706 3505 835 3579 emergit.
848 3505 1022 3563 Permultum
1033 3505 1121 3578 igitur
1131 3504 1258 3574 interest,

218 3591 388 3650 utbreviter
403 3591 526 3666 quidem,
544 3592 594 3650 sed
609 3598 748 3666 quantum
762 3590 830 3648 satis
844 3597 895 3663 cst,
913 3590 948 3648 de
963 3589 1009 3648 his
1024 3590 1200 3664 eloquamur.

254 3677 384 3738 Definitio
404 3679 460 3738 dici
477 3684 568 3753 potest
584 3693 650 3736 cum
672 3676 779 3735 Tullio:
802 3677 897 3735 oratio
914 3692 991 3752 quoe
1007 3673 1049 3748 td,
1066 3673 1145 3750 quod
1159 3673 1261 3748 defici·
1312 3707 1320 3723 ι

221 3771 282 3839 tur,
299 3764 422 3840 aeplieet
436 3763 510 3841 quid
523 3763 564 3824 sit
578 3765 589 3812 t
605 3783 612 3838 ;
632 3778 692 3837 seu,
711 3761 786 3838 quod
803 3762 880 3824 idem
895 3769 994 3824 sonat:
1015 3759 1116 3820 obtecti
1126 3805 1134 3834 ,
1145 3758 1187 3820 de
1202 3773 1261 3836 qao

265 3947 277 3997 l
297 3949 351 4016 Tap.
369 3965 389 4000 c.
406 3947 448 3999 2⁶.
