2767 4492
498 317 554 370 sart
568 319 751 370 ostunensis
1099 305 1150 384 loe
1185 333 1188 344 ·

104 424 199 471 aarum
213 404 367 486 generibus
383 412 447 484 apte
462 408 657 482 distinguitur.
668 409 738 468 llam
753 421 819 467 cum
833 406 949 466 dicitur:
968 406 1079 467 octiens
1092 423 1151 470 stre

106 496 181 556 sealt
194 503 220 554 et
228 495 361 572 physico,
374 493 541 553 secernitur
554 510 572 552 a
586 493 676 566 finali,
689 507 763 567 quac
773 508 831 551 non
840 491 958 568 physice
971 491 1002 551 in
1017 492 1150 553 effectum

2 580 4 597 ²
107 586 247 655 operatur,
259 580 309 640 scd
323 578 500 639 efficientem
515 577 705 637 bonitatesua
715 577 810 650 allicit,
823 577 923 651 suique
937 577 1042 636 amoris
1054 576 1151 652 appul-

109 681 141 724 su
154 666 189 724 ad
202 664 335 724 ellectum
351 663 529 724 moliendum
543 661 674 721 inclinat.
691 661 841 722 domuere
855 661 1031 736 adiungitur:
1042 677 1151 721 nouam

106 749 238 824 producit
253 749 448 822 ammutium,
468 756 617 822 separatur
636 746 808 806 amaleriali
822 752 851 804 et
863 747 989 821 formali,
1006 763 1079 822 quae
1093 763 1151 807 unu

108 834 211 909 aliquid
224 850 243 893 a
256 849 288 893 se
302 834 450 893 diversum
464 833 597 907 gignunt,
615 831 666 891 sed
678 831 757 905 ipsae
772 830 903 890 allectum
917 831 1070 912 intrinsece
1084 847 1151 891 con·

108 918 234 978 stituunt.
250 919 296 978 Sic
310 924 403 977 statua
412 934 459 977 ex.
470 933 513 992 gr.
525 933 567 976 ex
580 916 701 976 materia
715 915 865 976 marmoris
880 921 908 976 ct
922 917 1074 976 artificiosa
1083 932 1146 992 par·

108 1002 178 1062 tium
192 1008 336 1062 structura
349 1002 499 1063 condatur.

142 1089 188 1148 57.
204 1089 350 1149 Notionem
371 1088 457 1147 etiam
478 1102 584 1147 censae
604 1087 740 1161 pervertit
759 1087 880 1147 ankius
898 1103 978 1148 more
998 1104 1060 1149 suo.
1082 1087 1152 1148 Eam

107 1172 229 1232 enimin
243 1172 302 1232 soln
311 1173 511 1248 praecedentia
524 1173 611 1232 unius
625 1173 816 1246 phaenomeui
831 1179 961 1247 respectu
975 1174 1090 1234 alterius
1103 1189 1152 1248 po-

108 1258 167 1331 nit;
184 1259 251 1332 quia
264 1259 339 1318 hano
355 1259 552 1318 tantummodo
567 1256 711 1330 attingunt
725 1272 825 1316 sensns
840 1259 865 1314 t.
882 1258 945 1337 Seu,
964 1259 1027 1317 aliis
1043 1258 1148 1333 verbis,

108 1344 252 1402 notionem
266 1359 370 1402 causae
383 1358 501 1418 prorsus
516 1342 661 1414 eliminat3
678 1349 841 1415 quaerente
856 1358 913 1402 non
928 1343 958 1400 in
973 1344 1150 1403 successione
1172 1349 1180 1364 '

109 1429 158 1486 sed
172 1428 204 1486 in
217 1429 406 1501 dependentia
420 1426 562 1499 consistit,
578 1441 629 1500 per
643 1440 730 1498 quam
743 1427 783 1501 id,
795 1427 869 1501 quod
885 1442 942 1486 non
957 1433 1026 1500 crat,
1044 1427 1072 1486 ri
1086 1427 1153 1486 alte·

108 1513 169 1572 rius
183 1526 244 1570 esse
253 1511 382 1585 incipiat.

145 1597 280 1657 loekium
301 1601 437 1670 sequutus
452 1601 496 1656 est
509 1598 602 1668 Hnme
621 1601 657 1659 ud
672 1598 844 1672 scepticismi
862 1597 1014 1672 caliginem
1029 1596 1155 1657 scientiis
1250 1595 1256 1608 ’

111 1682 319 1742 effundendam.
336 1682 486 1743 lockianis
501 1683 578 1742 enim
592 1685 742 1759 principiis
756 1683 900 1755 insistens,
919 1682 959 1741 sic
974 1697 1077 1741 causae
1092 1681 1153 1740 elfi-

112 1767 211 1826 cientis
224 1772 391 1843 conceptum
404 1783 421 1826 a
436 1768 597 1842 cognitione
606 1776 704 1829 nostra
713 1767 909 1828 ratiocinando
920 1767 1067 1840 expungit:
1085 1767 1153 1824 dum

112 1853 207 1927 ideae,
223 1853 332 1927 inquit,
349 1868 407 1912 non
422 1853 481 1912 sint
493 1853 589 1928 aliud,
605 1855 662 1914 nisi
675 1854 816 1928 imagines
830 1852 1065 1928 impressionum,
1083 1867 1154 1925 quas

113 1938 287 2012 experimen
302 1942 448 2012 nequeunt
462 1938 606 1998 continere
620 1939 677 1999 nisi
691 1939 730 2012 id,
747 1938 823 2013 quod
837 1936 1009 2013 percipimus
1023 1941 1073 1995 aut
1086 1952 1149 1995 sen-

113 2022 191 2081 sibus
205 2028 254 2082 aut
266 2022 449 2082 conscientia.
465 2022 526 2083 lam
543 2039 611 2098 vero
625 2025 729 2084 horum
743 2027 877 2083 neutrum
892 2036 943 2081 nos
958 2021 1153 2080 causalitatem

157 2220 241 2267 Deinde
257 2220 415 2268 sisenandum
431 2225 464 2268 est
484 2222 511 2269 sd
526 2223 661 2286 principium
675 2223 785 2286 pertinere
803 2226 828 2268 nt
841 2225 940 2285 respectu
960 2224 1028 2285 eitra,
1047 2221 1108 2268 cuius
1122 2224 1155 2268 cst

111 2296 254 2361 principium,
265 2297 338 2359 aliquo
351 2297 415 2343 modo
430 2298 458 2343 sit
472 2298 549 2361 psius;
565 2315 628 2345 serm
638 2314 775 2361 nequequam
785 2299 808 2344 id
819 2301 883 2361 essct,
896 2297 954 2344 unda
964 2295 1005 2343 hoc
1019 2297 1152 2359 procederet.

113 2375 141 2419 tlt
154 2377 226 2418 sutem
240 2372 374 2433 intelligatur
387 2389 482 2434 quonam
495 2381 558 2436 pacto
572 2376 707 2438 principium
721 2376 782 2437 prius
796 2389 843 2420 esse
857 2365 964 2436 oporteat,
976 2371 1108 2419 considerari
1119 2371 1156 2417 de·

112 2449 151 2496 bet
164 2449 271 2510 triplicem
285 2463 349 2510 posse
363 2449 480 2510 praeeundi
494 2451 611 2515 rationem,
622 2465 688 2513 qnam
700 2453 853 2512 prioritatem
866 2449 986 2512 appellant,
998 2448 1095 2509 cogitari.
1109 2448 1155 2494 lina

112 2524 194 2571 dicitur
210 2526 327 2585 temporis,
342 2539 385 2586 qus
399 2524 511 2587 quidpiam
521 2526 583 2573 alteri
594 2527 709 2574 duratione
723 2526 831 2574 antecedit
845 2527 935 2588 ipsoque
950 2524 1047 2570 nondum
1061 2527 1157 2570 nutante

113 2605 194 2663 exsut5
203 2601 241 2646 -sie
250 2600 296 2646 dies
305 2600 366 2663 prior
379 2606 413 2647 est
426 2606 497 2647 nocte
509 2603 582 2649 Altera
596 2603 676 2649 dieitur
686 2609 795 2660 naturas,
807 2618 846 2666 per
860 2617 925 2664 qnam
939 2600 1022 2662 aliquid
1037 2601 1077 2648 stri
1092 2601 1158 2648 simul

112 2681 182 2722 exstet
195 2691 243 2723 cam
257 2676 315 2738 alio;
331 2682 404 2723 nmen
418 2682 451 2724 est
464 2679 580 2741 eiusmodi,
597 2683 622 2725 ut
635 2679 676 2726 hoc
691 2680 719 2726 ab
732 2680 790 2742 ipso,
805 2677 876 2740 quoad
892 2677 1037 2740 existentiam,
1054 2677 1155 2740 pendeat.

35 2787 37 2791 .
113 2753 149 2798 ste
163 2752 196 2799 sol
209 2769 232 2800 ss
245 2752 311 2799 habet
324 2753 394 2815 quoad
408 2753 489 2815 lucem,
505 2769 560 2816 quaa
575 2754 642 2800 simul
655 2755 744 2816 quidem
758 2756 825 2815 viget,
841 2758 936 2800 attamen
951 2755 978 2801 als
992 2769 1018 2799 eo
1032 2751 1157 2815 dependens

112 2835 153 2876 sss.
169 2830 241 2876 Tertia
254 2831 335 2876 dicitur
348 2833 461 2892 nrtptsais,
476 2847 516 2893 per
529 2847 595 2894 mam
608 2831 723 2893 quidpiam
738 2831 767 2875 its
782 2831 823 2892 sit,
837 2836 862 2875 ut
875 2831 958 2892 aliquid
972 2830 999 2876 als
1013 2830 1061 2890 ipso
1075 2829 1158 2898 exoria-
1228 2869 1230 2876 .

113 2910 168 2969 tur3
182 2906 234 2952 licet
247 2906 288 2952 hoe
303 2921 373 2966 nequa
386 2911 484 2966 tempore
497 2906 527 2951 sit
539 2907 663 2967 posterim,
675 2920 747 2965 nsque
762 2910 862 2950 naturam
877 2903 1036 2966 dependentem
1057 2903 1156 2963 accipiat.

161 2983 197 3028 Sic
210 2997 223 3027 a
238 2980 290 3026 lide
305 2981 408 3025 docemur
422 2980 446 3024 in
460 2981 506 3025 Deo
520 2996 544 3026 se
558 2980 638 3027 habere
652 2981 738 3025 Patrem
752 2985 853 3040 respectu
873 2978 922 3024 Filii
936 3013 942 3042 ‚
958 2983 980 3024 et
993 2983 1109 3039 utramque
1126 2993 1158 3023 ro·

115 3062 193 3123 spectu
206 3056 300 3119 Spiritus
309 3055 391 3100 Sancti.
407 3054 453 3100 lans
467 3070 518 3100 vero
532 3055 559 3100 ad
574 3055 681 3100 rationem
694 3053 798 3116 principii
812 3053 864 3100 haec
874 3059 983 3116 postrema
996 3055 1097 3117 prioritas
1111 3053 1159 3099 sni-

113 3136 172 3197 seit,
188 3132 229 3178 atsi
243 3131 299 3176 duaa
318 3135 401 3175 ceterae
418 3130 540 3192 superiores
556 3129 637 3176 desint.
1048 3178 1050 3182 ,

162 3208 262 3269 Denique
274 3206 333 3252 intsr
346 3205 480 3268 principium
493 3211 516 3251 st
530 3206 561 3268 id,
573 3206 636 3252 cuius
650 3211 684 3254 est
697 3207 839 3270 principium,
854 3207 966 3254 distinctio
986 3207 1051 3254 realis
1066 3207 1160 3254 interca·

113 3287 168 3335 ders
182 3284 256 3347 debet,
268 3281 376 3345 siqnidem
389 3281 442 3328 lraec
455 3282 514 3328 inter
527 3298 551 3328 sa
565 3287 663 3329 mutuam
676 3283 805 3330 relationem
819 3283 901 3331 halem
913 3288 977 3346 atque
987 3283 1159 3346 oppositionem

112 3362 171 3410 nihil
192 3365 265 3408 autem
280 3358 368 3404 sibimet
380 3358 462 3421 opponi
477 3373 517 3404 nec
531 3359 558 3405 sd
569 3360 666 3422 seipsum
679 3359 754 3406 reterri
769 3365 848 3423 potest.

161 3438 201 3489 llis
214 3435 343 3498 explanatis,
358 3435 488 3496 intelligitur
501 3434 633 3499 differentis,
649 3451 705 3498 qnae
718 3438 776 3484 inter
790 3451 877 3484 cansam
889 3441 911 3484 et
925 3437 1057 3500 principium
1073 3436 1160 3498 propris

112 3513 277 3574 dietnm'viget.
293 3512 348 3557 Nam
361 3511 510 3574 principium,
527 3527 577 3557 eum
591 3511 703 3558 internum
717 3517 759 3576 est,
775 3517 875 3560 naturam
890 3512 1022 3575 principiato
1041 3513 1160 3558 eommuni-

112 3595 160 3653 αἱ,
170 3589 208 3636 ssd
222 3603 270 3636 eam
283 3603 328 3634 non
337 3586 453 3650 producit3
468 3603 530 3634 secus
543 3603 595 3635 rero
608 3591 642 3634 est
656 3586 683 3634 ds
692 3603 764 3635 ausa.
777 3589 875 3651 Itemque
885 3587 913 3633 ad
923 3588 1026 3651 principii
1044 3588 1158 3634 notionem

112 3667 198 3714 sufficit
210 3666 294 3726 origine
307 3670 393 3711 tantum
402 3665 530 3727 praesedere
543 3664 575 3729 id,
587 3665 650 3712 cuins
659 3669 693 3711 est
702 3665 851 3728 principium:
868 3669 892 3712 st
901 3679 967 3712 cansa
980 3661 1080 3711 eflectum
1094 3679 1159 3726 pras-

112 3742 194 3788 ceders
205 3741 288 3804 debet,
302 3741 321 3787 si
335 3756 380 3786 non
393 3745 508 3804 tempore,
524 3740 601 3788 saltem
614 3747 700 3788 natura.
720 3740 788 3788 Aliter
802 3741 863 3790 enim
875 3755 921 3788 non
935 3740 1067 3803 produceret
1081 3753 1159 3790 norant

112 3817 261 3880 minuatim,
276 3832 301 3864 so
314 3816 407 3879 proinde
420 3831 433 3862 a
447 3832 524 3864 causas
537 3815 664 3864 definitione
678 3807 819 3866 descisceret.

165 3892 177 3938 t
194 3893 263 3941 Batti
275 3906 319 3943 m
335 3894 398 3943 t'ettt.
415 3894 480 3941 datm.
497 3892 548 3942 liar.
563 3892 589 3956 2,
604 3892 639 3940 etr.
654 3893 696 3940 26.
