2767 4492
248 278 303 337 tid
696 296 860 341 snnussru

246 370 277 433 ln
292 376 381 436 libero
395 378 443 437 illo
454 380 595 438 conventu
604 379 795 453 reperiretur,
809 396 858 453 qur
874 380 919 438 ius
930 378 1034 438 babeat
1042 374 1194 452 imperandi
1204 377 1269 451 aliis;

249 461 300 520 sed
315 476 416 521 omnes
435 463 653 537 patresfamilias
667 465 816 538 aeqiralem
833 462 1030 524 conditionem
1046 462 1189 522 obiiciunt.

284 546 379 605 Posset
393 549 492 622 utiquc
507 548 610 623 aliquis
623 549 654 607 in
664 549 718 607 hac
731 550 774 608 vel
784 550 833 608 illa
854 551 918 609 dote
933 554 1077 625 praestare
1091 548 1276 607 cciedsetma·

256 632 301 704 gis
324 648 386 693 essu
409 635 529 693 idonens
550 636 585 693 ad
603 635 810 709 rempublicam
830 636 1105 708 administrandum,
1123 634 1169 691 sed
1186 634 1213 691 id
1230 648 1277 691 non

255 718 333 777 aliud
348 719 480 793 praehet,
506 721 687 801 nisi-meram
704 723 891 795 capacitatem
911 722 1087 795 imperandi3
1106 734 1182 778 mera
1194 726 1277 777 antem

254 804 397 877 capacitas
410 820 464 863 uon
476 811 519 863 est
529 806 583 877 ius,
592 808 833 879 quemadmodum
844 806 970 881 aptitudo
981 819 1039 865 non
1049 811 1185 864 estactus.
1201 803 1277 871 Quare

254 886 286 945 in
302 903 337 945 ea
352 888 499 962 hypothesi
514 889 581 947 licet
592 890 664 949 ratio
679 890 836 951 inculcaret
849 891 1013 965 eligendum
1027 906 1090 949 esse
1105 888 1152 964 qui
1167 888 1278 949 omnium

252 974 514 1047 praestantissimus
528 982 677 1048 appareat;
698 980 793 1034 tumen
812 976 872 1035 sola
887 976 986 1035 electio
1001 992 1039 1035 ex
1054 976 1141 1034 libero
1155 986 1277 1033 consensu

253 1068 314 1117 orta
332 1058 412 1117 illnm
433 1067 498 1118 actn
521 1060 680 1133 principem
702 1060 872 1120 institueret.
895 1062 969 1119 llaec
984 1062 1016 1119 in
1031 1059 1179 1135 hypothesi
1199 1059 1230 1115 de
1243 1072 1277 1114 re-
1301 1066 1303 1071 ’
1343 1086 1344 1093 .

253 1144 372 1216 pentina
387 1145 528 1203 creatione
543 1146 685 1205 societatis
700 1162 736 1204 ex
754 1146 871 1204 familiis
885 1154 914 1205 et
927 1146 1097 1218 individuis,
1114 1144 1189 1203 nullo
1205 1148 1276 1201 auten

257 1228 354 1286 sociali
370 1228 485 1288 vinculo
498 1230 572 1288 iuter
586 1246 616 1287 sc
631 1230 779 1302 copulatio.
796 1230 901 1289 Verum
916 1230 945 1289 id
966 1230 1081 1289 nonnisi
1095 1245 1147 1304 per
1164 1226 1278 1286 umidius

255 1311 419 1385 contingere
436 1320 527 1387 potest
544 1315 713 1388 aliquando,
736 1330 802 1373 cum
817 1332 863 1374 ex.
880 1331 923 1388 gr.
940 1316 1066 1374 lumilinc
1083 1321 1131 1373 aut
1151 1310 1279 1370 indiuidua
1343 1310 1344 1325 ¹

258 1398 353 1471 aliqua
373 1401 418 1458 vel
439 1401 601 1473 naufragio,
618 1401 663 1458 rel
677 1416 774 1459 amore
789 1402 966 1474 solitudinis,
981 1403 1026 1459 nel
1040 1398 1180 1473 migrandi
1192 1395 1278 1466 studio,
1343 1472 1344 1477 ἵ

257 1489 403 1556 tamquam
418 1486 526 1544 surculi
541 1502 558 1543 a
571 1486 773 1544 nativamdice
783 1485 952 1545 scinduntur
962 1492 1076 1544 elnovo
1086 1484 1169 1542 veluti
1184 1488 1279 1540 terreno

256 1569 480 1629 committuntur.
502 1569 551 1629 l'el
564 1572 651 1629 etiam
664 1570 827 1643 intervenit,
845 1570 1078 1629 cum-multitudo
1094 1569 1137 1627 vel
1150 1563 1279 1627 extinctio·
1343 1568 1344 1603 ³

254 1668 293 1711 ne
311 1655 387 1713 totali
409 1656 512 1714 ueteris
526 1656 689 1729 dynastiae,
711 1656 756 1715 cui
780 1656 876 1716 nullus
900 1670 1046 1714 successor
1066 1653 1204 1729 legitimus
1218 1647 1279 1708 desi·

256 1745 360 1811 gnatus
376 1741 428 1811 sit,
444 1743 487 1799 vel
500 1749 578 1799 motu
593 1741 687 1815 ahquo
701 1741 815 1816 politico
826 1742 954 1799 funditus
968 1756 1118 1814 concussa,
1133 1735 1280 1814 propriore·

253 1830 330 1881 ctnre
342 1823 482 1883 vinicolor.
494 1826 524 1884 lu
535 1826 613 1884 hisce
623 1826 737 1885 casibus
748 1826 902 1900 inopinatis
914 1832 1025 1884 certum
1040 1831 1084 1884 cst
1094 1824 1197 1883 nnllam
1206 1819 1279 1879 aliam

253 1906 331 1968 viam
347 1916 496 1981 suppetere
508 1910 544 1968 ad
554 1909 663 1969 ordinis
675 1910 848 1984 principium
859 1916 988 1970 concrete
998 1908 1222 1977 instaurandum,
1230 1900 1279 1960 nisi

254 2006 424 2051 consensum
439 1993 604 2066 explicitum
614 1994 659 2052 vel
673 1995 773 2053 saltem
788 1994 958 2070 implicitum
973 1994 1127 2066 sociorum,
1139 1992 1187 2067 qui
1201 1985 1280 2063 publi·

255 2092 319 2133 cam
334 2078 529 2137 anctoritatem
544 2079 594 2137 uni
605 2086 654 2138 aut
662 2078 792 2154 pluribus
806 2081 962 2139 conterant.
979 2081 1073 2148 Quare
1087 2080 1117 2138 in
1134 2073 1280 2153 propositio·

253 2176 290 2218 ne
305 2161 430 2220 diximus
448 2178 501 2236 per
513 2164 644 2223 maidens
658 2166 719 2224 lieri
736 2180 816 2239 posse
830 2172 862 2224 ut
876 2180 972 2239 causa,
985 2179 1061 2238 quae
1074 2164 1227 2223 subiectum
1240 2171 1280 2231 pt-

253 2244 349 2303 liticae
363 2247 538 2307 auctoritatis
552 2249 731 2321 determinet,
744 2252 780 2309 sit
795 2266 959 2309 consensus.
975 2250 995 2307 ll
1009 2250 1095 2324 longe
1110 2250 1188 2307 aliter
1202 2261 1230 2305 sc
1242 2256 1279 2301 res

253 2328 349 2404 hahet,
366 2332 391 2389 si
406 2340 561 2405 spontanea
575 2341 603 2392 et
611 2324 748 2393 naturalis
758 2335 837 2407 origo
851 2336 993 2394 societatis
1002 2336 1205 2394 consideretur.
1219 2330 1280 2389 llam

253 2415 331 2473 enim
345 2422 465 2476 naturae
480 2433 581 2492 cursu,
598 2425 630 2478 ut
643 2435 746 2493 corpus
760 2420 926 2493 organicum
950 2421 1148 2496 complicatius
1166 2425 1193 2479 et
1205 2415 1281 2493 perie

253 2500 336 2573 ctius,
352 2503 497 2562 enascitur
506 2519 544 2562 ex
557 2504 673 2578 praevio
688 2508 812 2577 quodam
826 2506 988 2577 organismo
1002 2504 1119 2579 sociali,
1136 2505 1183 2579 qui
1199 2500 1280 2577 paula·

253 2586 305 2644 tim
320 2587 458 2647 evolvitur
472 2594 499 2646 et
508 2589 675 2661 explicatur,
688 2589 778 2647 donee
794 2589 935 2661 integram
947 2590 1150 2663 perlectionem
1165 2586 1278 2659 attingat.

254 2670 344 2737 Quare
360 2673 415 2746 vis,
436 2688 509 2746 quae
532 2680 626 2747 partes
644 2674 744 2747 uniat,
766 2680 795 2731 ot
809 2688 916 2731 novum
934 2689 1036 2747 corpus
1055 2682 1148 2749 regat,
1168 2688 1222 2731 nou
1238 2684 1278 2727 cr·

253 2755 395 2815 trinsecus
410 2758 580 2816 accersenda
594 2765 637 2816 est
651 2765 680 2816 et
693 2758 783 2817 veluti
795 2758 918 2817 creanda
929 2758 964 2817 de
979 2759 1081 2831 nihilo,
1099 2760 1149 2819 sed
1162 2759 1190 2816 in
1201 2755 1280 2831 priore

253 2839 282 2896 vi
297 2843 505 2915 continebatur,
522 2844 639 2917 eiusque
662 2850 706 2902 est
721 2843 836 2902 ulterior
855 2843 977 2902 erduno
992 2860 1042 2917 pro
1056 2845 1140 2903 novis
1154 2835 1281 2902 relationi·

252 2924 307 2985 bns
322 2934 350 2985 et
363 2928 491 3000 partibus
505 2928 661 3002 organicis,
677 2928 709 2987 in
723 2944 796 3001 quae
807 2944 918 3002 corpus,
934 2929 1009 3003 quod
1024 2934 1090 2988 aute
1099 2930 1158 2988 ianr
1169 2926 1279 2991 extabat,

253 3010 428 3084 expilantnm
442 3020 494 3070 est.

289 3096 386 3154 Omnis
405 3112 484 3155 error
506 3096 536 3156 in
550 3097 605 3157 hac
619 3115 650 3157 re
665 3099 731 3159 inde
746 3099 852 3173 oritur,
877 3100 951 3174 quod
971 3098 1090 3159 societas
1105 3095 1280 3159 abstractione

252 3182 356 3240 mentis
370 3182 483 3257 penitus
498 3183 668 3255 dissecetur,
685 3190 718 3243 ut
732 3186 835 3243 deinde
857 3185 945 3259 {quod
963 3184 1146 3243 rationalistis
1161 3179 1281 3242 delicium
1343 3230 1344 3233 ,

253 3268 312 3341 est)
324 3268 427 3325 iterum
437 3269 643 3342 compingatur.
660 3270 692 3327 l'i
703 3270 788 3329 huius
803 3269 1002 3329 abstractionis
1011 3284 1048 3327 es
1062 3284 1121 3327 una
1137 3274 1214 3344 parte
1228 3276 1282 3326 cou-

254 3350 359 3426 cipitur
373 3352 525 3412 multitudo
539 3354 707 3427 dissociata,
724 3370 760 3412 cx
776 3354 831 3412 alla
846 3354 998 3413 auctoritas
1013 3353 1043 3413 in
1058 3370 1092 3414 ea
1102 3347 1281 3428 producenda.

253 3436 312 3505 Ono
328 3439 402 3497 lacto
418 3438 447 3497 in
462 3438 609 3513 angustias
619 3454 676 3497 non
692 3438 867 3513 superabiles
881 3454 912 3497 se
926 3439 1068 3499 coniectos
1084 3435 1239 3513 philosophi
1247 3428 1282 3489 illi

252 3524 446 3598 conspiciunt,
472 3540 526 3583 nec
550 3524 636 3583 oham
661 3522 844 3598 problematis
869 3524 999 3583 idoneam
1023 3522 1193 3582 solutionem
1214 3518 1282 3577 inre·

250 3610 351 3684 ninnt,
372 3612 427 3670 nisi
443 3611 605 3685 perfugium
628 3610 664 3669 ad
679 3610 802 3669 liberum
819 3626 990 3670 consensum
1005 3607 1282 3680 multitudineque

252 3697 449 3755 auctoritatem
464 3703 550 3756 creet.
566 3697 661 3771 Neque
672 3694 701 3753 id
713 3696 818 3755 mirum
829 3694 1025 3767 v‘ideridebet3
1037 3710 1105 3753 nam
1114 3690 1215 3752 imitati
1225 3688 1284 3747 sunl

252 3779 473 3853 physiologum,
495 3782 544 3855 qni
559 3782 656 3840 rivum
672 3781 819 3841 hominem
833 3780 863 3839 in
874 3780 986 3855 singula
1000 3778 1129 3843 membra
1144 3777 1231 3835 cultio
1247 3767 1282 3827 di-

252 3864 372 3937 seerpit,
389 3867 577 3926 adhumanas
591 3866 849 3942 ritacprincipinm
862 3866 893 3927 in
904 3865 1005 3927 iisdem
1016 3864 1211 3939 detegendum.
1227 3858 1284 3918 lm·
