2767 4492
409 349 846 400 eademnam-nemorosis
1095 340 1151 402 117

106 441 257 501 detrectari
270 442 361 513 potest
374 437 574 508 sensationem,
587 435 639 495 etsi
654 451 712 495 non
721 439 847 510 perlecta
855 436 910 496 liae
920 437 1040 510 ratione,
1053 435 1149 511 aliquo

104 527 207 586 saltem
221 525 303 584 modo
318 522 471 595 obiectum,
488 521 564 580 circe
584 521 659 594 quod
673 526 818 594 versatur,
836 522 988 596 attingere3
1008 527 1149 596 quatenus

104 610 242 668 nimirum
259 608 330 666 illud
352 605 474 680 simplici
494 605 617 679 quadam
640 604 866 679 apprehensione
879 606 990 680 capiat,
1007 611 1092 682 atque
1105 609 1147 666 ita

103 694 193 753 menti
207 693 242 751 ad
257 691 443 751 iudicandum
458 696 606 764 proponat.
624 689 674 747 Vel
689 688 777 747 etiam
791 703 870 747 error
883 689 932 747 ille
946 706 984 748 ex
998 706 1031 750 eo
1046 692 1147 751 fortes

104 779 143 836 sis
158 777 281 848 emersit,
299 776 375 850 quod
390 774 545 834 aduersarii
560 775 698 832 ducerent
712 773 903 832 sensationem
918 774 949 831 in
963 775 1023 833 solo
1042 775 1148 858 doloris

103 867 152 920 aut
165 861 317 934 voluptatis
332 859 527 933 experimento
542 859 651 933 reponi.
671 859 725 917 Sed
740 857 886 932 inprimis
907 862 988 916 actus
1008 859 1148 919 eiusmodi

101 961 158 1004 non
174 947 339 1004 adsensum
354 953 563 1018 quemcumque
573 944 707 1018 pertinet,
721 943 772 1001 sed
782 943 820 1001 ad
830 957 897 1000 eum
908 944 958 1016 qui
970 943 1100 1001 internus
1108 945 1150 1003 di-

101 1030 174 1088 citur
188 1034 217 1087 et
231 1029 312 1087 cuius
327 1029 451 1101 partium
466 1035 508 1086 est
518 1029 624 1087 bonam
638 1029 683 1086 rel
699 1027 911 1086 incommodam
922 1027 1048 1101 corporis
1059 1029 1148 1086 nostri

98 1114 315 1187 dispositionem
338 1113 485 1185 attingere,
507 1113 615 1172 Deinde
636 1113 666 1172 id
681 1113 777 1186 ipsum
792 1127 845 1185 per
862 1113 1075 1185 perceptionem
1094 1111 1145 1169 ali·
1260 1132 1264 1142 ·

100 1213 187 1271 quam
203 1197 342 1271 explicari
357 1197 449 1270 dehet,
466 1198 513 1256 cui
528 1197 675 1256 delectatio
691 1195 831 1270 quaedam
846 1195 891 1254 vel
904 1196 1046 1255 1111111111
1056 1195 1146 1254 motio

97 1281 130 1342 in
143 1282 241 1340 sensili
256 1281 382 1356 appetitu
397 1283 578 1354 respondeat.

138 1365 182 1422 ud.
196 1366 271 1432 Quae
287 1381 353 1422 rum
363 1365 404 1422 ita
414 1365 480 1436 sint,
492 1363 638 1422 evidenter
648 1363 779 1422 infertur:
791 1365 923 1422 sensibus
937 1365 1063 1422 externis
1073 1365 1150 1422 obie-

97 1453 145 1506 cta
155 1449 227 1522 ipsa,
240 1449 390 1522 quaereris
401 1452 475 1520 sunt,
488 1448 593 1506 directe
602 1454 630 1506 et
639 1443 803 1507 immediate
811 1449 921 1520 attingi,
931 1453 1016 1522 prout
1025 1449 1146 1506 exterio

95 1532 178 1591 ribus
187 1531 359 1606 quibusdam
368 1531 551 1606 qualitalibus
560 1532 734 1592 alliciuntur.
746 1533 779 1590 Et
789 1548 820 1590 re
829 1533 946 1606 quidem
956 1548 1032 1604 vera,
1045 1533 1070 1590 si
1080 1547 1146 1590 sen-

97 1616 414 1676 sibusiuternaeauimi
424 1616 658 1689 modificationes,
669 1633 746 1690 quae
762 1617 906 1675 obiectum
922 1622 989 1674 sunt
1003 1615 1151 1675 conscien-

96 1700 162 1773 tiae,
180 1715 238 1760 non
254 1701 438 1773 attinguntur,
450 1715 505 1758 nec
513 1700 653 1773 imagines
673 1701 784 1774 aliquae
794 1706 844 1758 aut
858 1701 1009 1773 organicae
1024 1701 1144 1773 impres-

94 1785 200 1858 siones,
212 1801 285 1859 quae
297 1786 334 1843 ab
343 1786 463 1844 obiectis
476 1786 508 1844 in
519 1801 570 1844 nos
581 1786 760 1859 proveniunt
774 1786 917 1859 reliquum
926 1788 1052 1860 prolecto
1063 1791 1107 1844 est
1117 1790 1148 1844 ut

93 1870 140 1928 rel
154 1871 216 1942 ipsa
235 1875 352 1929 externa
371 1871 482 1929 obiecta
496 1870 603 1929 directe
612 1870 808 1944 percipiantur
817 1885 851 1928 ac
860 1870 1028 1942 sentiantur,
1039 1871 1086 1929 rel
1103 1872 1146 1930 ni·

93 1954 144 2012 lril.
156 1955 210 2013 Sed
219 1961 381 2030 extremum
390 1955 444 2014 lroc
455 1969 539 2014 nemo
554 1955 604 2028 qui
624 1970 713 2013 sanus
728 1954 765 2013 sil
780 1961 903 2028 asserel3
920 1955 1061 2028 siquidem
1082 1970 1146 2014 seu·

92 2037 164 2098 satio
179 2043 207 2097 et
224 2040 380 2112 perceptio,
402 2055 458 2112 qua
471 2039 545 2098 nillil
560 2039 682 2098 sentitur
697 2045 726 2097 el
740 2055 797 2112 qua
810 2039 884 2097 nihil
899 2040 1069 2114 percipitur,
1087 2040 1146 2099 clri-

92 2123 275 2181 maerioaest
285 2128 359 2180 elne
369 2123 519 2182 iulormari
529 2124 645 2197 quidem
659 2130 757 2182 mento
771 2130 871 2197 potest.
883 2125 990 2182 Verum-
997 2125 1083 2197 igitur
1093 2127 1148 2184 erit

89 2206 227 2279 primum,
244 2207 379 2264 sensilem
398 2206 534 2264 nimirum
551 2208 766 2280 perceptionem
780 2208 811 2266 in
826 2208 944 2267 obiectis
963 2209 1033 2282 ipsis
1051 2214 1145 2269 exter-

90 2289 139 2348 nis
157 2288 401 2361 deprehendendis
419 2297 448 2348 et
462 2289 618 2348 sentiendis
637 2290 802 2348 immediate
816 2292 925 2350 versari

128 2373 184 2432 Nec
199 2371 320 2430 obiectio
335 2372 393 2444 illa,
405 2389 491 2454 quam
506 2374 594 2448 aliqui
611 2379 687 2433 tanto
702 2391 786 2448 opere
800 2382 983 2450 exaggerant,
995 2379 1142 2450 negotium

90 2455 209 2517 facessit
224 2456 353 2530 aliquod,
369 2471 437 2515 cum
451 2458 566 2531 dicunt,
583 2459 608 2517 si
623 2459 662 2518 ita
677 2465 765 2532 esset,
782 2460 912 2519 animum
929 2467 1011 2518 extra
1030 2477 1060 2519 se
1076 2463 1145 2522 ierri

90 2546 221 2615 oportere
236 2547 267 2600 ut
281 2543 400 2616 obiecto,
418 2545 493 2617 quod
507 2546 640 2620 percipit,
659 2547 858 2620 coniungatur.
876 2548 947 2606 llam
961 2547 986 2605 si
1000 2561 1046 2604 res
1061 2562 1144 2606 accu-

90 2631 152 2686 rate
167 2627 359 2700 perpenditur,
372 2627 443 2686 nihil
458 2630 584 2702 putidius
600 2631 759 2690 autminus
774 2638 873 2705 aptum
887 2630 1008 2704 proferri
1022 2636 1144 2705 poterat

91 2710 220 2769 Seusatio
235 2710 313 2768 euim
327 2727 385 2770 non
397 2729 431 2772 eo
446 2714 595 2773 actionum
606 2731 711 2788 genere
726 2716 896 2788 continetur,
909 2731 980 2788 quas
991 2724 1145 2776 transeud-

92 2801 132 2852 ter
147 2795 310 2868 nominant,
328 2797 432 2869 quillus
447 2799 575 2856 elliciens
590 2814 649 2856 non
667 2800 745 2855 inse
760 2798 854 2854 sedin
869 2800 1003 2875 exteriori
1023 2802 1145 2859 materia

91 2883 232 2951 operatur.
251 2880 304 2937 Sed
319 2881 393 2939 actio
408 2883 550 2952 quaedam
565 2887 609 2938 ost
624 2882 807 2951 traurooens,
825 2884 857 2936 ut
875 2879 971 2950 aiunt,
988 2895 1045 2951 qua
1059 2881 1144 2939 nimi·-

90 2977 156 3020 rum
172 2978 259 3034 agens
273 2964 417 3034 operando
433 2979 463 3020 so
478 2963 573 3034 ipsum
589 2961 678 3018 allicit
689 2967 717 3017 et
731 2962 910 3019 determinat.
924 2962 1014 3028 Quare
1028 2963 1143 3023 animus

91 3061 160 3104 cum
181 3043 268 3101 sentit
282 3049 309 3100 et
328 3044 466 3115 percipit,
484 3059 542 3100 nou
563 3048 653 3099 semet
673 3044 770 3115 egredi
784 3059 819 3102 ac
837 3045 978 3120 deserere,
995 3048 1045 3107 sed
1065 3049 1097 3106 in
1111 3065 1143 3110 se

88 3142 208 3205 prorsus
223 3140 339 3182 manere
349 3124 443 3197 dehet,
454 3127 558 3198 quippe
574 3125 717 3183 actionem
731 3127 803 3186 inse
814 3128 912 3187 elficit.
923 3130 1033 3189 lltcum
1046 3147 1143 3190 sensa·

89 3216 130 3274 rio
142 3217 171 3269 et
181 3209 324 3284 perceptio
339 3209 507 3267 relationem
522 3208 668 3268 involvant
678 3211 714 3268 ad
728 3211 871 3270 obiectum
881 3213 994 3287 aliquod
1010 3216 1086 3289 quod
1099 3230 1143 3273 re·
1170 3225 1173 3231 ·

91 3295 511 3371 spiciantrepreesententque3
528 3294 634 3354 idcirco
651 3296 798 3370 quaeritur
808 3297 877 3370 quid
885 3299 1016 3370 proxime
1031 3298 1144 3357 actione

92 3395 230 3440 sensuum
244 3379 426 3453 percipiatur.
444 3379 519 3438 Haec
535 3385 631 3438 autem
647 3381 785 3454 quaestio,
803 3385 835 3439 ut
849 3381 978 3455 superior
991 3382 1144 3440 ratiocina-

93 3465 132 3524 tio
146 3462 287 3537 patefecit,
305 3463 377 3521 solvi
392 3467 581 3536 congruenter
596 3465 714 3539 nequit,
730 3465 787 3526 nisi
804 3466 868 3540 ipsa
889 3472 1010 3525 externa
1031 3466 1144 3525 obiecta

93 3563 129 3606 11
147 3547 327 3621 perceptione
344 3547 446 3621 attingi
460 3547 601 3607 dicantur.
618 3549 658 3608 Ad
673 3566 760 3624 quam
775 3551 923 3610 veritatem
938 3550 1011 3609 nihil
1025 3566 1141 3624 prorsus

91 3631 217 3706 pertinet
231 3631 402 3705 coniunctio,
416 3633 450 3690 de
466 3647 522 3706 qua
536 3641 677 3708 quaerunt
691 3635 858 3695 adversarii.
870 3636 1048 3710 Cognoscens
1063 3635 1142 3696 eninr

92 3731 152 3774 non
167 3715 277 3776 obiecto
292 3718 367 3792 quod
380 3719 524 3793 perspicit,
537 3719 586 3780 sed
599 3720 726 3779 subiecto
739 3721 771 3778 in
781 3722 857 3796 quod
871 3721 939 3794 ogit,
951 3722 1084 3796 coniungi
1094 3722 1142 3783 de·

91 3802 156 3874 het,
173 3802 248 3875 quod
264 3803 379 3876 quidem
397 3803 557 3862 subiectum
573 3805 603 3863 111
617 3805 760 3878 praesenti
775 3811 818 3864 est
831 3805 892 3878 ipse
916 3806 1039 3866 animus.
1057 3805 1140 3866 Obie·
1234 3850 1238 3854 ·

92 3889 173 3948 otum
187 3886 1139 3974 1111111111111111111111111111111111111111111111111111
