2767 4492
344 323 926 431 causamme-raassosnuaroaaprs
1101 348 1154 419 ³05
1235 392 1238 398 -

442 535 607 596 Solcwntttr
625 532 817 608 difficultates.

149 704 209 764 177.
226 704 314 766 Obiic.
331 706 353 765 l.
370 705 399 765 si
413 704 511 764 omnia
524 703 574 763 liei
590 702 768 778 providentia
781 703 1062 778 administrarentur,
1078 703 1152 764 nihil

112 795 186 848 esset
199 789 230 847 iu
243 790 350 849 muodo
372 789 529 848 fortuitum.
546 788 630 860 atqu
650 787 793 860 permulta
813 792 881 845 suot
894 802 968 860 quae
990 788 1104 846 lortuua
1124 791 1153 846 et

111 886 178 931 casu
193 871 356 946 contiugera
370 873 543 934 donamus.
560 871 632 944 Ergo
647 885 706 930 uon
728 872 826 930 omnia
839 869 1038 944 procuratione
1056 870 1153 930 divim

110 963 258 1029 mutor.

146 1039 268 1113 Deinde,
285 1047 317 1100 ut
331 1043 425 1111 arguit
441 1040 563 1100 Velleius
578 1039 652 1114 apud
670 1039 808 1111 Tullium,
823 1053 923 1099 rerum
941 1037 1153 1098 mundanarum

110 1136 180 1180 cura
194 1123 307 1183 divinae
321 1124 445 1184 detrahit
468 1123 605 1183 laudati.
621 1124 691 1182 llam
714 1123 816 1182 beatus
829 1139 892 1182 esse
905 1138 963 1182 non
979 1127 1087 1196 potest,
1104 1123 1154 1196 qui

107 1207 261 1280 negotiosis
275 1209 346 1268 adeo
356 1210 433 1267 curie
442 1207 605 1281 implicatur
619 1212 648 1266 et
662 1208 858 1267 molestiarum
868 1207 969 1281 plenis,
981 1207 1079 1281 quales
1088 1221 1152 1280 pro·

106 1286 181 1348 fecto
196 1290 296 1348 muudi
310 1291 438 1350 universi
454 1289 661 1350 administratio
670 1289 804 1364 importat
817 1291 914 1349 animo
929 1292 954 1348 t.

143 1372 307 1445 despondeo
321 1380 456 1433 creonam
470 1373 595 1447 aliquem
610 1373 666 1432 dici
683 1373 832 1432 fortuitum
845 1378 978 1448 respectu
991 1373 1151 1446 intelligen-

106 1453 163 1513 tiae
187 1454 356 1530 cuiusdam,
379 1457 555 1531 quasillum
580 1471 632 1516 nec
653 1456 782 1516 delinivit
806 1472 860 1516 uec
880 1457 1045 1530 praesensit.
1059 1456 1151 1525 Quare
1223 1517 1226 1521 ,

105 1551 171 1596 cum
188 1545 283 1598 create
297 1541 414 1614 quaevis
434 1539 631 1614 mutugenna,
651 1547 747 1614 utpote
760 1541 900 1600 limitibus
914 1540 1146 1614 circumscripta,

105 1622 289 1682 terminmum
312 1639 424 1700 semper
447 1625 551 1686 habeat
568 1624 739 1698 cognitionis
763 1631 792 1684 et
816 1625 967 1684 acdvimtos
986 1625 1146 1698 ambitum

103 1705 195 1766 multe
210 1707 379 1769 intercidere
393 1715 512 1783 possunt
526 1724 600 1783 uuae
614 1709 733 1767 iortuita
746 1709 787 1768 illi
803 1709 870 1767 siut.
881 1709 915 1766 lt
927 1708 1001 1767 licus
1015 1707 1065 1781 qui
1080 1722 1147 1767 cau·

103 1803 137 1846 sa
151 1795 194 1848 cst
212 1791 408 1864 potentissima
423 1797 452 1852 et
473 1791 587 1851 infinita
601 1797 630 1852 ct
644 1793 729 1851 errius
748 1792 978 1872 praesensionem
997 1799 1027 1850 et
1044 1798 1147 1850 ouarm

100 1872 175 1930 nihil
188 1889 316 1949 unquam
331 1875 464 1948 elabitur,
481 1876 611 1936 lortuitos
623 1872 717 1936 nullon
731 1876 818 1935 habet
834 1882 962 1936 euentus.
974 1875 1066 1944 Quare
1079 1889 1147 1950 cum

99 1955 245 2016 fortunam
259 1967 288 2018 ct
301 1973 400 2018 casum
420 1959 569 2020 effectibus
587 1959 751 2032 nonnullis,
772 1960 823 2034 qui
844 1965 954 2032 praeter
974 1958 1146 2032 expectatio·

101 2053 169 2098 nem
190 2047 219 2100 et
240 2042 446 2114 prouidentiam
461 2049 588 2102 noemam
609 2044 794 2116 contingunt,
811 2041 976 2116 tribuimus3
993 2042 1022 2101 id
1039 2057 1146 2118 nequa·

100 2137 190 2196 quem
205 2124 302 2183 animo
318 2130 485 2198 reputamus
494 2132 625 2198 respectu
641 2127 729 2186 etiam
738 2128 865 2200 supremi
879 2126 1053 2187 Ordinatoris
1063 2141 1145 2200 posse

98 2206 232 2278 proferri.

137 2288 267 2356 Quirero
281 2289 438 2350 secundam
451 2290 650 2350 difficultatem
662 2290 810 2366 obiiciunt,
821 2293 919 2354 diana
934 2295 1069 2354 humanis
1085 2309 1144 2354 me·
1191 2341 1199 2352 .

95 2373 218 2432 tiuotur.
239 2369 310 2430 Nam
329 2373 402 2446 ‚quia
418 2373 528 2434 homini
547 2389 644 2436 rerum
661 2374 817 2448 multarum
833 2392 903 2436 cura
920 2393 1039 2451 operosa
1055 2377 1142 2436 nimis

94 2461 127 2514 et
145 2455 264 2514 molesta
280 2456 409 2514 accidere
433 2457 521 2529 solet,
544 2455 637 2516 dmilc
656 2457 765 2532 aliquid
784 2458 926 2519 divinitati
947 2459 1084 2518 tribuunt.
1109 2463 1142 2517 at

92 2537 128 2596 hi
147 2537 330 2597 vehementer
343 2546 448 2598 errant.
461 2539 535 2600 Deus
550 2539 628 2600 enim
641 2541 731 2601 labori
740 2545 770 2601 et
778 2540 925 2602 molestiae
936 2540 1077 2600 obnoxius
1088 2539 1142 2598 mi·

91 2623 186 2684 mime
198 2629 250 2682 cst.
266 2625 327 2684 Non
341 2627 421 2686 cuim
439 2641 556 2702 corpore
567 2634 677 2688 coostm
690 2634 724 2687 ut
733 2627 875 2702 operando
893 2625 1071 2698 defatigetur,
1087 2638 1141 2683 nec

88 2706 290 2768 membrorum
306 2709 395 2770 uitur
412 2711 583 2784 ministeri03
595 2713 645 2770 sed
661 2712 805 2770 intellectu
821 2710 914 2770 solum
930 2709 1027 2782 agitet
1043 2707 1140 2768 volun·

89 2788 162 2848 tatis
178 2789 308 2865 imperio,
320 2794 691 2867 etactionequidemuuica
711 2809 745 2852 ac
764 2792 986 2865 simplicissima,
1004 2806 1061 2866 qua
1076 2792 1140 2851 uni·

90 2886 179 2932 versa
194 2875 390 2946 complectitur
404 2884 433 2934 et
446 2877 620 2952 moderatur.
641 2875 768 2948 Denique
787 2874 871 2947 licus,
887 2881 983 2948 utpote
995 2874 1140 2948 perlectis·

85 2957 194 3026 simus,
212 2955 392 3026 passionibus
413 2959 490 3030 tangi
505 2958 614 3030 nequit,
633 2968 686 3015 nec
707 2955 824 3029 proinde
845 2958 936 3016 taedio
951 2957 995 3017 vcl
1008 2958 1139 3020 molestia

84 3036 310 3098 autadlaanimi
330 3038 507 3110 aegrimonia
528 3039 662 3098 allicitur.
683 3033 775 3107 Quare
794 3055 852 3099 non
867 3042 924 3100 alia
943 3042 979 3100 de
998 3059 1138 3104 causare·
1182 3101 1187 3109 ,

83 3136 159 3184 rum
173 3119 371 3193 procuratione
386 3127 509 3196 racmct,
526 3122 583 3182 uisi
598 3123 666 3196 quia
677 3123 821 3183 tabem
831 3125 888 3184 otio
900 3130 929 3184 et
942 3126 1014 3186 nihil
1024 3142 1136 3202 curare,

82 3207 126 3266 ad
142 3203 307 3262 beatitatem
321 3205 484 3277 pertineret.
499 3205 540 3266 ld
554 3206 618 3278 hoc,
633 3205 690 3266 nisi
705 3206 865 3283 epicureus,
886 3224 971 3271 nomo
989 3226 1077 3270 sanus
1095 3209 1137 3269 di·

82 3295 137 3350 cet
157 3302 295 3361 uuquam.

125 3370 260 3446 Urgcbis:
277 3369 381 3430 Saltem
401 3386 498 3432 rerum
519 3371 709 3436 minimarum
716 3375 923 3436 administratio
941 3377 997 3436 lieo
1010 3376 1135 3436 tribuen-

82 3457 127 3515 da
147 3469 202 3512 oon
222 3458 274 3525 est,
285 3459 383 3528 utpote
400 3471 473 3532 quae
493 3458 622 3518 divinam
643 3459 779 3538 dedeceat
796 3460 983 3520 maiestatem.
1003 3461 1072 3520 llam
1091 3476 1135 3521 re·

80 3553 124 3618 ge
141 3539 227 3598 etiam
240 3541 364 3598 trumaoo
375 3539 525 3614 iudignum
543 3544 722 3604 censeturad
743 3543 809 3603 vilia
821 3560 967 3620 uuamuac
987 3544 1134 3618 providen-

80 3625 124 3680 do
146 3621 332 3698 deaceurlere3
343 3625 392 3686 sed
410 3625 516 3686 sufficit
531 3627 556 3686 si
571 3628 750 3700 gravioribus
770 3635 880 3690 tantum
900 3629 1020 3708 trcgotiis
1037 3629 1133 3704 appel·

72 3708 128 3774 lat
150 3705 289 3768 ammam.

73 3843 76 3850 “
132 3831 590 3947 commemoratu.
