2767 4492
528 373 757 425 nasamonitis
771 371 918 420 sensistis

542 547 675 616 CAPUT
689 545 908 615 SECUNDUM
997 583 1000 589 ·

386 755 427 804 nit
444 755 532 802 tullii
547 755 667 803 nouum
680 755 803 803 NATURA
817 754 857 802 ΕΤ
872 753 1060 802 smolensis.

231 920 399 996 Facultates,
412 937 484 996 quas
494 921 709 997 descripsimus,
722 937 761 980 ex
770 919 865 997 aliquo
878 935 998 980 manare
1007 920 1159 995 principio,
1172 923 1249 996 quod

196 1009 278 1068 nobis
292 1007 371 1080 insit,
384 1006 568 1082 perspicuum
582 1011 634 1065 est.
652 1005 755 1080 Nequit
769 1007 847 1064 enim
861 1005 924 1064 dari
937 1004 1055 1064 effectus
1069 1005 1131 1063 sine
1149 1019 1246 1065 causa.

197 1095 288 1162 Quare
307 1094 332 1152 si
351 1093 528 1166 cogitamus,
550 1097 635 1165 atque
654 1090 720 1150 ideo
740 1090 883 1164 cogitandi
901 1090 1035 1149 facultate
1055 1089 1248 1165 insignimur,

198 1184 327 1238 constare
342 1177 467 1251 prolecto
482 1175 620 1235 debemus
633 1175 775 1249 principio
790 1174 899 1248 aliquo,
916 1175 992 1248 quod
1006 1174 1184 1248 cogitationis
1199 1176 1252 1234 bn·

197 1263 243 1322 ius
257 1268 286 1323 et
300 1262 485 1334 facultatum,
503 1260 608 1334 quibus
623 1260 756 1333 cogitatio
766 1264 939 1330 exercetur,
955 1257 992 1316 sit
1005 1258 1080 1316 lons.
1101 1259 1159 1317 Hoc
1172 1259 1251 1333 prin-

198 1347 307 1421 cipium
327 1346 493 1404 nominatur
508 1345 648 1416 coimus,
665 1344 701 1402 de
715 1343 835 1417 ipsoque
852 1347 1032 1417 praesentem
1052 1343 1249 1404 tractationem

197 1431 384 1507 instituimus,
402 1429 432 1486 in
447 1444 504 1502 qna
520 1427 646 1502 primum
661 1433 808 1500 tamquam
822 1432 982 1486 ceterarum
996 1442 1103 1500 rerum,
1120 1443 1194 1502 quae
1206 1429 1250 1487 di-

197 1515 303 1574 cendae
328 1519 414 1587 sunt,
438 1513 675 1585 tundamentum,
697 1511 857 1570 absolutam
875 1510 1094 1585 repugnantiam
1112 1514 1250 1573 materiae

197 1600 348 1673 cogitantis
368 1602 544 1669 statuemus,
566 1596 669 1655 deinde
688 1595 778 1656 animi
800 1601 951 1670 natunam,
972 1596 1123 1671 originem,
1139 1613 1249 1658 nexum

200 1701 268 1744 cum
283 1698 401 1758 corpore
417 1680 663 1762 investigabimus.

620 1853 790 1912 insinuans
805 1853 826 1912 l.

374 2019 413 2081 Dc
424 2037 529 2097 pepon
544 2021 750 2096 cogitationem
763 2023 842 2081 tour
855 2030 882 2081 ct
896 2024 1065 2083 materiam.

234 2191 279 2252 88.
297 2191 350 2260 Qui
365 2191 494 2251 animm
509 2193 686 2266 humanum,
704 2193 912 2252 nobilissimam
926 2192 1050 2252 hominis
1064 2197 1194 2266 partem,
1211 2190 1248 2251 de

198 2277 288 2350 gradu
307 2275 428 2338 deiicere
443 2276 521 2335 etad
536 2277 685 2334 materiam
705 2291 857 2349 revocare,
875 2291 947 2335 ausu
966 2277 1051 2351 plane
1065 2275 1246 2348 incredibili,

197 2359 287 2419 moliti
302 2364 377 2434 sunt,
390 2360 605 2418 motcctottstoc
615 2360 812 2418 nominantur.
829 2360 947 2418 Omissis
961 2360 1114 2432 veteribus,
1126 2375 1249 2434 quorum

197 2444 245 2502 alii
260 2444 405 2502 aetherem
420 2443 654 2515 subtilissimum,
666 2443 717 2501 alii
731 2443 828 2515 iecur,
840 2443 890 2501 alii
902 2443 1085 2502 secretiorem
1099 2445 1247 2517 sanguinis

196 2531 365 2604 portionem,
379 2529 427 2588 alii
439 2530 565 2603 corporis
580 2535 839 2601 temperamentum
855 2528 986 2588 animum
1000 2545 1063 2589 esse
1078 2531 1243 2601 delirarunt3

196 2614 270 2672 inter
290 2613 488 2671 materialistas
509 2614 679 2672 recentiores
700 2619 890 2672 numerantur
910 2615 1090 2687 potissimum
1110 2614 1244 2686 Tolland,

196 2698 317 2770 Hobbes,
329 2697 482 2769 ballonis,
493 2696 609 2770 Volney,
623 2697 771 2770 D’Holbac,
789 2698 895 2772 aliique
910 2699 960 2772 qui
974 2699 1105 2756 animum
1119 2699 1165 2757 vel
1180 2712 1245 2755 cum

196 2783 330 2855 cerebro,
345 2781 388 2840 vel
404 2795 470 2840 cum
490 2783 642 2856 temperie,
659 2787 802 2840 structura
820 2790 850 2842 et
866 2789 947 2841 motu
964 2783 1091 2856 corporis
1110 2783 1245 2841 conlude

195 2873 270 2924 runt.
289 2867 360 2925 Sunt
374 2866 476 2937 etiam,
494 2867 541 2939 qui
559 2866 700 2924 incertum
714 2867 816 2926 saltem
831 2867 900 2940 qnid
915 2867 953 2925 sit
967 2867 1081 2924 ammos
1096 2867 1243 2939 effudere3

195 2952 332 3022 utl'racy,
344 2951 393 3022 qui
408 2951 529 3008 asseruit
544 2966 624 3024 posse
640 2952 780 3023 animum,
792 2952 854 3010 sine
873 2951 1048 3022 discrimine,
1065 2950 1242 3009 considerari

195 3033 240 3092 tel
259 3039 290 3090 ut
303 3033 411 3106 aliquid
427 3035 463 3091 ad
478 3037 603 3108 corporis
619 3042 792 3095 structuram
807 3036 972 3110 pertinens,
988 3035 1034 3093 vel
1049 3041 1081 3093 ut
1095 3035 1246 3093 monadem

194 3133 253 3176 non
268 3123 416 3176 extensam
431 3124 459 3176 et
474 3119 661 3177 sensibilitate
676 3122 840 3194 fruentem,
857 3119 903 3179 vel
918 3126 949 3177 nt
963 3119 1163 3192 corpusculum
1180 3118 1246 3176 sub-

197 3202 245 3260 tile
260 3208 375 3261 ae'reum
390 3201 498 3275 percipi
513 3208 541 3259 et
555 3203 665 3276 palpari
680 3205 812 3262 nescium
827 3208 852 3261 l.
869 3204 996 3277 Denique
1010 3217 1068 3261 non
1082 3203 1243 3274 defuerunt,

197 3286 247 3359 qui
261 3286 315 3345 etsi
330 3287 458 3344 animum
474 3289 625 3344 amatoria
641 3289 857 3362 distinguerent
875 3295 971 3346 tamen
987 3288 1046 3346 solo
1060 3287 1177 3345 rationis
1192 3285 1244 3343 du·

195 3375 242 3428 ctu
256 3385 437 3444 nequaquam
453 3369 565 3428 deliniri
581 3386 662 3444 posse
678 3372 732 3428 rati
743 3377 810 3430 sunt
820 3373 1000 3431 utrumlleus
1010 3370 1153 3445 cogitandi
1163 3369 1245 3443 prin·

195 3454 301 3526 cipium
316 3453 455 3513 creaverit
474 3458 619 3526 tamqnam
638 3455 827 3514 substantiam
842 3471 860 3514 a
879 3471 996 3530 corpore
1016 3456 1190 3527 distinctam,
1208 3469 1247 3512 an

195 3535 249 3606 ipsi
274 3537 410 3599 materiae
434 3537 541 3595 affabre
563 3538 715 3611 dispositae
743 3540 935 3612 cognitionem
960 3541 1106 3599 indiderit.
1130 3538 1247 3597 Dubita-

196 3617 303 3677 tionem
315 3621 391 3679 hanc
405 3620 525 3680 Lockius
540 3621 665 3694 primum
680 3622 795 3680 induxit
810 3625 835 3696 2,
853 3624 903 3697 qui
917 3623 1036 3699 proinde
1051 3622 1211 3698 procaciter
1228 3636 1247 3678 a

240 3775 251 3820 l
274 3777 350 3822 ibant.
368 3778 396 3824 dc
413 3781 505 3828 Volutet.
525 3783 541 3825 t.
559 3779 583 3842 l,
600 3795 623 3842 p.
640 3779 671 3825 t2
686 3785 768 3842 etseq.

237 3849 253 3895 2
270 3869 279 3891 ι
297 3850 356 3896 Nous
373 3867 440 3900 avons
461 3855 499 3901 des
519 3855 578 3902 idtcs
599 3855 625 3901 de
641 3855 661 3901 la
676 3857 766 3902 mrtitra
781 3861 803 3903 et
819 3857 846 3904 dc
861 3857 883 3905 Ιι
901 3859 981 3921 pendo
995 3874 1000 3903 :
1016 3857 1073 3904 mais
1090 3860 1205 3920 pont-dtrs
1219 3869 1248 3900 ns

194 3944 203 3969 ι
220 3941 296 3974 carons
311 3941 367 3974 nour
382 3929 482 3992 sapora
498 3931 526 3978 dc
540 3937 653 3981 conuulso
667 3932 685 3979 si
700 3948 732 3981 nn
748 3939 794 3982 ttrs
806 3939 923 3999 peremant
940 3933 1042 3986 mttriel
1056 3949 1125 3998 pense
1140 3947 1170 3982 on
1185 3945 1248 3993 non,
