2767 4492
552 364 782 412 unrtbmstots
796 364 946 412 ardumum

567 534 700 603 CAPUT
734 535 934 618 Qunnrutt

323 743 363 792 bis
377 743 563 792 teruderinus
576 743 788 791 hswntuiutts
802 743 841 790 ΕΤ
856 743 1175 794 anathematibus.

158 973 164 986 ,
263 911 340 981 Quod
354 917 496 988 postremo
511 915 572 970 erat
586 911 781 986 propositum,
798 905 1016 984 credentibus,
1033 913 1082 985 qui
1097 916 1216 972 naturae
1232 911 1275 972 vi-

227 1013 273 1057 res
295 1002 343 1056 aut
363 997 548 1072 aequiparant
569 1001 618 1054 aut
635 996 795 1069 excedunt,
812 995 964 1053 dicendum
984 1001 1036 1053 est.
1054 995 1130 1062 Quae
1152 996 1272 1070 quidem

227 1081 407 1155 investigatio
426 1097 484 1140 non
499 1095 600 1156 parum
624 1085 667 1139 est
682 1079 787 1154 utilis,
814 1085 874 1137 tum
896 1079 931 1137 ad
954 1093 1082 1154 eaquae
1105 1078 1275 1152 religionem

227 1168 355 1241 attinent,
367 1172 427 1224 tum
443 1167 479 1224 ed
493 1181 527 1224 ea
543 1181 615 1240 quae
631 1165 786 1238 pleniorem
801 1163 1063 1236 distinctionemque
1073 1177 1170 1221 rernm
1187 1175 1273 1222 mun·

226 1251 365 1310 denarum
385 1245 515 1310 notitiam
534 1249 698 1322 respiciunt.
730 1248 854 1316 Quatuor
872 1253 967 1306 autem
991 1247 1038 1305 hic
1063 1247 1269 1322 expendemus.

225 1333 374 1410 Primum,
404 1333 472 1408 qttid
497 1349 547 1408 pro
576 1333 679 1392 effectu
708 1330 836 1391 naturali·
856 1337 904 1391 aut
928 1331 1137 1404 supernaturali
1167 1329 1273 1390 intelli·

226 1419 349 1494 gendum
373 1419 432 1492 sit,
463 1418 587 1492 quidque
610 1417 757 1491 utriusque
781 1417 854 1475 ierat
877 1416 1010 1475 conditio.
1038 1415 1167 1489 Deinde,
1198 1429 1273 1490 quae

224 1503 356 1562 miraculi
379 1501 504 1576 genuina
524 1502 560 1560 sit
581 1499 681 1575 notio,
713 1517 746 1559 ac
766 1501 860 1560 sintne
884 1500 1024 1559 miracula
1042 1501 1073 1558 in
1091 1497 1272 1574 possibilium

223 1601 343 1646 numero
356 1587 498 1644 habenda.
516 1585 659 1660 ilenipte,
685 1587 721 1644 de
741 1586 906 1645 eorumdem
921 1584 1072 1659 principali
1092 1599 1196 1659 causa,
1223 1583 1273 1643 de-

224 1688 279 1748 que
294 1671 415 1731 criteriis
430 1668 534 1744 qttihus
548 1670 672 1729 discerni
696 1671 823 1744 possint,
840 1669 948 1743 aliquid
966 1668 1092 1744 breviter
1105 1667 1269 1728 induemus.

224 1757 360 1826 Quocirca
382 1755 587 1831 quadripartita
605 1754 659 1814 ioci
673 1755 760 1814 huius
784 1755 945 1814 distributio
969 1759 1092 1830 quatuor
1110 1753 1272 1815 absolvetur

225 1839 361 1900 articulis.

643 2011 813 2068 domemus
830 2009 851 2068 i.

362 2179 400 2239 Dr·
414 2179 526 2254 caoctus
541 2179 693 2239 naturalis
708 2186 734 2238 et
748 2177 989 2252 supernaturalis
1003 2176 1129 2237 notione.

260 2349 303 2408 39.
323 2349 522 2409 Praetermissa
541 2365 639 2408 eornm
663 2349 796 2423 opinione
815 2347 1005 2433 stultissima,
1037 2348 1086 2421 qni
1108 2349 1268 2418 naturam,

222 2435 312 2492 instar
326 2435 473 2492 cuiusdam
488 2433 575 2506 idoli,
597 2435 652 2492 ilco
668 2435 696 2490 in
713 2434 798 2491 rebus
814 2433 965 2491 moliendis
985 2432 1202 2504 administram,
1220 2433 1271 2488 aut

224 2518 310 2575 etiam
333 2518 498 2575 adiutricem
518 2517 663 2574 delirando
678 2517 788 2574 tinxere
813 2518 907 2591 (qnod
922 2522 1116 2575 commentum
1137 2513 1270 2573 retulisse

222 2601 363 2658 refutasse
377 2606 419 2659 est
435 2603 487 2674 ⁴),
513 2601 603 2674 repeti
617 2601 662 2658 hic
677 2601 815 2658 memoria
836 2601 937 2675 debet,
968 2602 1043 2675 quod
1068 2601 1138 2659 alias
1159 2601 1190 2658 iu
1214 2599 1270 2656 Qn-

225 2682 327 2754 tologia
341 2685 376 2741 de
395 2689 512 2742 naturae
534 2684 646 2742 notione
666 2683 842 2742 tradidimus.
867 2685 905 2742 Ea
926 2685 1003 2744 enim
1025 2701 1093 2744 voce
1114 2700 1172 2742 non
1191 2681 1271 2742 alind

223 2772 393 2841 usurpatur,
410 2765 465 2826 nisi
480 2769 603 2827 essentia
618 2767 679 2841 ipsa
694 2768 735 2825 rei
750 2768 919 2841 cuiuslibet,
943 2775 1026 2843 prout
1039 2783 1154 2829 suarum
1168 2781 1270 2839 opera-

222 2852 331 2910 tionum
346 2858 388 2910 est
404 2853 475 2910 lons.
494 2853 550 2910 ilac
566 2851 749 2926 usurpatione
765 2853 836 2910 nihii
858 2858 932 2910 vetat
946 2854 1016 2926 quin
1038 2853 1093 2912 ileo
1116 2852 1204 2910 etiam
1219 2849 1271 2909 tri·

222 2935 335 2992 ituatur.
367 2937 400 2992 ht
424 2935 561 2995 laxiorem
580 2937 654 2994 hanc
670 2934 794 2994 nominis
809 2935 1071 3011 significationem,
1103 2951 1187 3010 saepe
1201 2949 1271 2994 eon-

223 3019 337 3075 trahunt
357 3019 536 3095 philosophi,
563 3037 684 3094 eamque
699 3023 786 3079 rebus
807 3029 917 3078 tanturn
932 3020 1052 3094 creatis,
1080 3026 1220 3091 quatenus
1234 3015 1273 3078 ad

222 3103 397 3176 operandum
414 3103 540 3176 pollent,
570 3105 764 3178 exprimendis
779 3106 932 3178 applicant.
954 3106 985 3162 iu
1009 3105 1151 3162 diminuta
1175 3103 1271 3176 ltaque

220 3185 470 3261 hac'acceptioue,
486 3195 614 3246 naturae
630 3205 734 3246 numen
750 3190 796 3244 hio
816 3189 1004 3263 adhibemus,
1025 3189 1056 3246 iu
1072 3197 1210 3263 quantum
1226 3187 1271 3243 ni·

219 3271 326 3329 mirum
341 3271 481 3346 significat
497 3274 686 3331 substantiam
703 3273 743 3330 rei
759 3281 871 3332 creatae
880 3280 970 3348 prout
995 3289 1112 3333 suarum
1132 3273 1271 3348 operatio-

221 3369 290 3414 num
305 3356 440 3416 idonenm
455 3357 626 3430 principium
642 3365 693 3415 est.
717 3357 807 3424 Quare
828 3361 904 3417 notio
920 3367 1037 3418 naturae
1052 3360 1161 3418 notioni
1176 3373 1272 3417 essen·

222 3439 277 3498 tiae
292 3447 403 3500 creatae
418 3457 476 3500 non
491 3442 569 3500 aliud
590 3441 735 3514 adiungit,
750 3443 807 3501 nisi
821 3444 896 3516 quod
909 3459 956 3503 res
972 3444 999 3502 ri
1014 3445 1139 3519 quadam
1154 3431 1271 3504 inierua
1377 3510 1380 3525 .

264 3609 274 3652 i
295 3611 364 3658 liuius
379 3613 478 3659 insaniae
492 3612 614 3658 absurditas
630 3612 665 3658 val
681 3613 734 3659 inde
749 3614 846 3676 intelligi
860 3621 939 3678 potest,
952 3617 1010 3679 qnod
1025 3618 1058 3663 sir
1067 3622 1147 3663 naim
1161 3622 1273 3676 tanqum
1378 3634 1379 3643 ¹

219 3697 281 3730 reu
297 3699 321 3731 se
334 3693 356 3732 ei
370 3689 491 3734 neeumrio
504 3693 590 3734 araim
602 3693 667 3750 utque
682 3688 732 3734 ideo
746 3690 802 3736 nulii
816 3691 921 3755 subiecta,
932 3693 1028 3739 cuiusvis
1042 3694 1170 3739 mutationis
1184 3700 1271 3753 expers,
1378 3690 1379 3743 l

219 3757 315 3822 infinilt,
329 3775 373 3806 uno
387 3765 461 3828 rmbo,
478 3771 502 3811 ut
516 3763 571 3812 alter
586 3765 642 3810 Deua
658 3766 778 3826 cogitanda
793 3773 857 3814 esset.
874 3769 945 3824 Quare
960 3770 1089 3831 lipmentnm
1104 3767 1145 3814 ltoe
1159 3781 1188 3813 ns
1201 3765 1274 3812 istun

219 3833 317 3962 32:31
324 3849 448 3964 :offla
461 3840 784 3902 deothmrdpotpttetm
793 3844 872 3909 mut,
885 3844 912 3893 do
927 3847 989 3894 enin·
1003 3846 1100 3896 ruint·
1114 3845 1139 3891 in
1152 3840 1274 3903 mnino·
