2767 4492
226 287 278 347 lat
553 295 783 348 umrmsrsmas
797 297 944 344 mammis

224 384 289 444 silio
301 381 396 457 pollet.
409 382 479 453 Quid
493 399 562 443 rero
576 383 650 458 quod
664 397 782 456 corpore
800 386 906 453 coacto,
926 394 985 440 non
1009 377 1122 454 cogitur
1136 381 1277 442 animus?

226 466 298 537 Quid
316 467 393 542 quod
409 468 467 526 lere
486 481 598 542 semper
611 481 684 541 quae
699 465 810 540 corpori
824 469 952 539 prosunt,
968 469 1051 523 nooet
1071 465 1177 539 animo;
1200 483 1277 542 quae
1379 500 1380 517 κ

225 556 323 610 oontm
336 556 461 610 mentem
476 556 618 623 exercent,
635 565 737 624 corpus
750 549 920 608 debilitant?
934 549 1116 620 Nonuehaec
1125 551 1277 628 utriusque

223 650 387 710 processum
405 649 464 694 nou
477 634 560 693 modo
574 649 632 693 nou
648 633 781 692 eumdem
804 637 853 691 aut
867 632 1054 705 consimilem,
1069 647 1170 692 rerum
1185 635 1291 695 etiam·

224 719 307 794 longe
321 720 464 778 diversum
478 722 507 776 et
521 718 773 777 contrariumesse
786 717 1002 778 demonstrant?
1074 741 1080 754 ·

260 803 337 872 Quod
351 803 376 861 si
389 802 541 876 aliquando
556 816 594 861 ex
617 801 822 862 mutationibus
836 801 961 874 corporis
981 802 1153 861 mutationes
1182 803 1273 862 etiam

225 888 256 946 in
271 886 369 946 animo
383 886 526 959 accidunt,
543 891 628 960 atipue
642 901 680 944 ex
702 886 906 960 impedimento
920 885 1046 959 eorporis
1069 887 1212 958 cogitandi
1229 889 1276 946 ris

226 971 417 1045 praepeditur,
434 970 464 1030 id
479 985 537 1029 non
552 985 589 1029 ex
604 969 793 1030 similitudine
808 975 927 1049 naturae
941 969 992 1028 sed
1005 985 1044 1028 ex
1056 967 1159 1028 intima
1168 969 1288 1030 utrius-'

226 1069 281 1128 que
294 1053 440 1112 iunctione
453 1053 580 1112 resultat.
600 1053 674 1112 llum
689 1053 768 1112 enim
793 1053 907 1112 animus
926 1053 1037 1126 corpori
1060 1053 1217 1125 copulatur,
1237 1069 1273 1112 eo

225 1143 372 1212 amquam
387 1137 575 1196 instrumento
589 1138 688 1211 utitur,
705 1141 820 1211 propter
833 1135 1010 1196 consutiones
1025 1152 1042 1194 a
1056 1136 1161 1210 quibus
1175 1137 1271 1209 cogui-

226 1221 264 1280 tio
278 1222 382 1281 mentis
396 1221 427 1280 iu
441 1226 516 1280 statu
531 1221 646 1282 unionis
670 1221 776 1296 pendet
793 1236 827 1280 eo
842 1220 926 1280 modo
942 1235 998 1294 quo
1022 1219 1142 1278 interius
1166 1219 1271 1279 dicturi

224 1321 333 1366 sumus.
350 1305 442 1374 Quare
465 1310 505 1379 ut,
522 1305 657 1365 dissoluto
672 1306 871 1377 instrumento,
889 1303 934 1363 vel
954 1304 1143 1378 peritissimus
1166 1303 1271 1362 artifex

224 1391 260 1450 ab
274 1390 416 1464 operando
430 1390 593 1464 impeditur,
605 1393 655 1448 aut
669 1403 789 1447 munere
804 1405 855 1447 suo
871 1403 1021 1462 perperam
1045 1388 1127 1460 fungi
1147 1387 1265 1461 cogitur3

222 1474 264 1533 sic
279 1475 402 1548 animus,
418 1474 581 1548 perturbato
595 1472 712 1532 omniuo
722 1488 839 1545 corpore
854 1479 904 1530 aut
927 1471 1062 1530 sensoriis
1085 1470 1267 1544 praepeditis,

100 1560 107 1572 ‘
222 1557 405 1632 cogitationes
419 1558 505 1616 huius
518 1563 607 1616 status
618 1557 746 1630 proprias
760 1571 894 1614 exercere
909 1571 967 1614 non
981 1553 1066 1613 valet.
1083 1555 1113 1613 ld
1128 1568 1195 1613 vero
1209 1554 1268 1628 spi·

223 1642 407 1701 ritualitalem
426 1642 487 1700 eius
503 1647 561 1700 tum
575 1641 735 1700 luculenter
749 1640 898 1713 probatam
911 1654 969 1697 non
983 1639 1120 1710 intirmat,
1142 1639 1190 1698 sed
1200 1637 1267 1696 inti-

223 1740 302 1783 mam
315 1739 382 1784 cum
407 1740 524 1799 corpore
547 1725 648 1782 iuliae
663 1724 722 1782 vita
736 1723 898 1782 societatem
914 1723 1045 1781 ostendit.
1061 1723 1157 1796 luepte
1180 1721 1267 1794 igitur

223 1807 425 1869 materialistae
445 1801 645 1882 argumentum
659 1822 698 1866 ex
717 1807 771 1866 hoo
796 1810 895 1865 contra
918 1806 1007 1864 animi
1026 1805 1268 1864 immortalitatem
1379 1884 1381 1891 y

223 1896 382 1952 assumunt.

260 1975 348 2033 Obiio.
364 1975 407 2034 lll.
426 1975 454 2034 Si
469 1977 582 2035 animem
597 1975 766 2035 immortalis
777 1980 861 2048 esset,
877 1990 954 2033 mors
969 1975 1046 2049 nullo
1061 1973 1161 2032 timore
1176 1972 1267 2030 horni-

225 2071 293 2116 nem
308 2063 443 2132 angeret,
461 2060 510 2118 sed
525 2060 580 2133 ipsi
594 2059 719 2118 iucunda
737 2059 831 2133 potius
849 2059 998 2117 accideret.
1019 2059 1090 2117 llam
1108 2057 1264 2131 praesentis

223 2141 298 2200 vitae
312 2140 395 2201 malis
416 2142 524 2202 solutus
541 2143 655 2202 animus
670 2144 707 2201 ad
721 2143 831 2218 potiora
852 2143 928 2201 bona
947 2141 1094 2216 migraret.
1110 2140 1192 2214 Atqui
1207 2140 1264 2214 ple

221 2239 343 2298 rumque
357 2225 487 2285 homines
506 2231 627 2286 mortem
645 2227 841 2302 maximopere
861 2227 1088 2300 perhorrescunt.
1104 2225 1176 2298 Ergo
1189 2238 1263 2282 mor-

222 2307 343 2368 talisest
358 2309 481 2368 animus.
1241 2371 1245 2377 „

257 2393 340 2467 Resp.
353 2393 381 2452 Si
392 2394 479 2468 probe
489 2409 535 2454 res
547 2393 750 2470 introspicitur,
765 2397 849 2455 timor
859 2396 1020 2469 ingruentis
1034 2395 1133 2454 mortis
1148 2394 1263 2454 immor·

222 2476 361 2538 lalitotem
383 2477 472 2536 animi
492 2494 550 2537 nou
571 2479 716 2552 infirmat,
733 2479 783 2537 sed
796 2479 956 2538 confirmat.
972 2480 1043 2538 llam
1057 2478 1202 2536 maximus
1216 2475 1263 2535 ille

222 2560 306 2623 timor
320 2566 348 2620 et
361 2561 429 2635 iuga
451 2561 580 2621 animum
601 2562 784 2622 vehementer
800 2563 970 2622 excrucians
992 2563 1022 2621 in
1040 2563 1077 2620 iis
1099 2561 1263 2635 plerumque

221 2645 375 2718 contingit,
391 2645 441 2719 qui
457 2645 624 2720 turpificatis
639 2646 767 2705 moribus
781 2647 947 2719 indulgent,
964 2652 993 2705 et
1006 2644 1042 2704 ob
1057 2646 1181 2704 admissa
1194 2643 1263 2702 iaci-

219 2743 291 2788 uore
304 2743 411 2803 poenes
426 2734 453 2788 et
469 2730 643 2788 calamitates
659 2730 824 2788 subeundas
839 2730 948 2788 timent.
959 2729 1002 2789 Nil
1017 2729 1109 2788 simile
1123 2728 1204 2787 bonis
1217 2741 1263 2785 ao·

220 2812 297 2886 cidit,
314 2819 346 2872 ut
360 2813 489 2872 omnium
503 2819 628 2872 aetatum
643 2828 677 2872 ac
694 2820 852 2888 temporum
867 2813 986 2872 historia
1000 2819 1127 2872 testatur.
1145 2811 1220 2880 Quod
1236 2810 1262 2870 si

220 2897 306 2971 etiam
322 2896 425 2970 probos
439 2897 569 2957 homines
584 2899 682 2956 mortis
698 2897 801 2970 aliquis
815 2898 914 2955 horror
928 2897 1051 2971 invadit,
1066 2897 1092 2956 is
1105 2912 1164 2956 non
1177 2912 1216 2955 ex
1230 2894 1262 2953 ti·

218 2993 299 3038 more
312 2979 454 3038 interituri
473 2980 563 3039 animi
584 2982 689 3053 oritur,
707 2983 758 3040 sed
772 2997 809 3040 en
824 2980 947 3039 naturali
963 2982 1086 3055 quadem
1100 2994 1261 3054 repugnan-

220 3061 269 3133 tia,
279 3077 368 3135 quam
383 3063 495 3122 animus
512 3065 637 3138 experiri
652 3065 736 3122 debet
748 3065 816 3123 dum
828 3079 845 3122 e
856 3080 981 3138 corpore,
992 3064 1109 3138 quicum
1124 3070 1189 3122 ante
1204 3068 1262 3120 tam

219 3148 296 3204 arcto
311 3145 424 3204 vinculo
446 3146 626 3220 sociabatur,
644 3147 788 3220 abscedit,
804 3153 834 3206 et
848 3163 886 3206 ex
899 3148 1044 3207 anxietate
1058 3162 1144 3222 quam
1159 3145 1263 3218 ingerit

218 3228 349 3304 cogitatio
370 3228 473 3288 dubiae
495 3229 596 3303 sortis,
619 3231 737 3304 quaein
752 3235 900 3289 aeternum
921 3231 1071 3291 subeunda
1090 3231 1153 3289 erit.
1173 3229 1262 3288 Nemo

217 3313 295 3371 enim
310 3311 455 3371 evidenter
463 3312 494 3371 in
504 3313 557 3371 hac
566 3313 634 3386 vita,
644 3313 704 3372 nisi
713 3313 769 3372 lleo
780 3315 933 3385 revelante,
945 3317 1020 3376 scire
1033 3320 1126 3390 potest
1137 3328 1167 3372 ec
1180 3327 1262 3386 prae-

216 3397 275 3456 mio
288 3412 347 3456 non
361 3411 454 3470 poena
468 3397 528 3455 lore
544 3397 682 3470 dignum,
699 3398 751 3457 etsi
767 3399 933 3459 alterutrum
954 3401 1037 3459 valde
1059 3395 1197 3475 probabili
1214 3411 1261 3454 ra-

218 3481 293 3539 tione
308 3479 450 3539 coniiciat.

252 3564 340 3622 Obiic.
356 3565 387 3623 ll.
405 3563 522 3622 Animus
537 3564 666 3624 conditus
681 3570 724 3623 est
739 3571 771 3624 ut
786 3583 888 3642 corpus
907 3569 1051 3628 informet.
1073 3569 1154 3641 Ergo,
1164 3553 1261 3626 corru-

215 3650 263 3720 pto
279 3661 404 3720 corpore,
421 3647 517 3706 delicit
532 3648 598 3707 linis
614 3655 727 3722 propter
741 3666 827 3729 quem
842 3654 980 3711 exstabat.
994 3651 1115 3726 Ergosi
1131 3665 1262 3725 superes-

216 3733 269 3800 set,
282 3728 311 3784 in
322 3734 396 3789 statu
407 3732 530 3805 quodum
541 3733 663 3791 violento
678 3739 777 3792 eontra
791 3738 951 3795 nubtialem
965 3738 1028 3797 eius
1042 3737 1262 3811 propensionem

215 3811 401 3876 inveniretur.
415 3818 449 3875 nt
461 3831 529 3879 vero
544 3817 586 3877 nil
600 3817 755 3878 violentum
768 3818 907 3880 durabile.
