2767 4492
244 301 298 368 258
573 309 961 362 minmmmnsenellnlr

281 405 364 478 xesp.
380 401 530 476 Largimr
544 401 646 460 llanlio
665 413 740 474 quae
758 402 857 458 conus
877 397 1078 470 argllmentum
1097 397 1294 472 ualdegicom

245 489 336 550 affert.
354 487 411 547 lloc
425 485 502 546 euim
517 501 617 544 revera
635 483 779 544 fallaciam
793 498 852 542 non
865 481 960 544 lesem
981 481 1122 555 offendit,
1140 489 1295 558 propterea

246 574 321 648 qnod
331 571 476 632 exordiae
490 569 575 629 ideali
591 569 627 628 ad
641 568 749 628 realem
763 565 896 626 transilit.
908 567 940 626 in
950 566 1016 626 idea
1029 567 1109 628 enim
1123 568 1198 629 entis
1213 584 1294 629 sum·

246 673 293 718 me
308 657 424 732 perlecti
444 654 597 714 existentia
612 659 722 713 lantum
747 651 848 713 idealis
869 652 1042 712 continetur.
1059 651 1136 720 cuod
1153 651 1227 714 sica
1240 669 1294 714 no-

248 743 323 802 tione
347 741 432 800 realis
454 740 540 812 etiam
562 738 714 797 existentia
736 735 845 796 includi
863 735 948 809 velit,
966 741 1034 796 tanc
1055 752 1107 796 ens
1127 736 1295 801 huiusmodi

248 841 360 886 summe
374 825 530 900 perlectum
544 824 574 882 in
591 830 665 883 statu
680 822 750 885 reali
770 822 939 896 supponitur
951 836 985 880 ac
999 821 1119 897 proinde
1139 824 1295 885 manifesta

248 913 281 971 lit
300 909 433 984 principii
455 909 562 984 petitio.
582 909 615 968 lt
638 907 705 966 iero
723 906 907 966 vehementer
928 921 1066 979 negamus
1089 913 1294 980 argumentum

248 996 467 1070 cosmologicum
487 996 517 1054 in
544 992 735 1068 orologicum
755 992 877 1052 retundi.
898 992 1021 1052 ilaxima
1044 993 1123 1051 enim
1142 992 1294 1068 utriusque

248 1089 292 1142 est
306 1081 474 1140 differentia.
492 1079 716 1153 Gosmologicum
735 1078 813 1137 enim
834 1092 892 1136 uon
914 1091 952 1136 ex
973 1077 1038 1136 idea
1051 1078 1167 1152 aliqxra,
1183 1080 1234 1138 sed
1252 1096 1292 1139 ex

247 1165 319 1226 reali
340 1165 492 1224 existentia
510 1165 619 1222 entium
644 1162 869 1236 contingentium
891 1162 1025 1221 sensibus
1046 1162 1093 1223 rel
1116 1164 1292 1223 conscientia

249 1255 464 1326 perceptorum,
481 1247 664 1306 existentiam
684 1261 834 1321 supremae
853 1262 957 1306 causae
969 1262 1022 1322 per
1036 1263 1068 1306 se
1088 1247 1227 1306 exstantis
1242 1248 1292 1306 de-

248 1334 336 1408 ducit,
349 1340 461 1408 propter
475 1333 683 1392 connexionem
694 1347 782 1406 quam
796 1331 870 1390 inter
884 1332 1018 1392 ellectum
1028 1337 1057 1390 et
1070 1347 1188 1391 causam
1201 1333 1290 1392 inter-

248 1419 349 1478 cedere
363 1434 479 1478 necesse
494 1418 651 1486 estonam
666 1416 881 1492 principiorum,
893 1416 998 1490 quihus
1012 1415 1153 1490 innititur,
1170 1416 1292 1476 aiterum

246 1503 278 1563 iu
291 1503 442 1564 existentia
452 1502 522 1560 reali
536 1503 646 1561 eutium
657 1508 827 1573 creatcmm,
841 1501 961 1558 altemm
973 1499 1004 1557 iu
1013 1500 1099 1559 enato
1112 1499 1290 1560 conmutatis

251 1589 338 1648 silum
353 1593 404 1646 est.
422 1585 611 1655 Quamobrem
625 1601 683 1645 non
697 1584 913 1644 ratiocinatione
924 1599 1016 1658 puro,
1028 1583 1078 1642 sed
1090 1587 1189 1644 mictu
1203 1585 1291 1643 conti·

249 1679 348 1744 natm,
365 1677 401 1744 et,
420 1671 494 1745 qnod
509 1665 684 1744 consequens
700 1676 752 1742 est,
773 1676 882 1728 lantum
898 1667 993 1726 differt
1006 1666 1043 1725 ab
1061 1673 1230 1742 argumento
1242 1684 1292 1728 on·

249 1755 379 1829 lologico,
399 1763 537 1828 quantum
551 1755 768 1827 argumentatio,
785 1769 859 1827 quae
872 1755 949 1817 circa
966 1751 1109 1815 mannes
1131 1758 1289 1827 exercetur,

249 1839 343 1898 differt
358 1839 394 1896 ab
409 1854 442 1897 ea
457 1853 530 1912 qnae
545 1839 575 1896 in
590 1837 656 1898 solis
672 1838 744 1899 ideis
759 1839 889 1899 vertitur.

282 1927 338 1986 Nec
355 1941 420 1985 vero
429 1925 510 1984 obest
524 1926 608 1999 quod,
620 1925 774 1986 existentia
783 1927 857 1984 entis
866 1927 1022 1986 necessarii
1031 1927 1073 1986 sic
1086 1927 1289 1998 demonstrata,

248 2011 285 2071 ad
299 2015 407 2070 celeras
422 2009 483 2070 eius
497 2011 666 2070 derivandae
688 2011 892 2084 perfectiones,
909 2026 956 2069 ex.
972 2026 1015 2083 gr.
1033 2011 1224 2084 intinitatem,
1242 2012 1293 2069 liat
1381 2052 1382 2061 ,

246 2096 360 2170 gradus.
378 2095 487 2170 Optime
503 2094 581 2155 enim
597 2101 747 2170 postquam
768 2101 882 2156 exstare
900 2095 1009 2169 aliquid
1029 2097 1179 2170 probatum
1194 2100 1291 2167 eet,a

250 2179 411 2240 conditione
426 2185 545 2239 naturae
560 2180 670 2256 ipsius,
687 2196 761 2255 quae
779 2181 908 2240 eiusdem
921 2179 985 2239 idea
1003 2180 1181 2251 continetur,
1198 2184 1293 2237 cetera

249 2265 311 2324 eius
331 2264 465 2324 attributa
486 2265 587 2324 deduci
606 2271 735 2340 possunt.
748 2265 829 2334 ¹Quae
848 2264 964 2340 quidem
982 2264 1162 2323 attributam
1181 2268 1292 2322 lantmn

248 2356 281 2408 ut
296 2350 384 2410 realia
408 2355 638 2426 engnomuntur,
661 2351 692 2409 in
712 2357 852 2422 quantum
866 2354 950 2408 antea
968 2348 1147 2420 subiectum,
1164 2347 1292 2422 aliquod

247 2433 408 2508 pertinent,
434 2434 511 2494 reale
534 2449 596 2493 esse
619 2439 807 2492 monstratum
825 2438 877 2492 est.
894 2434 985 2502 Quare
1004 2432 1157 2508 propositio
1178 2431 1229 2490 iila
1243 2447 1292 2490 cate

248 2519 446 2578 censorium
464 2527 504 2578 est
518 2519 693 2594 infinitum,
709 2519 755 2576 vel
769 2518 926 2592 infinitum
940 2525 982 2577 est
995 2517 1214 2591 menradum,
1234 2530 1293 2578 nen

247 2604 277 2662 vi
302 2619 353 2662 sua
376 2603 426 2662 sed
450 2603 477 2664 xi
502 2603 656 2678 superioris
681 2603 907 2664 radocinationis
930 2604 990 2662 iam
1015 2603 1107 2662 laetae
1132 2601 1292 2663 realitalem

251 2687 347 2749 habet.
1379 2684 1380 2721 ¹

284 2771 343 2830 Lex
357 2787 424 2832 vero
439 2774 621 2848 causalitalis,
638 2779 670 2834 ut
684 2780 779 2834 cetera
792 2774 910 2833 rationis
921 2773 1071 2848 principia,
1082 2789 1143 2833 uon
1157 2771 1293 2832 subiecti·

200 2861 205 2868 '
251 2872 286 2915 va
299 2861 351 2929 est,
370 2858 420 2916 sed
434 2859 560 2918 maxime
574 2859 725 2920 obiectiva.
741 2859 876 2918 Enuntiat
889 2859 966 2917 enim
981 2858 1139 2931 generatim
1148 2873 1209 2916 non
1228 2871 1293 2931 pus

248 2957 278 3000 se
293 2943 426 3001 ellectum
441 2942 521 3017 gigni
535 2945 598 3004 sine
613 2960 713 3018 eausa;
731 2950 816 3018 atque
830 2944 894 3003 ideo
909 2945 975 3002 data
990 2943 1063 3002 serie
1082 2942 1294 3002 moditiomto·
1379 3010 1380 3015 ἵ

248 3041 321 3082 rnen
335 3029 532 3101 quorumdam,
549 3030 611 3088 dari
625 3035 754 3112 oportere
768 3029 938 3110 absolutum
952 3027 1066 3102 aliquod
1081 3044 1119 3087 ex
1132 3043 1189 3102 quo
1204 3026 1293 3085 series

248 3109 298 3168 iila
313 3109 426 3170 landem
442 3113 571 3183 pendeat.
589 3113 619 3172 ld
635 3120 732 3173 autem
746 3128 804 3172 non
818 3119 1000 3187 apparentlas
1014 3112 1146 3187 respicit,
1164 3111 1214 3170 sed
1227 3109 1294 3169 inti-

248 3208 327 3254 mam
342 3195 517 3255 obiectorum
539 3203 685 3272 naturam,
703 3213 757 3257 nec
776 3199 855 3257 ideas
875 3196 1033 3256 subiectire
1047 3197 1226 3269 moderatur,
1244 3194 1296 3253 sed

247 3278 402 3342 obiectivea
417 3296 514 3342 rerum
528 3281 680 3342 relationes
696 3283 830 3357 explicat.
895 3275 898 3282 ’

284 3365 489 3440 Argumentum
503 3367 813 3442 physicolheclogieum
827 3383 886 3428 non
895 3368 993 3435 minus
1003 3372 1114 3443 certum
1130 3365 1232 3435 haberi
1245 3365 1297 3432 de·

247 3450 305 3514 bel.
322 3450 354 3514 In
370 3451 470 3526 primis
484 3449 562 3510 enim
577 3450 618 3510 sic
633 3467 651 3510 a
664 3450 749 3511 nobis
759 3452 937 3526 propositum
946 3456 999 3526 est,
1012 3456 1044 3513 ut
1058 3450 1199 3528 artifimm
1213 3465 1297 3528 mun-

248 3535 277 3592 di
293 3543 321 3594 et
334 3535 527 3594 ordinatorem
540 3551 599 3595 nun
614 3550 824 3610 quemcumque
841 3539 1037 3610 conduceret,
1054 3536 1105 3598 scd
1124 3536 1299 3610 talemtuui

250 3615 363 3678 inlicita·
377 3618 482 3693 polleat
496 3617 693 3693 intelligentia.
710 3619 818 3679 Deinde
834 3619 947 3680 etiamsi
957 3620 987 3680 id
997 3635 1057 3692 non
1070 3621 1187 3693 laceret,
1198 3623 1299 3680 lamen

249 3699 286 3756 ad
300 3701 468 3762 retellendos
483 3703 581 3762 atheos
595 3702 698 3777 oppido
709 3702 864 3779 sutiiceret,
881 3705 932 3780 qui
946 3705 1040 3774 neum,
1049 3705 1158 3767 idcirco
1166 3703 1300 3774 inlician-

251 3787 311 3856 tur,
329 3786 396 3860 quia
416 3803 454 3848 ex
468 3788 582 3848 fortuna
602 3791 631 3848 et
646 3801 715 3846 casn
734 3787 836 3847 mundi
854 3789 1070 3865 dispositionem
1088 3793 1230 3863 repetunt.
1248 3788 1302 3870 ltr-

250 3871 366 3944 stremo,
382 3875 415 3932 ul
428 3873 460 3948 in
474 3870 646 3950 posmologia
659 3871 835 3948 explicatam
847 3878 905 3950 est,
921 3875 1047 3936 mundns
1063 3874 1119 3936 hcc
1136 3871 1201 3950 ipso
1221 3872 1304 3948 quod
