2767 4492
243 394 295 458 tlt
564 403 961 454 usrurursreuhuuamurs

275 496 402 570 Denique
416 493 452 554 ad
465 493 590 555 subditae
603 493 678 568 quod
693 493 802 565 attinet,
817 492 879 551 eius
891 491 969 550 notio
989 488 1151 563 ingenerari
1173 487 1291 550 videtur

241 597 278 641 ex
292 593 412 640 excessi
425 578 548 654 quodmt
562 578 679 638 relativo
692 573 915 652 pulchritudinis
937 579 1067 648 respectu
1080 573 1222 632 facultatis
1237 589 1290 649 ap·

137 690 141 694 ‘
241 667 435 743 prehensivae3
461 671 600 739 quatenus
621 663 761 723 nimimm
785 662 827 720 sic
849 661 1077 736 apprehendatur
1099 675 1116 718 a
1138 666 1234 721 mente
1256 667 1292 720 ut

240 751 439 826 comprehendi
459 749 542 823 plene
563 740 685 822 nequeat
704 751 818 822 propter
832 745 1037 820 praegrandem
1057 744 1289 817 magnitudinem

240 853 297 910 quo
315 841 441 895 ornatur.
456 834 488 893 ln
501 834 556 892 hoc
572 849 658 892 sensu
672 833 777 907 optime
791 831 895 893 dieitur
914 831 1034 890 sublime
1052 829 1082 888 in
1097 828 1196 903 alique
1211 843 1288 888 sem-

96 913 99 923 '
130 916 132 920 ’
238 937 290 996 per
302 920 450 996 ittdtaitote
463 918 587 977 lunderi.
604 919 675 976 hinc
689 933 747 976 non
758 923 815 976 tam
829 915 1102 988 admirationem,*ut
1115 913 1285 988 pulchrum,

241 1006 292 1065 sed
310 1011 455 1080 stuporem
474 1003 566 1078 potius
587 1003 744 1076 ingenerat,
763 1008 791 1061 et
810 1001 937 1060 animum
950 1000 1138 1061 uehementer
1159 999 1289 1074 percellit

240 1096 269 1150 et
283 1091 365 1164 quasi
379 1106 465 1164 supra
479 1089 617 1164 seipsum
632 1087 743 1160 attollit,
760 1085 871 1160 maguis
885 1084 1015 1145 excitatis
1030 1083 1181 1142 affectibus
1203 1097 1288 1157 prae·

134 1243 139 1249 ,
241 1183 285 1236 ter
294 1177 423 1236 ordinem
438 1181 612 1235 consuetum.
632 1174 709 1232 Duae
731 1179 825 1234 autem
851 1171 990 1246 speciosa
1004 1171 1077 1230 Kant
1092 1175 1285 1230 recensentem:

240 1261 362 1320 sublime
376 1259 621 1319 mathematicum
635 1257 772 1318 nimirum
787 1263 815 1317 et
836 1257 1031 1334 dphuuticutu
1047 1257 1071 1314 t,
1087 1255 1215 1316 Primum
1235 1269 1288 1312 no-

190 1344 195 1353 '
243 1346 317 1404 done
330 1345 430 1404 nititur
443 1345 528 1418 spatii
547 1348 596 1404 aut
609 1343 753 1417 temporis,
771 1343 892 1402 alterum
910 1341 1051 1422 potentiae
1070 1356 1123 1400 seu
1136 1339 1190 1414 uis,
1211 1353 1286 1412 quae

240 1445 303 1488 esse
317 1434 408 1504 potest
422 1429 540 1504 physica
560 1428 603 1489 uel
617 1429 744 1488 moralis.

277 1514 398 1574 Solantia
413 1529 487 1588 puae
500 1513 612 1589 pulchri
627 1519 655 1572 et
669 1513 799 1574 sublimis
812 1512 1057 1588 investigationem
1068 1511 1203 1585 instituit,
1215 1525 1286 1570 are-

243 1599 415 1660 csntioribus
434 1599 590 1660 adelettae
603 1599 751 1659 nominata
764 1605 816 1659 est.

582 1799 714 1870 curor
729 1797 949 1870 suuuuuuu
1020 1809 1039 1888 ‘.

312 2009 461 2061 horrores
479 2011 670 2063 rusucuusn
689 2009 771 2068 outa
793 1985 941 2060 ortensis
956 2010 1070 2060 rurum
1086 2008 1216 2060 ctussss

667 2115 857 2164 nasrrcruur.

280 2279 337 2341 [tuo
351 2282 520 2357 philosophi,
537 2280 697 2342 Aristoteles
712 2285 740 2340 et
754 2281 835 2352 liant,
858 2286 954 2341 texere
971 2284 1114 2340 tentarunt
1122 2275 1281 2353 catalogum

242 2368 390 2429 notionum
402 2385 472 2442 quas
488 2368 682 2426 determinatis
697 2367 809 2426 entibus
829 2367 980 2426 iudicando
995 2367 1185 2425 attribuimus.
1210 2365 1282 2423 lline

240 2453 349 2526 primus
364 2453 472 2526 decem,
489 2452 559 2510 alter
573 2453 722 2511 duodecim
737 2453 892 2526 categorias
906 2453 1057 2512 recensuit.
1070 2451 1124 2510 Sed
1135 2451 1158 2508 si
1169 2465 1281 2524 prooes-

242 2551 290 2595 sus
304 2537 458 2597 Aristotelis
474 2552 540 2594 cum
554 2548 689 2610 processu
704 2537 842 2596 Kantiano
867 2537 1037 2610 conseratur,
1054 2535 1198 2596 uidebitur
1213 2549 1282 2592 saue

242 2620 380 2691 posterior
393 2635 451 2678 non
466 2635 528 2678 esse
540 2620 598 2678 nisi
611 2621 713 2679 infelix
727 2621 843 2695 perodio
858 2621 1019 2694 superioris.
1036 2622 1106 2680 Nam
1125 2615 1284 2678 Aristoteles

243 2709 373 2762 centrum
388 2704 496 2762 iaciens
512 2705 543 2762 in
558 2710 623 2763 ente
640 2705 711 2764 reali
726 2711 754 2764 et
777 2705 922 2764 individuo
934 2706 1057 2764 rationes
1072 2704 1226 2762 obiectiuas
1240 2703 1284 2760 iu-

242 2788 400 2861 vestigavit,
417 2804 491 2862 quae
505 2788 546 2846 illi
561 2793 736 2862 competunt3
754 2790 826 2848 haut
848 2805 914 2848 vero
930 2789 1028 2848 iudicii
1042 2788 1182 2862 analysim
1205 2787 1283 2846 iusti-

244 2879 326 2932 tueus
348 2875 449 2933 modos
471 2874 597 2937 diuersos
621 2873 747 2948 respexit
771 2875 873 2948 quibus
893 2879 1017 2933 amente
1040 2872 1162 2947 proferri
1185 2871 1280 2931 soleat.

243 2959 332 3025 Quare
346 2963 379 3018 ut
392 2959 565 3019 Aristotelica
579 2959 765 3019 consideratio
780 2961 927 3033 obiectiva,
945 2959 985 3018 sie
1001 2958 1141 3017 llautiaua
1151 2957 1283 3016 subiecti·

242 3059 278 3102 vu
291 3045 385 3119 potius
399 3044 519 3104 dicenda
533 3051 584 3105 est.
601 3047 689 3119 htque
706 3046 731 3105 is
741 3046 770 3105 iu
785 3046 935 3106 bucellam
947 3045 1143 3106 confusionem
1153 3044 1281 3114 incurrit.

242 3130 311 3188 liam
325 3146 392 3189 cum
406 3130 544 3190 iudicium
557 3131 634 3190 eirea
648 3131 789 3211 obiectum
805 3131 918 3206 aliquod
929 3147 1040 3206 semper
1058 3135 1193 3202 versetur,
1212 3130 1284 3190 dant

242 3221 402 3286 respectum
420 3232 511 3274 unum
529 3215 565 3275 ab
580 3215 635 3274 alio
651 3233 709 3274 non
724 3217 792 3276 satis
807 3218 972 3276 discernens
987 3217 1125 3276 elementa
1143 3215 1283 3275 obiectiva

244 3312 310 3354 cum
324 3299 488 3358 subiectivis
502 3315 652 3373 perperam
667 3301 855 3374 commiscuit,
873 3318 906 3360 ao
920 3307 1067 3376 propterea
1088 3301 1124 3358 ud
1143 3299 1230 3360 series
1253 3315 1282 3359 o-

242 3382 341 3440 muino
355 3383 490 3458 hybridas
509 3384 721 3442 constituendas
736 3385 859 3444 deuenit.

277 3467 409 3526 Libenter
430 3467 670 3541 comparutionem
691 3469 766 3527 bone
780 3485 978 3543 prosequerer3
994 3471 1049 3530 uisi
1072 3470 1281 3530 institutionum

242 3550 348 3610 limites
362 3551 553 3626 prohiberent.
572 3554 662 3621 Quare
676 3553 768 3627 ipsam
783 3554 813 3612 in
828 3554 916 3612 alium
930 3554 1023 3613 locum
1038 3555 1147 3615 differo.
1159 3554 1190 3614 ln
1201 3570 1281 3630 prae·

239 3762 333 3825 derivat,
345 3779 385 3810 uec
398 3765 487 3814 munda
501 3765 637 3814 efflorescere
650 3767 761 3830 opinetur,
774 3766 818 3814 nisi
828 3783 853 3814 er
862 3767 980 3816 intuitione
994 3769 1035 3818 Dei
1050 3774 1072 3816 et
1086 3769 1211 3816 immediata
1226 3783 1283 3814 com-

239 3840 387 3888 municatione
404 3844 493 3904 spiritus
512 3845 578 3892 mesti
592 3860 641 3890 oum
655 3844 761 3890 (scabris
780 3845 931 3906 intelligentis.
949 3847 1010 3901 Quod
1025 3841 1075 3894 eum
1092 3846 1199 3908 originem
1219 3845 1283 3895 ides-

241 3933 290 3971 rum
303 3917 404 3982 attingat,
420 3921 508 3982 proprio
521 3922 569 3968 loeo
584 3921 764 3969 examinabimus.

286 3993 298 4044 l
318 3995 408 4044 dritta
420 3998 542 4058 {milam
556 3999 680 4048 dedicandi·
695 3999 828 4052 adlethae
842 4004 899 4068 pert.
915 4000 940 4065 l,
955 3999 994 4049 tit.
1010 4003 1067 4065 post.
1084 3998 1111 4064 δ.
1128 3999 1159 4049 24
1175 4001 1198 4050 el
1212 4013 1258 4060 seq.
