2767 4492
753 62 802 120 ll

206 285 239 349 ld
641 293 804 344 nosmet

204 389 277 458 eget.
293 379 480 446 Nihilominus
495 380 563 455 quia
578 380 796 453 demonstratio,
814 395 879 441 cum
894 377 1057 458 huiusmodi
1071 375 1156 440 edam
1172 378 1247 442 teri·

205 468 310 534 tatibus
326 465 438 541 propria
454 467 515 524 lnce
530 465 692 539 patentibus
702 463 866 538 adhibetur,
886 464 1036 524 nechabet
1048 468 1244 542 emolumenti,

204 558 236 611 nt
250 567 299 610 eas
308 551 451 610 collustret
466 551 661 624 rationemque
671 549 832 609 aderatcur
843 550 901 609 sint
910 550 1003 624 potius
1012 565 1100 624 quarn
1109 566 1168 610 non
1177 552 1244 626 sint3

203 651 265 696 rem
280 637 315 696 de
330 652 386 710 qna
400 635 510 708 agimus
525 633 739 693 ratiocinatione
753 635 850 709 aliqua
864 636 1076 694 confirmemus.

239 722 295 795 rige
309 723 404 794 itaque
422 720 477 778 dno
492 719 672 778 considerari
689 719 738 777 hic
755 725 886 794 poemat:
903 719 1073 793 subiectum,
1092 721 1169 781 unde
1181 737 1247 797 npe-

203 805 275 865 ratio
291 804 423 877 emergit3
443 803 517 863 Dens
540 803 590 878 qui
611 804 668 862 vim
688 803 730 862 illi
747 804 785 862 ad
803 804 978 878 operandum
997 805 1109 864 indidit.
1125 805 1247 880 lltraqne

184 891 299 948 'auum
323 889 511 964 consideratio
533 889 706 962 propositam
726 887 876 947 veritatem
892 889 1050 948 ctrnlirmat.
1070 889 1104 948 Et
1119 905 1189 949 sane
1209 891 1248 948 ad

205 974 363 1034 subiectum
377 973 452 1047 qnod
469 972 578 1044 attinet,
598 972 692 1047 ipsum
708 972 813 1046 exinde
823 973 860 1032 ad
879 973 1057 1047 operandum
1070 973 1160 1033 cietur
1171 975 1248 1048 qnod

204 1057 376 1132 perfectione
392 1057 488 1131 aliqua
506 1064 584 1115 caret
596 1057 651 1116 sibi
672 1064 877 1130 consentanea,
897 1073 935 1116 ex
951 1057 1033 1116 cuius
1052 1057 1182 1116 absentia
1194 1059 1249 1117 sol·

203 1142 327 1202 licitatur
345 1147 374 1200 et
390 1150 472 1200 extra
482 1141 683 1215 aequilibrium
704 1147 822 1199 naturae
837 1141 961 1214 ponitur.
981 1141 1060 1201 lllam
1072 1141 1158 1214 igitur
1177 1141 1248 1200 dnm

203 1227 345 1300 operando
366 1227 479 1300 assequi
505 1225 619 1298 nititur,
642 1227 671 1284 in
691 1225 798 1283 bonum
819 1225 927 1283 nititur.
949 1225 983 1284 Ut
1003 1225 1082 1283 enim
1100 1241 1139 1283 ex
1158 1233 1248 1283 meta·

204 1311 322 1391 physica
340 1315 465 1382 constat,
487 1309 626 1384 quidquid
641 1317 764 1368 naturae
785 1307 917 1383 congruit
937 1314 986 1368 aut
1005 1308 1248 1382 etiam'quidqnid

203 1392 337 1475 perfectio
358 1402 400 1454 est
418 1397 467 1452 ant
486 1392 686 1470 perlectionem
707 1396 855 1451 conservat
879 1391 923 1450 tel
941 1391 1119 1466 amplificat,
1140 1392 1248 1455 bonum

204 1479 375 1538 nominatur.
396 1479 450 1546 Nec
466 1478 534 1550 lingi
555 1483 644 1552 potest
663 1477 826 1536 subiectum
838 1491 959 1550 operans
970 1491 1021 1551 per
1040 1493 1070 1536 se
1086 1477 1117 1538 in
1136 1478 1246 1536 malunt

203 1563 393 1640 propendere3
415 1561 554 1636 siqnidem
578 1563 728 1636 propensio
747 1561 896 1634 naturalis,
912 1575 979 1621 cum
992 1561 1101 1636 exipso
1118 1559 1245 1635 pullulet,

205 1647 299 1706 eidem
320 1645 473 1704 conformis
490 1661 552 1704 esse
577 1643 674 1719 debet;
699 1645 797 1723 nequit
814 1652 911 1703 antem
928 1645 1155 1716 conformitatem
1174 1645 1249 1705 lianc
1327 1671 1331 1680 ·

204 1731 337 1803 retinere,
358 1720 414 1788 nisi
425 1735 564 1806 quatenns
580 1729 610 1790 in
630 1727 658 1788 id
673 1729 780 1804 [aratur
799 1729 874 1805 qnod
884 1729 1011 1789 subiecto
1028 1731 1138 1796 ratione
1152 1729 1249 1804 aliqua

208 1814 390 1893 assimiletur,
414 1830 446 1873 ac
463 1814 578 1888 proinde
596 1811 657 1874 eius
678 1821 808 1888 respectu
828 1813 985 1875 botritatenr
1004 1812 1140 1874 includat.

242 1899 404 1958 sinautem
425 1905 567 1974 spectetur
588 1897 682 1972 lletrs,
705 1899 753 1972 qni
781 1898 840 1958 tim
863 1898 991 1968 subiecto
1014 1897 1048 1958 ad
1073 1899 1249 1973 operandum

205 1983 352 2058 elargitum
385 1983 508 2058 prolecto
534 1989 653 2042 naturae
677 1983 780 2046 tueor
805 1982 1035 2061 sapientissimus
1054 1991 1083 2042 et
1104 1983 1250 2049 hereneus

205 2067 317 2128 nonnisi
337 2067 372 2128 ad
393 2067 420 2126 id
437 2068 511 2142 quod
532 2067 658 2141 perliciet
678 2074 728 2127 aut
744 2083 810 2126 cnm
831 2067 998 2142 congruenti
1013 2069 1183 2142 perfectione
1199 2084 1249 2128 ne

205 2159 306 2224 ctatur,
320 2153 536 2226 propensionem
548 2149 647 2210 indere
666 2167 750 2224 posse
768 2149 905 2210 dicendus
919 2160 970 2212 est.
986 2151 1153 2213 Praesertim
1163 2151 1191 2210 id
1201 2167 1250 2228 ap

205 2244 294 2310 paret,
312 2236 488 2308 sicogitetnr
505 2233 588 2295 totins
608 2242 728 2294 naturae
748 2243 887 2296 motuma
904 2230 961 2296 Ilen
975 2235 1017 2295 sic
1036 2235 1143 2296 intendi
1158 2243 1187 2294 et
1200 2251 1250 2311 gu·

205 2318 339 2391 berneri,
356 2328 388 2378 nt
409 2319 532 2378 circulus
557 2317 673 2392 qnidam
698 2320 859 2394 perliclatnr
877 2335 934 2393 quo
949 2335 994 2379 res
1010 2336 1109 2380 omnes
1128 2319 1165 2379 ab
1187 2319 1249 2393 ipso

206 2401 336 2458 conditae
348 2401 377 2458 in
388 2413 551 2474 supremum
563 2399 746 2473 principium,
764 2400 840 2458 unde
850 2405 943 2458 ortum
954 2399 1129 2472 ltabuemnt,
1141 2416 1175 2459 eo
1189 2415 1248 2458 mo-

206 2483 260 2556 do,
276 2499 331 2557 qno
353 2485 476 2556 possint,
495 2483 702 2554 regrediantur.
720 2483 751 2558 ld
774 2485 1053 2555 autemnecessario
1072 2486 1128 2544 lert
1150 2490 1181 2542 ut
1202 2499 1250 2541 res

206 2583 305 2626 omnes
320 2568 440 2642 propriis
455 2565 667 2639 operationibus
686 2578 737 2639 per
757 2578 787 2625 se
808 2567 837 2625 in
858 2565 887 2625 ld
899 2566 1091 2641 inclinentur,
1107 2568 1183 2642 quod
1205 2567 1251 2625 tel

207 2651 320 2711 bonitas
337 2651 433 2709 divina
448 2651 485 2708 sit
505 2649 549 2707 vel
568 2650 680 2708 divinae
699 2650 833 2710 bonitalis
849 2653 1040 2728 participatio.

243 2735 431 2809 Propensionc
445 2749 513 2792 vero
527 2733 556 2790 in
570 2731 676 2792 bonurn
692 2734 780 2791 semel
790 2735 819 2792 in
834 2733 962 2795 sarbiectn
977 2734 1069 2810 aliquo
1083 2734 1247 2806 consumta,

208 2819 340 2879 continuo
357 2819 423 2891 luga
436 2817 504 2890 mali
519 2817 612 2876 eidem
628 2816 794 2890 innascitur,
811 2819 951 2892 siquidem
967 2819 1006 2892 tn,
1018 2820 1091 2893 qnod
1107 2824 1248 2891 movetur,

207 2904 307 2976 nequit
320 2901 356 2959 ad
370 2902 538 2960 alterutrum
553 2917 569 2960 e
591 2901 703 2960 duobus
717 2903 853 2976 oppositis
868 2901 996 2961 tarminls
1011 2903 1163 2975 accedere,
1180 2902 1250 2975 quin

208 2987 293 3046 slmnl
309 2986 422 3045 recedn
435 2985 472 3050 ab
488 2986 554 3046 allo.
570 2985 767 3046 damnantem
783 2987 979 3060 ignoratione
989 2988 1097 3046 malum
1105 2985 1251 3046 adremarl

207 3071 328 3144 eiusque
344 3069 501 3144 privatione
515 3071 660 3132 constiuti.

245 3154 271 3214 2.
293 3155 386 3226 Haec,
408 3171 480 3230 quae
503 3156 582 3228 dixi,
599 3169 656 3214 nnn
678 3153 761 3215 modo
777 3155 940 3229 nominem,
959 3158 1009 3216 sed
1027 3171 1074 3216 res
1091 3156 1251 3216 mundanas

208 3255 307 3299 omnes
317 3240 348 3300 in
365 3240 472 3298 honum
488 3241 601 3314 aliquod
618 3243 781 3314 operatione
792 3257 843 3299 sua
858 3243 908 3299 niti
920 3243 1077 3315 generatim
1087 3241 1248 3300 ostendunt.

208 3323 310 3382 ilerum
326 3325 354 3384 in
373 3325 464 3395 nrtrdo,
477 3339 532 3398 qno
548 3323 575 3384 id
593 3331 746 3398 praestant,
757 3326 914 3384 marimum
925 3324 1248 3395 interceditdiscrimen,

209 3414 261 3481 pro
275 3408 437 3466 diversitate
455 3415 589 3480 naturae,
607 3425 663 3482 qna
678 3410 790 3482 sirrgnla
805 3411 833 3468 in
850 3427 901 3468 sno
914 3425 1019 3484 genere
1032 3409 1183 3468 donantur.
1199 3407 1252 3464 lin-

210 3493 249 3548 tia
263 3491 339 3549 enim
354 3492 513 3564 cognitione
534 3507 648 3566 prorsus
663 3493 798 3553 destante
817 3495 940 3567 impulsu
960 3501 1071 3552 tarttnm
1084 3491 1250 3552 mechanico

211 3573 358 3648 feruntur,
376 3574 404 3634 in
420 3576 607 3634 determinata
622 3583 765 3637 naturaei
782 3579 845 3636 nisu
863 3579 976 3650 virium,
992 3578 1097 3652 qulbus
1113 3577 1252 3635 instructa

210 3665 294 3726 sunt,
310 3659 469 3732 residente3
487 3666 515 3718 et
528 3662 708 3720 extrinsecus
723 3670 832 3721 teritum
847 3664 883 3722 ad
902 3677 1001 3722 earnm
1015 3661 1184 3720 exercitium
1203 3658 1254 3716 de·

211 3739 409 3801 terminantur.
426 3744 504 3802 lires
518 3745 719 3819 enim,qnibus
734 3755 896 3821 operantur,
907 3751 1125 3806 caecassentet
1140 3742 1252 3815 lamias,

209 3836 263 3882 neo
278 3824 430 3886 ullomodo
444 3843 482 3887 ex
495 3845 527 3889 se
541 3831 591 3890 sed
606 3831 689 3890 unice
702 3847 742 3890 ex
752 3831 908 3892 monens
920 3833 1048 3905 imputo
1062 3835 1092 3889 et
1104 3829 1254 3890 ruunnts
