2767 4492
533 359 611 403 roais
624 359 766 402 mannaan
953 325 959 334 ⁵
1107 346 1155 406 dit

155 441 244 518 taque
257 444 304 503 bic
315 442 413 502 sedulo
423 441 628 500 advertendum
638 447 691 513 est,
706 442 739 499 in
750 441 842 500 torma
852 442 1000 516 regiminis
1008 441 1163 503 diiudican-

119 527 238 600 daqnae
247 527 338 600 magis
353 525 480 584 societati
495 524 707 583 internetionali
722 525 875 584 conveniat
889 541 947 585 non
960 526 1037 586 idem
1052 527 1165 588 ratioci-

119 610 406 684 niumfleriposseac
418 624 468 682 pro
482 609 781 667 cieiiiindividuornm
788 608 1161 683 societateiiaticnesenim,
1186 669 1189 674 .

120 708 193 766 quae
212 695 363 752 οιιιιιιιιιιιι
381 693 561 752 dominatum
581 692 711 751 omnium
725 692 868 751 sociorum
885 691 1164 766 imperfectissimum

120 790 182 835 esse
191 781 221 835 et
230 792 301 851 pene
315 781 435 835 naturae
445 776 589 835 humanae
604 780 832 849 repugnantem
848 780 979 849 respectu
988 776 1067 835 illius
1079 780 1163 838 mini-

120 874 167 918 me
178 859 282 918 valent.
296 861 356 920 Non
370 861 447 918 enim
457 859 589 919 coalescit
602 859 759 918 individuis
769 859 1003 928 seductionibus,
1017 874 1090 932 quae
1104 861 1164 920 ton·

120 944 387 1017 gepaucioressunt
398 947 556 1002 numerosi
570 959 588 1001 a
602 943 661 1001 suis
675 940 838 1002 rectoribus
846 945 1104 1015 repraesentantur,
1115 947 1164 1016 qui

121 1023 278 1095 generatim
292 1022 411 1082 scientia
421 1027 448 1080 at
457 1023 561 1080 virtute
571 1026 717 1080 emantur.
729 1022 821 1089 Quare
830 1020 1033 1095 impedimenta
1043 1036 1081 1080 ιιι
1089 1022 1165 1082 ιιιι-

120 1109 168 1163 ctu
181 1105 292 1165 debitae
307 1105 476 1177 cognitionis
491 1105 655 1164 enascantia
675 1109 724 1162 ant
737 1120 775 1164 ex
795 1104 920 1164 tumultu
934 1104 1122 1178 cupiditatum
1136 1111 1166 1164 et

120 1187 203 1245 turbe
216 1187 387 1246 iudiciorum
401 1188 635 1262 discrepantium,
652 1189 682 1246 in
701 1202 736 1246 ea
752 1188 886 1247 societate
904 1187 1024 1246 minime
1040 1189 1166 1247 timenda

119 1274 196 1328 sunt.
217 1271 260 1328 iix
275 1271 330 1329 alia
355 1287 422 1330 vero
442 1277 523 1345 parte
545 1277 767 1330 consentaneum
788 1270 870 1330 valde
892 1271 1023 1342 videtur,
1047 1277 1079 1330 ιιι
1098 1287 1165 1330 cum

17 1361 21 1366 '
121 1366 219 1411 omnes
230 1352 359 1412 nationes
368 1354 445 1413 idem
454 1353 499 1412 ius
510 1369 608 1413 secum
618 1353 749 1413 ferentin
760 1353 954 1413 societatebac
964 1354 1117 1413 universali
1125 1355 1165 1415 ei·
1211 1389 1219 1404 -.

120 1433 287 1509 ιοιιιιιιιιιι;
300 1437 376 1494 idem
394 1437 439 1495 ins
453 1438 594 1496 retineant
607 1437 638 1495 in
649 1436 851 1495 communibus
865 1436 1127 1497 deliberationibus.

47 1543 50 1552 ·
156 1517 217 1576 237.
235 1519 268 1578 Ut
280 1519 421 1593 cuiusque
438 1520 611 1578 auctoritatis
626 1519 703 1578 notio
718 1519 782 1590 fert,
798 1519 840 1578 sic
855 1519 942 1578 etiam
958 1520 1110 1578 auctoritas
1122 1519 1164 1579 in·-

121 1601 315 1660 ternationaiis
327 1601 430 1676 triplici
442 1603 491 1662 ilia
500 1606 646 1676 potestate,
659 1602 834 1676 tepictota'co,
846 1603 995 1662 meruitve
1005 1603 1166 1662 etiedicic·

121 1685 180 1757 ric,
198 1685 337 1745 instructa
351 1701 413 1746 esse
429 1687 528 1754 debet,
545 1700 610 1746 cum
625 1686 727 1745 ceteris
743 1685 939 1745 functionibus
953 1701 1027 1759 quae
1042 1687 1109 1745 inde
1123 1686 1165 1744 di-

120 1773 248 1826 manant.
262 1769 352 1834 Ouare
367 1769 429 1826 eius
442 1769 565 1842 partium
576 1773 619 1827 eet
629 1768 707 1842 leges
715 1769 835 1827 condere
843 1769 937 1842 quoad
950 1773 1064 1828 mutuos
1077 1770 1166 1828 natio

120 1864 191 1908 num
206 1857 351 1924 respectus
366 1851 547 1922 ordinandos,
564 1866 721 1924 earumque
734 1852 932 1910 executionem
946 1867 1109 1925 procurare,
1125 1857 1164 1911 at·

119 1947 177 2006 que
187 1933 394 2008 controversias
404 1935 532 2007 gentium
546 1947 663 1992 noscere
678 1948 712 1992 ac
726 1933 869 1994 dirimere.
880 1933 989 1993 Exinde
998 1949 1075 2008 vero,
1087 1936 1163 1994 inter

120 2015 178 2073 atie
186 2014 284 2086 muita,
297 2015 353 2074 trie
361 2016 554 2075 emolumenta
565 2017 693 2075 maxime
706 2022 928 2090 consequunmr.
935 2016 1062 2076 Primum
1075 2022 1107 2076 ut
1120 2032 1165 2076 co·

120 2097 177 2154 dex
192 2096 295 2169 aliquis
310 2097 536 2156 intemationelis
550 2099 649 2157 baberi
659 2100 758 2173 possit,
775 2105 859 2174 atque
871 2100 935 2160 ideo
948 2115 1007 2159 non
1020 2101 1104 2160 modo
1117 2101 1163 2159 ius

120 2178 249 2252 gentium
262 2179 390 2236 naturale
404 2179 496 2251 magis
515 2179 700 2238 confirmetur
712 2187 741 2240 et
751 2182 896 2255 clarescat,
908 2184 959 2242 sed
975 2184 1062 2243 etiam
1075 2189 1108 2244 nt
1117 2183 1164 2244 ius

120 2259 247 2332 gentium
262 2259 415 2333 positivum
429 2275 486 2318 non
505 2260 650 2318 incertum
664 2261 703 2319 ιιι
716 2267 745 2320 ιι
763 2279 867 2335 vagum
881 2265 931 2323 sed
945 2266 1167 2326 determinatum

121 2347 149 2401 et
166 2348 307 2401 constans.
325 2343 449 2415 Deinde,
465 2348 498 2402 ut
512 2343 586 2402 belia
607 2343 684 2403 inter
697 2345 822 2418 privatas
838 2347 968 2406 nationes
981 2350 1096 2420 penitus
1117 2350 1165 2409 eli-

120 2425 282 2498 minentur,
295 2440 362 2484 cnm
376 2425 504 2499 gentium
518 2426 685 2499 discordiae,
701 2442 776 2498 quae
790 2427 862 2485 torte
875 2427 1013 2499 incidant,
1030 2431 1066 2486 ab
1076 2431 1163 2489 inter-

121 2507 259 2567 netionaii
274 2508 439 2568 auctoritate
453 2508 682 2568 diiudicenturet
691 2510 1027 2582 componanturneciere
1036 2511 1162 2570 bellandi

53 2615 60 2626 ·
121 2606 208 2650 causa
221 2594 344 2666 supersit
361 2593 417 2652 nisi
438 2594 548 2652 cumen
569 2595 689 2652 fortasse
703 2594 854 2652 cniusdam
872 2593 996 2652 nationis
1010 2593 1162 2666 pecnbaris

121 2674 297 2748 puniendum
316 2691 388 2749 qnae
404 2676 509 2742 iudicio
528 2677 675 2750 potestatis
687 2677 915 2738 intemationalis
931 2677 1021 2735 armis
1033 2677 1162 2736 obsistat.

122 2757 181 2826 Ouo
196 2764 299 2817 eventu
314 2760 422 2817 beilum
445 2774 503 2818 non
522 2762 609 2820 aliam
628 2761 773 2820 notionem
792 2761 968 2834 includeret,
986 2761 1042 2821 nisi
1055 2776 1164 2834 poenae

121 2854 195 2912 qnae
209 2842 321 2900 nocenti
335 2856 353 2898 a
368 2841 483 2914 publica
499 2844 666 2902 auctoritate
683 2844 839 2917 infligatur.
854 2844 988 2917 Tandem,
1004 2844 1165 2904 rebellioni-

120 2921 174 2979 bus
189 2937 260 2980 ausa
273 2922 352 2981 nuiia
366 2923 550 2998 relinquitur,
563 2925 668 3000 quippe
683 2941 849 3000 supremum
864 2928 919 2986 boc
933 2927 1059 2987 tribunal
1073 2927 1164 3001 litigia

121 3005 206 3062 eb'am
219 3005 389 3064 diiudicaret
402 3022 475 3079 quae
493 3008 565 3066 terte
578 3008 730 3083 insurgant
742 3011 817 3070 inter
831 3025 980 3084 supremos
994 3010 1164 3084 gubernato·

121 3101 167 3146 res
182 3091 210 3145 et
222 3088 381 3160 peculiares
394 3089 521 3163 popolcs.

156 3169 218 3228 238.
236 3170 371 3244 Denique,
387 3187 424 3230 ne
436 3171 516 3242 plura
531 3177 686 3247 consecter,
697 3176 762 3234 iura
773 3176 955 3236 etbnarcbiae
965 3175 1098 3235 ιιοιιιιιι
1111 3191 1162 3234 na·

122 3252 230 3311 donum
251 3253 393 3311 sociarum
409 3255 501 3312 cidem
516 3257 716 3328 respondentia
729 3275 767 3318 ex
783 3261 840 3318 ιιιιι
853 3258 1027 3318 dimetienda
1040 3263 1107 3317 sunt
1120 3274 1162 3318 so

120 3335 230 3394 cietatis
243 3335 477 3409 internetionem,
486 3353 576 3411 eaque
590 3339 757 3412 singillatim
771 3341 890 3400 definire
900 3340 1093 3414 praesentium
1106 3341 1163 3400 eie·

120 3421 280 3476 mentorum
299 3417 402 3476 limites
416 3421 538 3478 excedit.
555 3422 588 3480 Ut
602 3423 709 3496 aliquid
724 3429 819 3483 umen
837 3424 961 3484 breviter
974 3423 1114 3497 ianuam,
1130 3424 1163 3482 fi·

120 3515 187 3559 nem
202 3501 347 3572 imponam
357 3501 452 3559 uerbis
466 3503 613 3576 Tapareili,
625 3505 674 3578 qui
689 3506 724 3564 de
737 3522 773 3564 ea
787 3522 819 3564 re
834 3507 875 3566 sic
885 3508 985 3566 scribit
1000 3508 1025 3565 ιε
1041 3506 1103 3564 «La
1116 3507 1163 3565 ob·

125 3606 136 3632 e
153 3582 289 3641 bedienaa
300 3583 463 3642 etnarcbica
478 3585 494 3642 ι
508 3585 623 3659 dunque
638 3588 725 3647 molto
739 3603 823 3648 meno
836 3596 955 3664 urgente
965 3591 1023 3650 ebe
1035 3590 1064 3656 ia
1079 3589 1162 3649 ebbe

123 3688 136 3716 a
156 3665 256 3724 diense
265 3665 363 3724 civile:
375 3666 400 3724 si
414 3667 518 3738 perche
528 3667 556 3726 la
565 3675 748 3742 competenaa
763 3671 809 3732 det
823 3673 988 3747 magistrato
998 3671 1161 3732 etnarcbico

165 3841 176 3890 t
195 3841 265 3906 Opere
278 3856 343 3905 saepe
353 3842 418 3890 citato
431 3843 524 3892 Disseri.
543 3845 581 3912 Vi,
598 3862 616 3892 c.
634 3846 657 3908 5,
674 3849 753 3894 arti.
