2767 4492
499 275 579 326 runrs
596 279 739 326 aaronita
1091 265 1144 331 llll

98 361 223 422 attinent.
240 361 311 422 llam
331 361 385 424 hoc
405 361 466 438 ipso
483 365 558 440 qnod
572 364 657 424 homo
672 364 819 425 rationalis
833 367 877 426 est
890 369 919 426 et
936 365 1085 428 intellectu
1109 382 1143 429 ac

98 447 239 507 voluntate
248 449 403 523 praeditus,
419 450 465 509 ius
480 465 627 524 nunquam
638 451 828 511 amittendum
842 469 860 512 a
873 459 977 512 natura
986 453 1103 514 sortitur
1112 471 1145 516 so

98 531 128 591 in
138 531 279 592 obiectum
290 535 438 609 utriusque
454 536 593 595 facultatis
608 537 803 611 promovendi,
816 553 850 596 ac
860 540 978 612 proinde
988 555 1144 614 agnoscen-

99 617 127 676 di
141 633 240 678 verum
255 626 283 678 et
297 621 487 694 amplectendi
508 622 627 680 bonum.
645 623 737 690 Quare
754 637 813 681 nou
830 623 914 682 modo
934 625 1015 683 nulla
1035 625 1145 688 lalsitas

99 706 146 761 aot
161 705 304 778 turpitudo
319 706 355 764 ab
371 706 538 766 auctoritate
552 707 774 781 praescribenda
787 713 844 780 est3
860 708 911 766 sed
932 709 1019 766 etiarn
1037 711 1145 771 nullius

98 789 223 850 veritatis
238 791 383 865 inquisitio
398 798 427 852 et
441 793 552 852 nullum
568 793 680 852 virtutis
695 792 865 852 exercitium
888 793 1034 868 prohiberi
1053 796 1090 853 alt
1109 812 1146 856 ea

100 881 198 952 potest.
219 878 278 946 Qua
298 878 329 937 in
343 893 374 936 re
394 877 516 952 pessime
540 879 707 938 auctoritate
722 879 881 937 abutuntur
904 884 934 937 et
952 879 999 938 ius
1016 878 1146 940 naturale

100 963 205 1022 violant
218 963 359 1037 regimina
372 965 430 1037 illa,
449 979 646 1040 quaecumque
662 965 728 1038 sint,
745 981 819 1039 quae
834 964 961 1024 subditos
977 965 1146 1039 autapesli-

100 1052 167 1111 loris
182 1051 353 1125 quibusdem
369 1049 494 1109 tontibus
508 1050 668 1110 doctrinam
686 1051 802 1109 haurire
816 1055 930 1124 cogunt,
946 1055 995 1109 aut
1011 1049 1144 1109 detornat-

101 1143 198 1196 natum
214 1136 289 1196 vitae
304 1151 395 1209 genus
408 1135 482 1196 inire
499 1141 604 1209 vetant,
622 1137 651 1195 in
668 1153 724 1211 quo
741 1136 876 1210 peculiari
891 1139 1028 1195 virtutum
1039 1135 1147 1194 exerei-

102 1221 139 1282 tio
152 1222 236 1280 detur
250 1237 344 1294 opera.
363 1221 417 1282 Nec
432 1228 588 1296 reponatur
610 1229 739 1282 mentem
759 1237 894 1296 respuere
916 1237 999 1296 posse
1020 1225 1147 1280 errorem

102 1307 212 1366 etiamsi
225 1306 453 1381 disciplinaque
469 1307 533 1381 quis
548 1307 703 1380 imbuatur,
715 1308 786 1366 lalsa
800 1307 850 1380 sit,
864 1307 977 1366 virtutis
991 1322 1058 1366 vero
1067 1321 1149 1366 enen

102 1390 201 1450 citium
215 1407 272 1451 non
286 1393 402 1452 omnino
423 1393 568 1468 requirere
584 1399 616 1451 ut
630 1392 818 1451 determinato
840 1392 915 1450 vitae
936 1391 1035 1464 generi
1049 1406 1081 1449 se
1095 1389 1147 1449 ali·

102 1477 297 1551 qniseddicet.
315 1479 448 1554 Numqui
463 1481 507 1538 ius
524 1480 609 1538 habet
622 1480 658 1537 ad
674 1479 770 1550 tinem,
788 1479 833 1536 ius
849 1478 936 1536 eliam
951 1476 1037 1535 trabet
1051 1476 1088 1534 ad
1105 1475 1147 1534 vi·

104 1563 481 1638 ‘modeimpedimentaquee
496 1565 558 1622 eius
568 1564 750 1637 adeptionem
760 1563 908 1620 dillrcitetu
918 1563 1048 1634 reddunt,
1061 1567 1148 1634 utque

104 1648 139 1706 ed
154 1649 249 1708 media
263 1649 352 1708 libere
368 1649 532 1708 adtrioenda
546 1664 619 1723 qnae
634 1649 789 1707 obtinendo
799 1649 848 1706 tlni
860 1647 950 1720 magis
961 1663 1023 1706 esse
1033 1661 1151 1705 consen·

104 1737 187 1793 tanea
200 1733 346 1806 diiudicat,
363 1735 447 1793 modo
469 1735 677 1807 turpitudinem
696 1733 808 1792 nullam
830 1733 987 1792 includant.
1004 1733 1063 1791 lam
1085 1747 1152 1791 vero

103 1834 187 1878 nemo
202 1834 260 1879 non
271 1817 347 1878 videt
362 1821 510 1878 veritatem
525 1819 607 1877 valde
623 1818 792 1894 periclitari,
808 1818 833 1876 si
848 1832 913 1876 cam
929 1817 1052 1876 assiduis
1067 1831 1153 1876 cone·

105 1904 180 1964 libus
192 1911 337 1980 oppugnet
351 1905 471 1978 lalsitas3
494 1919 667 1979 magnopere
682 1911 780 1962 autem
794 1902 887 1962 iuvari
903 1903 1037 1961 virtutem
1052 1903 1078 1961 si
1093 1908 1149 1961 sta·

104 1989 213 2049 bilitate
228 1991 302 2050 vilae
316 1990 401 2049 certis
416 1991 596 2050 adminiculis
611 1991 700 2050 tultae
715 1997 743 2048 et
758 1989 917 2048 constantia
930 1988 1027 2060 legum
1038 1987 1091 2046 sub
1105 2003 1150 2046 re-

107 2075 214 2148 gimine
227 2075 430 2134 determinatae
450 2076 626 2134 auctoritatis
646 2075 832 2148 obllrmetnr,
852 2080 910 2133 tum
928 2073 1022 2133 avitii
1037 2088 1151 2146 aggres-

108 2161 245 2232 sionibus,
258 2161 374 2220 remotls
386 2159 528 2232 periculis,
542 2157 720 2217 defendatur.
733 2161 792 2218 tlon
803 2161 881 2218 enirn
892 2159 935 2218 vis
945 2158 1152 2230 intelligentiae

109 2253 137 2305 et
151 2245 304 2303 voluntatis
316 2259 364 2316 per
375 2259 405 2300 se
416 2249 443 2300 et
459 2241 588 2300 absolute
598 2243 865 2315 considerandacst,
878 2244 928 2301 sed
938 2245 1064 2314 relative,
1074 2246 1157 2317 prout

109 2329 140 2388 in
155 2329 270 2386 homine
285 2327 457 2401 explicatum
470 2327 519 2400 qrri
535 2325 631 2383 nativa
646 2327 981 2399 quadamimltecillitate
993 2330 1088 2387 labilis
1102 2333 1153 2401 est,

110 2423 139 2474 et
153 2414 279 2487 undique
296 2419 359 2486 eget
380 2412 529 2487 praesidiis
553 2411 690 2471 roborari.
713 2412 805 2478 Quare
828 2427 913 2468 nemo
932 2412 1006 2470 insto
1025 2414 1158 2486 impediri

110 2504 201 2574 potest
210 2499 363 2573 qrrominus
372 2497 510 2557 eiusmodi
520 2495 659 2570 praesidia
673 2495 823 2568 conquirat
837 2499 866 2552 et
879 2495 1083 2566 impedimenta
1093 2513 1156 2570 pro·
1175 2505 1178 2512 '

111 2585 293 2660 pulsetquae
301 2585 427 2644 veritatis
435 2583 622 2643 incolumitati
630 2589 658 2642 et
670 2582 806 2640 virtutum
816 2579 951 2638 exercitio
961 2581 1156 2637 adversantur.

150 2669 210 2732 lito.
228 2674 260 2731 lt
280 2689 335 2731 non
350 2673 432 2730 modo
454 2671 560 2730 iuriam
581 2669 704 2728 cautioni
720 2668 866 2726 consulere
890 2667 1044 2724 auctoritas
1063 2665 1157 2739 debet,

113 2775 213 2818 verum
228 2759 434 2817 etiamltonoot
445 2757 572 2816 latinitati
588 2755 696 2814 civium
714 2755 833 2827 positive
850 2752 998 2826 opitulari,
1015 2757 1043 2809 el
1054 2750 1091 2808 ad
1102 2765 1161 2808 am·

114 2843 293 2918 pliludinem,
304 2844 496 2916 splendorem,
509 2841 771 2916 perlectionemque
782 2831 923 2897 societatis
935 2837 1158 2910 comparandam

116 2944 229 2988 ornnem
240 2945 357 3002 oporam
367 2929 504 2986 conterre.
514 2929 602 3000 dtqrre
612 2935 643 2985 ut
654 2925 707 2983 trac
720 2927 755 2981 de
770 2941 801 2982 re
816 2923 922 2996 aliquid
937 2923 1062 2980 breviter
1076 2922 1161 2978 attin·

115 3031 191 3090 garn,
208 3015 285 3073 hona
299 3013 442 3072 societatis
458 3013 493 3070 ad
509 3013 566 3070 duo
582 3027 689 3082 genera
704 3010 898 3068 reducuntur:
916 3008 1054 3066 nimirum
1069 3008 1104 3065 ad
1115 3006 1164 3065 bo·

115 3117 155 3160 na
170 3100 329 3159 materialia
342 3104 369 3157 ct
383 3098 459 3156 bona
474 3097 644 3170 spiritualia.
670 3096 710 3153 rld
731 3096 828 3169 priora
849 3094 926 3167 quod
942 3094 1052 3165 attinet,
1069 3091 1164 3150 otllclo

117 3192 230 3244 tenetur
249 3184 402 3243 auctoritas
426 3181 595 3257 providendi
612 3187 645 3238 nt
659 3180 797 3238 omnibus
813 3179 850 3237 sit
865 3178 954 3237 littera
968 3179 1088 3236 incultos
1102 3191 1165 3250 pro

117 3271 236 3330 curandi
251 3270 307 3329 sibi
322 3270 416 3327 media
431 3269 536 3342 quibus
553 3268 641 3327 vitam
658 3268 737 3326 alant
752 3273 780 3324 et
790 3272 933 3324 tucantur.
943 3265 1032 3332 Quam
1047 3262 1165 3322 inculta-

118 3363 173 3416 tem
190 3367 247 3416 non
263 3355 346 3414 modo
362 3361 517 3429 protegere,
535 3357 566 3411 ut
584 3369 600 3410 a
616 3353 731 3411 nemine
746 3350 919 3424 impediatur
934 3349 1026 3423 (qtrod
1040 3347 1165 3411 iustitiae

118 3443 191 3517 est),
209 3443 258 3501 sed
273 3443 360 3500 eliam
376 3456 540 3515 promovere
555 3444 583 3498 et
598 3438 696 3498 sociali
711 3437 818 3496 auxilio
833 3438 928 3494 lovere
938 3435 1032 3507 dehet,
1044 3433 1118 3508 quod
1128 3431 1165 3490 ed

119 3529 246 3590 cilicium
265 3527 469 3586 beneticentiae
484 3526 614 3599 partinet.
628 3525 699 3583 Hinc
713 3521 937 3582 consociationes
948 3520 983 3577 ad
995 3518 1165 3577 industriam

118 3614 165 3674 rel
180 3612 382 3672 commercium
402 3616 569 3684 spectantes,
587 3608 637 3666 uhi
652 3607 796 3681 operosior
810 3604 906 3679 populi
920 3619 986 3677 pars
1005 3604 1122 3661 tutelam
1139 3606 1168 3661 et

120 3699 256 3759 iuvamen
278 3697 415 3768 inveniat,
437 3693 581 3754 efformari
603 3691 728 3764 curabit,
746 3696 774 3749 et
789 3688 945 3764 generatim
959 3688 989 3745 in
1004 3687 1034 3745 id
1050 3687 1168 3760 diligen·

120 3787 231 3844 tissime
243 3783 397 3856 incumbet,
414 3788 446 3841 ut
461 3779 709 3839 ciriliselraritatis
719 3775 896 3836 exercendae
906 3775 1036 3832 instituta
1046 3772 1171 3832 habean-

122 3875 169 3928 tur
177 3879 206 3929 et
221 3869 371 3932 florescant
386 3869 420 3928 ad
431 3867 558 3940 inopiam
567 3869 595 3924 et
605 3877 758 3924 aerumnas
768 3859 959 3934 indigentium
969 3857 1168 3920 subterandas.
