2767 4492
477 363 531 408 seu
547 363 724 410 ouronocu
1074 345 1122 405 tlt
1212 425 1217 436 Ι

88 443 266 516 modnamra
286 460 340 506 sua
360 447 420 506 enti
441 454 580 522 eongmat
597 449 749 524 ipsumque
763 446 912 524 perficiat,
936 449 969 504 ut
986 445 1122 518 sanitas;

23 568 24 579 ι
87 529 194 590 alterum
216 546 284 591 uero
302 532 379 605 quod
396 547 455 592 non
468 539 584 608 propter
598 549 648 606 se,
664 535 715 592 sed
737 538 847 592 ιιιιιιιιιι
868 531 900 590 in
923 529 1007 588 certis
1028 544 1125 589 rerum
1197 537 1206 548 ·

86 615 214 675 adiunctis
228 621 279 676 aut
292 621 438 691 tamquam
452 618 579 678 medium
598 632 650 692 pro
664 619 723 676 tine
741 618 835 691 aliquo
851 615 1061 689 consequendo,
1078 629 1125 690 ap

84 699 240 772 petitionem
254 700 351 774 allicit,
368 702 567 762 utmedicitto.
585 702 714 762 Secumo
729 701 850 776 dispesci
864 705 957 776 potest
971 700 1000 758 in
1015 700 1125 759 bouum
1244 699 1249 706 '

83 785 206 844 ιιιιιιιιιι
223 791 253 844 et
269 786 425 845 rationale.
446 787 573 846 Primum
581 792 626 846 est
639 787 715 862 quod
729 801 832 860 corpus
847 787 965 858 attinet,
981 785 1014 844 ut
1027 785 1125 856 cibam,

83 867 195 928 alterum
208 885 276 929 vero
291 870 366 944 quod
380 869 531 944 spiritum,
547 876 579 929 ut
593 871 725 929 scentia.
744 869 835 928 lertio
851 869 985 928 tribuitur
1005 869 1036 926 in
1046 868 1124 944 pley-

81 953 169 1012 titum
186 959 216 1014 et
228 956 351 1015 morale.
372 955 498 1015 Primum
517 961 560 1016 est
574 957 650 1030 quod
660 955 783 1031 pltpsice
797 969 848 1014 ens
862 955 982 1028 perlicit,
998 959 1032 1012 ut
1044 954 1125 1025 vtta;

78 1040 212 1109 posterius
226 1055 294 1098 uero
308 1040 385 1114 quod
397 1041 562 1114 moraliter,
583 1046 615 1100 ut
632 1041 740 1098 uirtus.

111 1122 163 1182 Sed
177 1123 332 1198 praecipua
345 1124 413 1183 boni
422 1124 526 1184 divisio
535 1125 567 1183 in
576 1141 612 1184 ea
620 1124 757 1196 cernitur,
769 1139 826 1196 qua
836 1123 906 1182 illud
915 1123 945 1182 iu
955 1125 1117 1196 honestum,

76 1205 251 1278 delectabile,
262 1214 290 1268 et
298 1209 368 1268 utile
382 1209 559 1283 dispartitur.
575 1210 646 1268 llam
661 1209 737 1283 quod
752 1209 860 1266 bonum
869 1209 927 1266 enti
943 1213 1080 1283 congruet
1094 1212 1123 1267 et

75 1291 278 1366 appetitionem
293 1293 417 1365 alliciat,
433 1292 464 1350 id
478 1306 517 1350 ex
531 1292 624 1350 tribus
638 1291 768 1364 partibus
783 1291 852 1350 oriri
866 1297 966 1365 potest.
982 1293 1032 1350 Vel
1046 1291 1124 1350 enim

73 1376 208 1446 congruit
221 1375 329 1432 ιειιοιιε
343 1376 399 1446 sni,
410 1375 456 1433 vel
471 1375 582 1432 ratione
592 1375 709 1433 alterius
724 1375 802 1446 boni,
815 1375 851 1432 a'd
866 1375 941 1448 quod
951 1390 1127 1448 consequen·

72 1460 146 1516 dium
160 1459 301 1517 subvenit,
318 1459 346 1516 Si
361 1463 538 1532 postremum
551 1459 605 1517 hoc
619 1459 781 1533 contingat,
796 1459 906 1518 bonum
920 1459 993 1516 utile
1007 1457 1125 1514 habebi·

73 1548 128 1614 tur,
141 1542 237 1615 qualis
250 1547 293 1601 cst
307 1557 354 1600 ex.
367 1558 410 1616 gr.
422 1542 573 1616 medicina,
589 1559 664 1617 quae
677 1549 793 1617 propter
807 1543 959 1602 sanitatem
975 1541 1125 1617 appetitur,

74 1627 211 1700 atbquarn
225 1627 395 1684 servandam
410 1625 455 1685 vel
468 1627 674 1686 restituendam
686 1629 769 1688 salet.
787 1628 836 1686 Sin
847 1627 901 1686 erit
911 1627 1042 1700 alterum,
1056 1632 1125 1685 tunc

73 1711 182 1770 bonum
196 1710 268 1770 illud
281 1711 328 1770 vel
342 1711 535 1786 appetentiam
549 1718 655 1785 motet,
672 1713 751 1772 nulla
765 1713 876 1772 ratione
891 1711 990 1771 babila
1005 1706 1126 1770 delecta-

75 1796 160 1855 tionis
173 1811 246 1870 quae
262 1796 329 1856 inde
347 1796 484 1869 oboritur,
496 1797 547 1856 sed
562 1801 673 1856 tautum
687 1798 756 1872 quia
766 1798 847 1856 dccet
857 1802 956 1870 estque
971 1811 1067 1871 perse
1083 1811 1126 1854 ra·

76 1880 143 1940 ιιοιιι
165 1886 403 1955 cousentaneum
420 1886 450 1940 et
464 1881 630 1941 huiusmodi
650 1882 760 1941 bonum
782 1882 940 1957 appellatur
958 1882 1122 1940 incestum.

74 1965 145 2024 Talis
161 1971 204 2025 est
218 1966 318 2038 virtus,
334 1981 408 2040 quae
422 1965 567 2039 diligenda
581 1967 663 2034 foret,
679 1967 792 2026 etiamsi
807 1967 919 2026 nullum
935 1967 1123 2026 oblectamen·

75 2055 133 2108 tum
147 2049 272 2109 afferret.
289 2050 367 2118 Quod
385 2050 534 2109 sibonum
554 2049 668 2124 aliquod
688 2051 817 2124 diligitur
837 2052 947 2110 ratione
962 2051 1123 2112 delectatio-

74 2135 134 2210 nis,
153 2149 228 2210 quae
242 2134 308 2193 inde
321 2138 469 2208 provenit,
486 2133 650 2194 delectabile
667 2141 868 2210 nuncupetur,
886 2150 960 2210 pone
974 2151 1020 2195 ex.
1038 2153 1081 2211 gr.
1098 2137 1124 2196 ει

74 2219 135 2293 quis
150 2219 283 2278 animum
297 2220 447 2278 recreandi
461 2220 554 2293 gratia
567 2219 737 2280 rusticatum
752 2226 860 2295 pergat.

104 2305 147 2363 15.
165 2304 242 2363 Bono
264 2304 416 2378 opponitur
434 2305 560 2376 malum,
577 2305 652 2378 quod
671 2321 689 2364 a
704 2306 731 2364 S.
748 2305 902 2378 augustino
920 2321 971 2380 per
990 2307 1053 2365 elus
1065 2306 1122 2379 pri·

73 2389 217 2447 vationem
232 2389 402 2462 explicatur,
414 2389 456 2447 sic
471 2389 574 2448 aiente:
590 2389 670 2448 nibil
683 2389 770 2448 aliud
785 2397 826 2448 est
835 2389 953 2448 moltura
962 2405 1054 2464 quum
1063 2389 1126 2463 pri

71 2475 147 2532 cutio
170 2472 256 2546 bont·
278 2473 354 2531 sicut
367 2473 448 2532 uiuit
469 2473 554 2549 alind
568 2483 608 2533 est
622 2475 760 2547 comitas,
778 2491 872 2548 quarn
891 2475 1022 2550 privatio
1037 2472 1125 2530 lunti-

72 2559 116 2616 rtis
132 2562 157 2617 t,
175 2558 209 2616 Αι
223 2558 359 2632 quoniam
372 2559 491 2633 bonum,
508 2560 590 2618 euius
604 2561 724 2619 remotio
740 2560 848 2619 malum
863 2565 914 2632 est,
927 2559 957 2618 iu
972 2557 1122 2633 perlectio-

73 2655 107 2700 ne
121 2643 220 2716 aliqua
233 2643 389 2718 reponitur,
407 2643 516 2702 malum
530 2653 588 2702 non
601 2643 822 2718 incongruenter
836 2643 978 2703 diceretur
991 2641 1126 2702 carentia

69 2727 254 2800 perfectionis
277 2728 402 2787 subiecto
426 2728 546 2788 debitae.
572 2729 632 2797 Oua
654 2731 686 2789 in
711 2745 743 2787 re
768 2729 1055 2788 animadvertendum
1078 2732 1122 2786 est

69 2811 163 2884 ipsum
180 2828 197 2870 a
211 2813 335 2887 simplici
349 2814 500 2886 negatione
515 2813 640 2872 differre.
658 2813 785 2884 Simplex
800 2812 878 2869 enim
892 2813 1005 2886 negatio
1015 2811 1125 2867 nullom

72 2895 99 2954 ιιι
119 2892 446 2970 subiecto'enigeutiam
465 2898 610 2978 oppositae
629 2895 767 2954 realitatls
786 2895 929 2951 subaudit.
954 2895 987 2950 ιιι
1005 2897 1123 2962 eunus,

71 2982 181 3040 malum
195 2996 253 3039 non
267 2995 479 3052 quamcumque
492 2978 675 3051 perlectionis
691 2976 872 3047 absentiam,
889 2975 937 3033 sed
955 2975 1035 3046 eins,
1052 2987 1126 3047 quae

72 3067 203 3125 subiecto
211 3063 364 3155 debeatur,
381 3061 532 3155 significat.
550 3061 627 3118 tlnde
643 3058 774 3131 quamvis
789 3058 870 3130 inse,
883 3059 907 3117 ει
921 3057 1049 3117 absolute
1064 3072 1126 3131 spe·

70 3240 160 3305 notat,
180 3229 276 3289 differt
290 3246 307 3289 a
321 3229 420 3289 nihilo.

103 3318 211 3379 illalum
224 3321 288 3390 post
300 3314 473 3374 Leibnltium
487 3315 576 3375 dividi
590 3315 683 3391 eoepit
705 3317 736 3376 iu
751 3261 1007 3393 metaphysieuut,
1021 3313 1124 3390 physi-

71 3419 148 3470 cum,
161 3407 190 3460 et
204 3400 325 3459 ntorcle.
341 3402 375 3458 tlt
387 3399 514 3474 primum
526 3401 613 3460 huius
627 3401 788 3475 partitionis
803 3401 967 3460 membrum
980 3398 1124 3459 redunda-

72 3487 239 3546 revidetur.
256 3485 558 3560 Etenimbeibuitius,
576 3490 605 3546 et
623 3487 673 3562 qui
692 3503 759 3546 eum
778 3487 891 3562 sequuti
911 3491 996 3566 sunt,
1014 3485 1124 3544 malum

73 3571 298 3645 metaphysicum
319 3571 463 3646 appellant
483 3572 576 3646 ipsam
596 3588 694 3632 rerum
716 3577 876 3631 creatarum
899 3571 1120 3646 limitationem,

72 3669 124 3712 seu
138 3655 246 3714 altioris
259 3655 442 3730 perfectionis
456 3657 627 3731 mendam,
644 3672 718 3732 quae
732 3657 820 3716 rebus
834 3655 996 3730 quibusque
1012 3655 1118 3730 linitis,

74 3744 227 3814 utcumque
243 3741 385 3815 perlectis,
398 3741 494 3816 aliqum
507 3757 622 3817 semper
634 3742 719 3802 inest.
737 3741 842 3802 lerum
856 3741 937 3817 haec,
950 3745 1047 3817 utpote
1062 3755 1122 3800 me-

118 3926 130 3973 ι
150 3929 249 3988 eutrop.
266 3945 286 3975 ι.
303 3930 327 3977 s.
351 3893 356 3902 ’
