2767 4492
237 271 291 334 itt
565 275 794 326 rmrararsrcan
807 273 957 322 maumas

235 383 308 446 quae
322 366 398 426 inter
411 365 474 426 illos
483 364 687 424 intercedebat.
701 362 747 421 Sic
760 360 901 421 iudicium
910 363 943 420 ut
951 360 1043 435 patet,
1053 360 1136 422 ideas
1144 372 1294 438 praeeun.

240 459 283 516 tes
296 452 407 527 habuit,
424 455 454 511 et
469 465 507 510 ea
521 449 653 526 ipsarum
667 446 880 523 comparatione
893 445 1042 520 prooessit.

648 619 820 680 turrcuuus
843 615 898 676 u·

667 784 707 844 De
731 775 869 846 r'otiomt-

173 980 177 986 ’
273 965 318 1024 rt.
333 962 413 1024 Ratio
427 975 486 1020 uon
500 964 544 1018 est
557 959 670 1018 diversa
684 957 814 1030 facultas,
830 957 868 1016 ab
882 956 1071 1031 intelligentia
1084 959 1170 1033 plane
1184 962 1289 1024 disda-

237 1056 302 1124 cta,
327 1048 377 1108 sed
391 1052 434 1106 est
448 1046 568 1119 ipsamet
588 1042 776 1116 intelligentia
794 1047 935 1115 quaoeuus
957 1043 989 1101 iu
1011 1043 1129 1104 homine
1147 1047 1290 1120 peculiari

237 1135 382 1196 iunctione
396 1135 513 1190 ornatur
526 1153 540 1202 ,=
550 1127 682 1187 videlicet
696 1126 896 1186 ratiocinandi.
919 1126 952 1184 Et
973 1142 1044 1186 sane
1057 1123 1237 1190 radociuatio
1257 1132 1290 1190 iu

238 1221 369 1279 discursu
383 1215 507 1290 modam
520 1213 624 1272 mentis
639 1212 734 1286 posita
747 1217 799 1282 est,
816 1227 867 1270 seu
883 1211 915 1270 in
928 1217 1007 1270 motu
1021 1227 1078 1286 quo
1093 1212 1129 1272 ab
1143 1230 1201 1273 uuo
1215 1215 1291 1275 iudi·

240 1306 283 1365 cio
303 1305 333 1361 fit
347 1303 452 1375 gradus
466 1300 502 1358 ad
516 1299 603 1358 aliud.
620 1298 723 1358 Contra
736 1303 817 1357 actus
831 1296 1045 1370 intelligentiae,
1057 1303 1089 1358 ut
1103 1301 1290 1375 supradixi,

241 1387 368 1450 consistit
382 1387 413 1446 in
428 1385 579 1444 intuitione
600 1383 730 1442 idearum
749 1387 834 1455 atque
859 1381 891 1440 in
909 1381 946 1440 iis
966 1383 1142 1455 proterendis
1155 1384 1290 1459 iudiciis,

240 1471 411 1549 quaemotui
426 1469 469 1528 illi
484 1467 610 1541 memmii,
622 1469 654 1526 in
668 1483 725 1541 quo
734 1466 882 1526 ducmsus
897 1466 1015 1525 rationis
1029 1469 1165 1542 cernitur,
1176 1470 1292 1529 initium

240 1556 430 1631 suppeditant.
447 1554 538 1621 Quare
553 1558 585 1611 ut
600 1553 634 1610 ad
650 1552 792 1610 rationem
805 1555 909 1616 motus,
927 1549 969 1608 sic
986 1551 1069 1624 quies
1083 1553 1119 1610 ad
1133 1553 1293 1626 intelligen-

241 1642 310 1702 tiam
324 1639 455 1714 pertinet.
481 1638 514 1694 lt
534 1651 601 1695 vero
616 1635 647 1693 id
666 1636 743 1710 quod
757 1640 888 1694 movetur
902 1649 963 1692 nou
977 1634 1074 1694 tillem
1088 1636 1124 1695 ab
1139 1651 1192 1711 eo,
1214 1639 1292 1712 quod

240 1733 324 1786 autea
335 1722 518 1798 quiescebat,
542 1720 685 1793 siquidem
699 1720 799 1792 quies,
818 1724 849 1778 ut
864 1725 907 1778 est
923 1719 1071 1791 terminus,
1087 1721 1129 1778 sic
1144 1721 1234 1781 etiam
1247 1728 1293 1783 est

240 1812 355 1870 initium
376 1813 479 1866 motus.
505 1806 576 1878 Ergo
596 1805 668 1864 ratio
683 1805 720 1862 ab
734 1802 923 1875 intelligentia
937 1818 996 1861 nou
1010 1803 1121 1876 differt,
1148 1806 1200 1863 sed
1225 1823 1294 1866 eam

242 1893 378 1969 exprimit
388 1897 472 1966 prout
481 1906 539 1950 non
550 1890 578 1948 iu
593 1888 766 1948 immediatis
777 1887 891 1946 iudiciis
899 1887 982 1960 sistit,
994 1887 1040 1944 sed
1051 1887 1169 1947 ulterius
1181 1890 1221 1948 ad
1235 1891 1297 1950 alia

240 1979 345 2040 exinde
364 1978 519 2036 derivanda
536 1976 724 2050 progreditur.
741 1974 774 2032 llt
788 1973 924 2046 quoniam
941 1973 1157 2032 meushominis
1170 1990 1223 2048 per
1234 1977 1291 2037 itoc

242 2068 367 2122 amente
387 2061 515 2134 angelica
529 2061 685 2132 discrepat,
710 2058 786 2130 quod
801 2073 859 2116 non
871 2057 970 2116 omnia
992 2057 1115 2130 simplici
1135 2060 1292 2133 perspiciat

241 2147 362 2220 iutuitu,
390 2145 439 2204 sed
455 2145 489 2204 ad
505 2144 630 2218 plurium
645 2143 849 2216 capessendam
873 2141 1025 2201 scientiam
1039 2141 1172 2202 disctrmu
1186 2152 1289 2219 egeat,

241 2232 309 2291 hino
323 2231 429 2305 optime
441 2229 545 2288 dicitur
555 2227 669 2302 propria
678 2227 804 2287 hominis
811 2226 973 2286 differentia
980 2232 1122 2301 conceptu
1131 2228 1292 2289 rotmootis

242 2315 391 2374 contineri.

277 2400 451 2474 Quapropter
469 2397 612 2456 immerito
626 2395 779 2457 llosmiuus
794 2397 980 2456 scholasticos
999 2397 1199 2472 reprehendit,
1215 2399 1292 2473 quod

241 2486 388 2545 hominem
402 2483 583 2542 definiverint
597 2481 714 2540 opimat
727 2482 883 2554 rotwaote,
895 2497 930 2540 ac
945 2497 1048 2555 parum
1057 2488 1122 2556 apte
1136 2497 1188 2557 pro
1201 2483 1293 2542 rotie

241 2571 307 2628 cett
320 2568 528 2627 intellectivam
539 2567 704 2640 ponendum
714 2566 814 2625 suadet
829 2569 854 2624 t.
870 2567 1032 2640 lsproiecto
1043 2583 1102 2626 nou
1116 2568 1294 2627 animadver-

242 2654 277 2711 tit
289 2654 429 2710 rationem
448 2666 505 2709 uon
524 2651 662 2724 distingui
684 2652 721 2709 ab
741 2651 905 2724 intellectu,
929 2652 980 2710 sed
999 2653 1150 2712 dumtaxat
1171 2652 1294 2726 gradum

243 2737 305 2796 eius
318 2738 349 2796 iu
365 2737 480 2794 homine
491 2736 699 2808 determinare3
716 2753 834 2796 omnem
847 2743 943 2796 autem
954 2737 1161 2811 definitionem,
1175 2737 1292 2812 perdit·
1343 2801 1352 2816 ‚

242 2821 394 2880 terentium
407 2821 538 2879 ultimam
552 2822 636 2894 entis,
654 2822 731 2896 quod
750 2820 893 2895 delinitur,
911 2837 974 2882 esse
988 2822 1202 2896 perficiendam.
1378 2816 1379 2831 ¹

240 2941 245 2953 ·
278 2907 323 2966 it.
340 2907 419 2966 ltatio
437 2907 515 2965 velut
533 2907 703 2966 administra
724 2907 930 2980 intelligentiae
948 2912 1010 2979 est,
1031 2922 1070 2966 ex
1091 2906 1211 2982 ipsaque
1228 2907 1294 2966 iun·

243 2993 408 3050 dameutum
421 2997 450 3050 et
463 2992 540 3066 leges
554 2993 666 3067 accipit.
683 2995 753 3052 Nam
768 2997 801 3052 ut
814 2994 992 3052 ratiocinatio
1005 3001 1194 3066 exerceatur,
1222 2993 1294 3052 iudi-

244 3075 289 3135 cla
303 3076 443 3148 quaedam
456 3077 639 3149 immediata,
657 3093 731 3151 quae
744 3078 783 3136 ad
798 3078 1015 3152 intelligentiam
1028 3080 1190 3153 pertinent,
1214 3083 1295 3138 aute

243 3159 408 3234 gradiantur
428 3167 551 3234 oportet,
578 3162 720 3235 siquidem
738 3177 821 3222 mens
845 3163 876 3222 iu
899 3168 1010 3222 mmm
1024 3164 1061 3222 od
1080 3163 1191 3238 atquo
1209 3168 1297 3222 antea

243 3245 372 3318 ignotum
386 3244 585 3304 deducendum
601 3248 744 3320 procedit,
761 3248 792 3308 iu
806 3254 946 3323 mantum
962 3249 1130 3308 veritatibus
1146 3249 1200 3320 iis,
1217 3262 1298 3320 quae

244 3329 339 3388 luoeut
352 3344 404 3403 per
415 3345 464 3404 se,
481 3345 629 3390 assonam
647 3332 786 3392 adhibuit.
809 3333 888 3394 limis
910 3333 997 3408 igitur
1016 3340 1046 3393 et
1069 3334 1296 3394 tundamentum

242 3415 362 3473 rationis
375 3415 406 3473 in
426 3415 611 3488 intelligentia
631 3418 756 3490 positum
769 3422 822 3478 est.
846 3419 954 3478 Deinde
969 3420 1043 3479 ratio
1063 3429 1097 3478 ut
1113 3433 1150 3478 err
1169 3418 1295 3476 rerimte

243 3513 303 3556 uua
316 3497 403 3556 aliam
422 3513 495 3572 puae
510 3499 617 3558 latebat
636 3500 751 3574 eliciat,
782 3503 837 3562 tae
856 3503 918 3578 lege
936 3503 1140 3578 intelligentiae
1166 3501 1294 3562 uitioux

247 3583 379 3652 pueroli
396 3585 519 3657 quodvis
535 3583 704 3659 peculiaria
721 3589 930 3661 complectitor,
950 3606 1028 3664 pooe
1044 3590 1073 3650 et
1088 3587 1180 3664 coast
1190 3594 1296 3664 portes

246 3665 373 3724 mtiteto
386 3676 457 3728 tamt
465 3687 476 3741 ;
495 3676 522 3728 et
533 3667 597 3728 ideo
615 3668 766 3742 pompato
782 3670 829 3730 tta·
843 3671 1165 3749 tantumtantum
1179 3671 1298 3735 tatton-

291 3847 303 3894 l
323 3846 488 3912 intropotopto
500 3853 637 3913 deltanto,
653 3851 694 3902 lit.
711 3852 736 3903 4.
751 3852 892 3921 adamam
