2767 4492
513 377 567 425 SEU
581 379 755 426 ONTOLOGIA

489 549 712 610 irrisurus
735 551 780 611 ΙΙΙ.
850 617 856 624 ‚

508 717 548 778 Dc
561 735 654 779 conso
667 719 764 794 piacli.

152 887 195 949 63.
213 888 292 957 Quod
306 891 388 948 retus
403 887 517 962 lipicuri
533 893 562 948 et
575 889 728 949 Democriti
744 889 934 967 aliommque,
951 893 1000 968 qui
1015 893 1082 954 inde
1099 909 1163 970 pro

118 975 183 1032 lecti
194 979 270 1046 sunt,
282 973 377 1048 opinio
392 973 464 1045 tulit,
477 989 578 1032 causas
587 974 688 1034 finales
699 979 795 1048 utpote
810 976 982 1037 luxuriantis
991 980 1101 1054 ingenii
1112 981 1163 1054 flg-

116 1062 223 1130 menta,
241 1073 258 1116 a
277 1063 397 1117 namrae
411 1058 636 1117 consideratione
652 1059 840 1119 eliminandas
855 1077 930 1136 esse3
947 1063 977 1122 id
991 1065 1162 1125 recentiores

115 1142 246 1201 nonnulli
260 1143 419 1201 instaurare
432 1143 594 1216 uoluerunt,
602 1158 715 1217 magno
730 1143 916 1204 scientiarum
930 1147 1110 1207 detrimento.
1130 1149 1163 1208 ln

115 1225 216 1299 primis
230 1225 358 1285 Baconus
372 1243 390 1285 a
402 1227 564 1301 Verulamio
579 1228 632 1286 etsi
640 1243 690 1285 eas
705 1242 787 1287 ueras
802 1243 864 1288 esse
878 1232 946 1288 etin
961 1232 1162 1306 metaphysicis

115 1311 298 1385 inquisitione
312 1312 418 1384 tilgnas
437 1311 595 1384 putarerit3
611 1310 782 1384 inphysicis
798 1317 893 1371 tamen
908 1315 1037 1372 omnium
1052 1315 1162 1376 steriles

115 1396 204 1455 immo
224 1395 399 1470 penniciosas
420 1395 552 1474 vocarit3
575 1409 665 1469 eoque
689 1395 896 1456 inconsiderate
917 1413 1085 1471 progressus
1100 1405 1161 1474 est,

114 1484 147 1540 ut
161 1479 296 1540 atheismi
310 1494 411 1538 ansam
426 1478 532 1537 exinde
547 1479 686 1538 Aristoteli
701 1481 761 1554 (qni
776 1486 852 1540 certe
872 1481 925 1540 hac
940 1487 1008 1539 nom
1022 1483 1100 1541 inuri
1114 1498 1162 1543 ne·

114 1565 186 1638 quit)
202 1565 299 1623 datam
313 1564 419 1622 dixerit
433 1565 458 1621 l.
477 1563 620 1622 Consimili
636 1565 813 1623 feneratione
823 1565 964 1624 Gartesius
980 1579 1080 1624 causas
1092 1565 1163 1625 iina-

111 1649 153 1708 les
163 1649 296 1708 concedit
310 1647 435 1722 quidem,
448 1651 478 1706 at
492 1647 605 1705 nullum
615 1664 653 1706 ex
661 1649 731 1721 ipsis
742 1649 853 1708 desumi
862 1653 945 1724 p'osse
960 1656 1163 1724 argumentum

112 1733 143 1791 in
156 1732 244 1792 rebus
257 1731 436 1791 naturalibus
452 1732 584 1805 opinatus
598 1736 652 1804 est;
670 1739 818 1807 propterea
833 1735 909 1807 qtrod
924 1733 1006 1807 lines,
1025 1747 1096 1809 quos
1111 1735 1162 1795 De-

114 1833 147 1875 us
161 1818 192 1875 in
206 1833 304 1876 rerum
319 1816 505 1875 universitate
514 1816 658 1875 molienda
672 1817 783 1890 habuit,
796 1819 858 1877 sine
875 1819 1033 1878 temeritate
1046 1820 1162 1880 investi·

9 1966 13 1973 ¹
113 1903 173 1974 gari
187 1907 335 1975 nequeunt
350 1901 375 1957 2.
391 1900 514 1959 Ulterius
529 1901 649 1974 Spiuoza
662 1903 808 1974 processit,
826 1917 984 1976 causasque
999 1903 1098 1962 finales
1108 1919 1161 1964 ceu

9 2058 10 2064 ἵ
108 1985 261 2069 ⁴hominum
276 1990 437 2044 commenta
450 1989 584 2043 naturam
598 1985 755 2044 evertentia
776 1986 883 2059 sprevit
899 1988 927 2059 53
945 2001 1031 2059 quam
1046 1993 1160 2047 senten-

112 2070 181 2128 tiam
193 2070 367 2129 recentiores
377 2069 454 2127 athei
463 2084 568 2142 magna
579 2071 764 2128 consensione
774 2077 972 2150 susceperuut²
980 2071 1023 2130 Ex
1033 2087 1089 2146 quo
1102 2072 1160 2130 iam

113 2153 233 2227 intelligi
246 2157 339 2226 potest
352 2157 416 2211 utra
430 2152 527 2226 opinio
541 2153 635 2211 faveat
649 2153 798 2212 atlreismo.

148 2238 188 2297 td
203 2238 256 2294 lios
270 2237 409 2295 cavendos
423 2252 546 2308 errores,
563 2237 704 2311 principio
724 2237 847 2296 dicimus
865 2254 966 2298 causas
981 2239 1081 2299 finales
1100 2256 1158 2301 non

112 2337 174 2380 esse
184 2320 393 2379 commentitias
403 2321 453 2379 sed
466 2322 573 2394 reales;
591 2321 677 2395 idque
688 2327 720 2379 ut
729 2327 832 2395 patent,
845 2328 889 2381 sat
900 2328 943 2381 est
952 2325 1057 2382 mentis
1067 2325 1160 2382 aciem

112 2407 149 2464 ad
163 2421 216 2464 nos
231 2404 307 2478 ipsos
321 2409 504 2479 uostmmqne
518 2407 654 2478 operandi
670 2407 788 2465 modum
808 2397 932 2466 flectere'.
950 2406 1063 2474 Quoties
1078 2407 1158 2465 enirn

112 2495 144 2548 ut
155 2488 310 2548 rationales
325 2488 452 2562 agimus3
467 2503 581 2564 semper
601 2489 749 2563 abaliquo
769 2489 844 2549 bono
861 2489 897 2548 ad
915 2489 1058 2563 agendum
1073 2489 1160 2548 allici-

111 2590 186 2648 mur,
199 2574 276 2649 quod
294 2574 453 2634 actionibus
470 2575 574 2634 nostris
593 2574 827 2648 praestituamus3
844 2574 1005 2648 mentisque
1024 2575 1161 2654 impotem

111 2660 244 2719 ducimus
258 2675 333 2731 eum,
351 2660 399 2732 qui
414 2664 519 2717 temere
533 2658 700 2732 nullumque
717 2673 836 2732 scopum
846 2657 901 2716 sibi
917 2673 1078 2732 proponens
1094 2673 1161 2732 ope-

110 2744 252 2803 rationem
268 2743 441 2818 aggreditur.
458 2743 536 2801 llnde
552 2743 621 2801 illud
633 2743 767 2800 effatum:
783 2741 931 2814 Sapientis
945 2751 986 2801 est
997 2759 1082 2815 apere
1093 2757 1160 2815 pro·

129 2837 172 2888 ter
196 2844 287 2887 nem.

107 2845 126 2903 p
143 2829 226 2980 Qusgd
240 2927 307 2970 vero
322 2929 359 2969 ex
373 2911 431 2968 line
447 2925 464 2967 a
477 2911 534 2967 ileo
548 2909 634 2968 rebus
649 2909 753 2966 creatis
767 2907 944 2980 praestituto,
956 2908 1063 2980 optime
1078 2907 1161 2964 desu-

109 2997 148 3054 mi
162 2995 257 3071 possit
270 2994 343 3051 ratio
356 2993 394 3050 ad
406 3007 454 3049 res
468 2991 556 3048 etiam
566 2992 698 3062 physicas
714 2990 898 3061 explicandas
908 2989 1159 3063 illustrandasque‚

109 3079 259 3138 evidenter
272 3080 351 3149 patet
365 3073 555 3132 consideranti
571 3072 674 3143 Deum,
692 3077 788 3144 utpote
804 3072 1045 3145 sapientissimum
1059 3080 1088 3132 et
1103 3088 1161 3131 uon

109 3179 148 3222 ex
162 3159 324 3220 temeritate
339 3158 389 3217 sed
403 3173 441 3215 ex
454 3156 642 3229 intelligentia
653 3161 828 3229 operantem,
843 3157 982 3216 direxisse
998 3173 1044 3215 res
1059 3155 1162 3230 quasli-

110 3248 160 3306 bet
174 3245 212 3303 ad
226 3245 313 3302 linem
327 3258 386 3301 non
401 3240 484 3300 modo
499 3241 706 3314 universalem,
723 3255 824 3300 renim
843 3242 929 3300 etiam
944 3241 1118 3317 peculiarem
1133 3247 1161 3301 et

110 3329 261 3404 proprium
275 3326 462 3401 singularum.
478 3325 563 3385 Porro
576 3325 687 3385 hifines
698 3325 751 3384 etsi
761 3325 913 3400 aliquando
922 3341 975 3385 nos
984 3325 1082 3400 istem,
1099 3341 1160 3384 sae-

155 3544 166 3588 l
187 3546 223 3590 Dc
238 3544 329 3602 Dmait.
347 3547 369 3590 et
384 3543 521 3602 ‚tremis
537 3543 700 3590 scientiolam
714 3557 734 3588 e.
752 3540 775 3586 2.

156 3617 173 3662 2
191 3638 201 3658 ι
216 3617 250 3664 Ita
264 3617 358 3680 denique
372 3617 444 3664 nullas
461 3633 558 3681 numam
575 3618 670 3665 rationes
684 3617 743 3677 cirea
757 3631 791 3662 res
806 3613 916 3662 naturales
930 3629 943 3660 a
957 3613 1011 3668 fine,
1024 3627 1089 3675 quem
1102 3614 1163 3661 Dans

116 3713 125 3734 ι
141 3698 180 3740 ant
192 3699 270 3740 natura
284 3695 326 3740 sibi
340 3696 455 3758 proposuit
464 3695 621 3757 dssnmamus;
638 3695 746 3756 quianon
760 3697 846 3739 mutum
861 3691 965 3738 debemus
976 3689 1039 3736 nobis
1050 3706 1161 3752 arrogare,

116 3787 124 3808 ι
139 3773 166 3814 ut
179 3768 226 3815 eius
236 3769 377 3815 consiliorum
390 3769 508 3831 participes
522 3784 562 3814 nos
577 3784 624 3815 csse
638 3773 756 3831 putamus,
774 3767 813 3814 sed
828 3767 900 3829 ipsum
916 3771 940 3812 ul
956 3781 1043 3813 cansam
1058 3765 1160 3815 cilicien-

115 3862 123 3883 ·
141 3847 266 3890 lentarum
279 3845 378 3890 omnium
391 3843 554 3890 considerantes
568 3849 609 3889 alc.
626 3863 635 3884 ι
653 3845 735 3892 Pra'tte.
752 3845 814 3904 pttl.
833 3857 856 3904 p.
873 3831 971 3906 Istlltm.
990 3841 1030 3889 28.

159 3918 265 3969 disticte.
281 3925 338 3984 part.
355 3921 381 3986 l²
394 3919 491 3984 append.
508 3919 537 3967 nd
553 3933 618 3984 prop.
636 3919 676 3967 tt.
