2767 4492
396 293 471 341 aare
483 288 835 340 manee-reneaonoem
1085 273 1141 340 135

94 401 146 453 tut
165 392 286 464 oportet.
309 383 352 441 lix
369 395 426 456 quo
444 378 602 438 luculenter
617 378 738 448 emergit
753 375 922 447 termulam,
943 385 1001 448 (pra
1019 373 1092 434 ratio
1107 377 1139 436 in

93 475 203 552 mendo
219 472 410 544 temperatur,
437 481 475 525 ex
495 462 699 535 intelligentiae
718 461 871 520 dictamine
891 460 1044 535 petendam
1065 475 1138 522 ease.

93 561 221 633 Denique
240 555 346 614 idcirco
366 566 449 610 mens
468 546 714 607 ratiocinationem
729 543 862 616 adhibet,
886 550 919 604 ot
942 544 1081 604 iudicium
1103 547 1141 606 de

95 647 206 707 obiecto
220 640 354 716 proterat.
371 635 498 710 Cognitis
513 634 592 692 enim
606 631 691 704 plena
704 633 734 688 et
748 628 893 687 cumulata
907 628 1012 688 indicio
1025 630 1143 704 quidem

95 729 265 791 continetur.
282 725 315 783 tt
325 722 392 798 quia
406 735 489 780 mens
503 733 561 777 non
578 729 690 790 semper
705 714 780 774 illico
791 713 896 772 obiecti
910 716 1045 786 propositi
1061 716 1142 789 qaid·

94 816 212 875 ditatam
233 815 284 870 aut
301 808 453 868 relationes
472 803 596 876 detegit,
620 806 648 860 et
672 799 804 874 quemme
824 799 895 856 duas
913 797 993 856 ideae
1012 801 1050 858 ad
1071 800 1142 860 illud

94 899 269 976 pertinentes
292 897 391 952 mutto
414 893 588 964 componat,
619 885 698 944 haud
717 890 812 942 tamen
836 881 941 941 exinde
961 897 1009 940 eas
1023 883 1099 942 inter
1112 901 1143 944 se

95 977 252 1058 congruere
268 983 316 1038 eut
330 977 467 1037 dissidere
482 972 619 1048 perspicit
637 969 818 1042 immediate3
844 972 993 1039 propterea
1017 965 1050 1024 tit
1063 972 1095 1024 ut
1108 969 1145 1025 ad

95 1070 210 1129 tertiam
225 1067 311 1125 aliam
326 1061 487 1134 confugiat,
515 1058 596 1118 cuius
612 1071 678 1114 cum
693 1050 888 1128 superioribus
912 1065 1020 1109 nerum
1045 1051 1145 1110 imme

95 1155 172 1214 diate
186 1153 352 1226 dignoscat,
379 1153 464 1220 atque
477 1146 518 1202 ita
539 1141 660 1215 duplicis
679 1140 766 1197 huius
789 1137 1011 1209 comparationis
1026 1136 1146 1195 admini-

95 1239 160 1298 culo
171 1242 303 1295 mutuum
318 1234 440 1292 duorum
456 1228 644 1289 terminorum
658 1228 821 1296 respectum
834 1222 955 1294 detegat.
973 1222 1004 1279 ln
1023 1222 1077 1279 linc
1091 1221 1147 1280 sita

96 1327 141 1383 cst
163 1320 359 1389 ratiocinatio,
383 1321 467 1386 atque
482 1313 519 1370 ad
533 1313 586 1368 troc
606 1308 734 1382 praecise
757 1306 830 1363 ratio
852 1305 993 1362 subvenit.
1015 1305 1145 1371 Quaresi

96 1419 181 1466 mens
200 1402 296 1462 omnia
315 1391 482 1458 immediate
502 1395 698 1469 perspiceret,
728 1389 943 1449 ratiocinatione
963 1389 1043 1446 'nullo
1065 1393 1147 1461 pacto

96 1495 213 1566 egeret,
239 1487 289 1546 sed
304 1485 364 1544 sola
382 1481 569 1554 intelligentia
585 1478 812 1536 consumeretur.
829 1477 918 1546 itque
932 1472 959 1530 id
977 1487 1035 1530 non
1050 1473 1085 1530 ad
1101 1473 1148 1530 de·

98 1579 208 1636 fectum
223 1571 273 1630 sed
288 1571 321 1629 ad
338 1581 472 1638 magnam
491 1563 693 1638 perfectionem
709 1560 880 1633 pertinerct3
905 1557 1046 1630 siquidem
1066 1569 1148 1614 mens

98 1663 130 1721 in
144 1659 268 1733 quadam
283 1651 481 1713 immobilitate
496 1649 674 1722 persisteret,
691 1660 745 1703 nec
765 1658 892 1716 unquam
908 1657 959 1714 pro
974 1640 1149 1714 capessenda

98 1743 219 1804 veritate
234 1742 269 1800 ad
283 1736 486 1798 intermedium
511 1732 625 1805 aliquod
648 1730 802 1800 confugere
816 1728 985 1798 adigeretur.
1012 1725 1150 1792 Quocirca

100 1829 244 1902 sapienter
255 1823 385 1884 Boethius
396 1817 613 1892 intelligentiam
624 1812 794 1884 aeternitati,
810 1811 950 1869 rationem
966 1810 1087 1884 tempori
1103 1825 1148 1868 as-

101 1911 240 1973 similavit
257 1913 281 1968 l.

136 1996 207 2055 ilinc
221 1993 404 2069 perspicuum
423 1994 467 2048 est
485 1985 729 2046 ratiocinationem
743 1985 774 2042 in
788 1995 868 2041 mera
889 1979 1076 2039 sensibilitate
1090 1993 1150 2038 non

10 2113 11 2162 i
100 2079 236 2155 reperiri3
253 2083 314 2136 tum
326 2077 394 2150 qnia
414 2073 629 2145 intelligentiam
644 2071 674 2129 in
689 2070 826 2138 subiecto,
843 2066 890 2124 cni
903 2067 986 2137 inest,
1004 2064 1148 2137 exquirit3

102 2170 165 2224 tum
180 2165 266 2220 etiam
281 2163 349 2234 qnia
363 2159 435 2216 ideis
449 2158 549 2214 nititur
563 2153 781 2214 universalibus.
807 2152 873 2209 liius
896 2151 975 2208 enim
998 2149 1039 2207 tis
1054 2149 1149 2206 omnis

102 2251 134 2308 in
148 2247 202 2305 hoc
212 2245 345 2316 cernitur,
363 2249 395 2301 ut
409 2242 551 2314 peculiare
562 2239 676 2314 aliquod
686 2237 866 2310 exgenerali,
883 2237 914 2294 in
928 2249 984 2310 qno
998 2234 1070 2294 illud
1084 2246 1151 2293 con·

10 2399 11 2420 ,
106 2333 238 2394 polutum
252 2329 329 2401 latet,
346 2327 457 2386 educat.

515 2499 684 2557 tnrrcnnus
698 2496 742 2555 vl.

248 2665 286 2726 lie
300 2667 454 2740 centorio,
471 2665 637 2734 attentione,
655 2663 846 2723 associatione
859 2660 1009 2718 wesema

140 2839 184 2896 73.
201 2839 336 2910 Animus,
352 2842 384 2895 ut
404 2837 507 2909 cuique
532 2837 658 2902 constat,
680 2832 759 2887 ideae
778 2828 858 2898 prins
881 2826 995 2882 habitas
1010 2837 1093 2895 saepe
1113 2825 1155 2882 ita

105 2928 239 2988 revocat,
263 2929 294 2980 ut
308 2937 357 2978 eas
378 2925 524 2991 tamquam
540 2923 605 2974 ante
620 2913 733 2971 habitas
746 2912 851 2968 iurum
872 2907 1089 2980 contempletur.
1106 2905 1153 2966 llis

10 3011 11 3030 ¹
105 3008 179 3065 haec
194 3003 334 3062 memoria
349 3003 521 3058 nominetur.

144 3089 185 3148 td
204 3088 264 3145 eius
285 3083 460 3158 gignendum
484 3087 578 3140 actum
598 3081 651 3138 irae
671 3079 845 3137 conditiones
864 3078 1058 3152 requiruntur.
1080 3079 1101 3136 1.
1122 3077 1155 3136 Ut

106 3189 191 3238 mens
205 3171 283 3232 ideas
300 3173 365 3228 ante
380 3168 533 3242 acquisitas
556 3165 650 3240 aliquo
669 3166 754 3223 modo
775 3165 905 3223 retincat.
925 3165 957 3224 ll.
977 3165 1011 3223 Ut
1025 3164 1088 3221 illas
1102 3164 1155 3220 lte-

108 3275 175 3321 rum
188 3259 221 3316 in
232 3253 420 3329 seproducat
441 3253 484 3311 lll.
497 3253 530 3312 Ut
540 3267 588 3310 eas
603 3267 633 3309 se
648 3249 809 3325 percepisse
825 3249 895 3307 alias
909 3249 1043 3307 consciat.
1063 3247 1105 3304 lt.
1120 3245 1155 3304 llt

110 3344 229 3422 proinde
245 3347 356 3414 tempus
372 3353 507 3414 praesens
522 3337 676 3411 distinguat
691 3354 708 3396 a
722 3335 888 3410 praeterito,
906 3340 989 3408 atque
1004 3339 1157 3406 utrumqne

112 3430 149 3490 ad
163 3430 256 3488 ideam
279 3425 408 3484 eamdem
428 3441 445 3483 a
466 3440 496 3483 se
518 3430 695 3499 perspectam
716 3423 832 3481 relerat.
851 3423 941 3490 Quare
960 3423 1081 3492 quatuor
1100 3417 1156 3475 ele·

112 3515 216 3574 mentis
231 3517 362 3574 constare
377 3511 438 3570 eins
452 3509 526 3569 actio
541 3509 671 3583 videtnr;
691 3509 858 3581 retentione,
875 3503 1098 3581 reproduetione,
1115 3516 1157 3561 rc·

10 3621 11 3626 ¹
114 3599 273 3674 cognitione
288 3595 436 3670 idearum,
457 3601 485 3655 et
502 3595 682 3656 distinctione
704 3594 837 3669 temporis
855 3591 960 3654 diversi
974 3587 1066 3665 quoad
1079 3588 1156 3650 idem

115 3685 274 3745 subiectum
288 3687 317 3742 et
329 3681 434 3742 ideam.

159 3867 171 3918 l
190 3865 225 3920 Dt
242 3867 332 3918 comet.
349 3867 437 3918 Pttlos.
455 3864 471 3918 l.
490 3869 513 3930 5,
531 3883 564 3940 pr.
583 3868 606 3916 l.
