2767 4492
231 285 285 352 336
675 302 837 346 annuemus

262 389 350 462 Atque
363 387 432 447 irino
445 387 544 461 regula
553 384 665 444 desumi
679 389 771 459 potest
785 382 932 443 iudicandi
942 385 1038 442 utrum
1047 382 1123 442 inste
1137 396 1178 441 au
1191 397 1280 442 secus

226 487 296 547 gons
310 471 385 530 aicta
399 471 513 546 propria
527 467 749 544 independentia
758 467 866 542 privari
880 467 985 528 debeat
998 483 1033 526 ac
1046 468 1163 526 uictorm
1177 468 1224 527 uei
1238 468 1280 527 al·

227 556 316 618 terius
327 555 429 616 ditioni
439 555 554 614 srrbiici.
570 547 692 614 ld‘enim
710 558 776 612 tunc
791 553 943 612 dumtaxat
962 552 1037 612 iuste
1051 553 1213 627 meritoque
1226 553 1279 626 iit,

226 656 293 702 cum
307 655 376 714 gens
391 639 440 698 illa
458 639 528 698 adeo
547 637 727 712 pervicacem
741 653 772 695 se
791 636 947 696 ostenderit
965 651 1000 695 ac
1017 637 1231 710 retractarem,
1248 643 1282 698 nt

225 730 303 784 tanin
318 721 705 800 poenanecessariaomnino
716 720 893 780 videaturad
904 721 1139 796 tranquillitatem
1150 722 1281 782 victricis

225 808 317 886 gentis
333 808 517 870 antolianum
532 807 680 867 nationum
697 806 865 879 tutandam,
882 806 928 864 vel
942 807 979 864 ed
994 805 1128 865 idoneam
1142 821 1281 879 compen·

226 895 364 954 sationem
374 894 543 952 damnorum
554 891 747 966 repetendam.
759 890 920 949 Generatim
937 896 1035 950 mmon
1050 891 1213 949 curandum
1222 896 1279 964 esi,

226 985 258 1039 ut
271 979 346 1040 bono
361 985 389 1038 et
403 979 459 1038 iuri
469 975 594 1037 victricis
610 976 700 1050 partis
714 975 756 1033 ila
768 975 972 1050 prospiciatur3
988 981 1021 1034 nt
1034 975 1166 1046 minimo,
1182 975 1281 1050 quoad

226 1065 288 1126 ileri
303 1067 403 1139 potest,
419 1062 529 1124 devicte
543 1077 612 1136 gens
627 1060 797 1122 detrimento
810 1065 839 1120 et
852 1060 1013 1124 munitae
1024 1065 1184 1137 prematur.

570 1261 703 1350 annun
722 1259 906 1328 runrruu

507 1481 547 1532 DE
562 1481 683 1532 SOGlALi
703 1481 833 1531 Udlnnnld
852 1480 988 1530 anundum

260 1665 369 1725 Mutuus
383 1663 511 1737 gentium
526 1662 676 1722 relationes
689 1666 814 1736 tempore
829 1661 979 1735 tumpacis
989 1665 1050 1718 tum
1064 1659 1134 1728 belli
1148 1661 1278 1720 breuiter

223 1747 439 1821 descripsimus3
460 1751 548 1806 restat
563 1750 593 1804 ut
608 1745 643 1804 de
661 1746 772 1804 unitate
786 1745 853 1818 illa,
870 1761 944 1818 quae
961 1743 1112 1804 universas
1124 1745 1277 1819 coniungit

223 1837 322 1904 genas
336 1836 364 1890 et
381 1831 564 1890 olhnorchico
579 1828 636 1887 dici
651 1835 752 1902 potest,
770 1829 878 1903 aliquid
896 1828 1063 1887 innuamus.
1081 1830 1119 1887 Ea
1135 1829 1216 1888 enim
1230 1845 1278 1889 su-

222 1929 338 1990 premus
353 1916 457 1988 gradus
471 1913 583 1972 socialis
592 1914 775 1988 perfectiouis
789 1913 966 1986 continetur3
979 1914 1124 1987 siqnidem
1138 1914 1276 1977 stabilem

224 2000 419 2060 etordinatam
429 1997 701 2058 allicitiunctiouem
712 1999 800 2073 illam,
811 1999 1077 2074 quanationesiam
1093 2005 1160 2058 anm
1176 2000 1206 2058 ri
1221 2015 1275 2057 na·
1364 2032 1372 2044 -

224 2091 303 2144 turae
318 2084 441 2142 invicem
455 2082 671 2156 copulabantur.
687 2083 802 2142 Duobus
811 2099 879 2142 aero
890 2082 1087 2141 articulisrem
1096 2084 1171 2141 nanc
1185 2099 1274 2157 expe·

222 2167 344 2238 diemus,
362 2181 484 2238 quorum
499 2167 652 2241 primusde
666 2174 770 2228 natura
785 2173 813 2227 et
825 2169 921 2228 indole
936 2168 1021 2227 huins
1031 2168 1183 2240 metetis,
1200 2167 1274 2232 aller

221 2253 256 2314 de
269 2253 414 2328 relatione,
430 2269 517 2330 quam
532 2256 743 2316 consocietate
758 2255 891 2327 religiosa
905 2256 1017 2329 retinet,
1032 2255 1194 2329 eloquetur.

640 2427 810 2486 inurendos
825 2425 845 2488 l.

365 2596 404 2654 De
418 2603 532 2656 reaturo
547 2602 573 2654 ct
592 2595 689 2654 indole
703 2595 819 2654 socialis
833 2596 960 2656 unitatis
974 2574 1119 2672 paratiora.

254 2764 316 2823 233.
334 2765 577 2834 Quemadmodum
592 2765 741 2824 indiuidua
758 2775 887 2826 seorsum
907 2767 1085 2825 considerata
1099 2769 1183 2826 extra
1198 2769 1268 2828 ciri·

217 2847 274 2908 lem
285 2849 448 2910 societatem
458 2849 644 2910 relationibus
659 2865 727 2924 erga
739 2850 809 2922 alios
819 2850 950 2910 laonriues
964 2853 1132 2910 natrrraliter
1142 2853 1266 2912 adstrin-

216 2942 331 3006 guntur,
343 2949 414 3006 quas
428 2933 543 2992 civitate
558 2933 898 3007 coustitutaconssrmant,
916 2935 1058 3008 evolvunt,
1070 2937 1267 3010 etnpplicaua

217 3016 403 3090 uenationes,
414 3018 467 3076 etei
484 3033 533 3090 per
547 3033 577 3076 se
588 3023 730 3092 spectatae
742 3018 850 3076 mutuis
863 3018 1148 3094 obligenturoiilciis,
1167 3031 1267 3082 tamen

216 3101 302 3161 ductu
313 3107 431 3160 naturae
443 3101 557 3162 incitari
571 3103 705 3162 videntur
717 3103 753 3160 ad
768 3103 917 3176 positivam
930 3109 959 3162 et
971 3109 1150 3164 constantem
1165 3121 1267 3166 conso·

218 3185 368 3246 clationem
384 3187 458 3246 inter
473 3201 503 3246 se
518 3186 682 3260 ineundam,
695 3187 793 3261 inqua
806 3188 950 3248 naturales
964 3195 1120 3263 respectus,
1134 3207 1208 3264 quos
1223 3193 1268 3252 in·

215 3271 308 3330 vicem
324 3271 441 3344 hahent,
453 3271 606 3331 stabilitate
622 3277 651 3331 et
665 3271 765 3332 ordino
779 3273 920 3333 donentur
934 3288 967 3333 ac
976 3289 1044 3334 aera
1058 3274 1168 3334 unitate
1178 3276 1267 3336 inter·

215 3355 352 3416 nationali
367 3355 507 3416 fruantur.

250 3439 280 3498 ld
291 3439 393 3499 iisdem
406 3441 465 3500 lere
475 3442 653 3515 argumentis
663 3443 826 3516 persuaderi
836 3444 958 3516 uidetur,
970 3445 1075 3518 quibus
1083 3445 1213 3505 humarm
1223 3447 1265 3507 in·
1366 3516 1367 3519 Ἴ

214 3523 331 3584 dividua
338 3525 374 3583 ad
383 3523 495 3585 civilem
506 3527 669 3586 societatem
677 3528 845 3587 naturaiiter
854 3529 981 3588 ordinari
990 3529 1062 3588 alias
1072 3535 1265 3590 monstratum

213 3616 265 3668 est.
277 3609 346 3668 Nam
357 3609 521 3683 indigentiis
533 3616 592 3670 tum
609 3611 733 3685 physicis
749 3618 810 3671 turn
823 3613 1169 3674 rationalibnsnationam
1180 3615 1266 3689 plene

213 3691 412 3766 cumulateque
428 3693 635 3766 providerinou
647 3700 747 3768 potest,
763 3696 819 3755 nisi
830 3697 884 3755 lrac
899 3696 1052 3756 universali
1063 3698 1200 3758 societate
1216 3717 1266 3772 po

211 3775 343 3848 palorum
358 3777 519 3836 constituta.
538 3778 657 3846 Quaevis
676 3779 754 3838 enim
767 3795 838 3854 gens
858 3781 974 3840 nonnisi
988 3779 1112 3842 aliarum
1128 3784 1265 3857 gentium

213 3869 297 3925 opera
312 3859 482 3943 completum
495 3876 548 3920 nec
566 3878 695 3923 morsum
710 3880 761 3937 per
779 3881 810 3926 se
824 3865 894 3939 quid
907 3865 1035 3926 humana
1048 3871 1155 3928 natura
1168 3867 1267 3930 ualeat
