2767 4492
572 245 702 303 emarcus
1124 234 1159 306 55

112 335 184 408 Haec
197 330 421 406 involuntarium
434 352 535 406 revera
548 337 655 412 gignit,
672 337 903 416 quandoquidem
917 332 1089 404 aestuas
1098 353 1159 400 nou

112 428 223 504 pendet,
234 430 272 500 et,
287 423 313 487 si
332 425 450 497 deesset,
466 436 648 498 nequaquam
664 421 738 481 actio
752 425 928 495 sequeretur.
946 421 1157 487 idrerleudum

0 578 1 583 ,
114 519 206 574 tamen
229 513 282 588 est,
303 507 493 584 ignorantiam
515 504 655 571 eiusmodi
670 504 867 576 invincibilem
882 521 945 568 esse
959 512 1098 582 oportere,
1113 507 1159 574 ai.

112 598 218 661 mirum
234 595 327 669 talem,
345 599 377 656 ut
390 591 534 668 oppositae
548 589 720 667 cognitionis
735 589 943 665 comparandae
954 589 1032 653 putta
1042 590 1160 661 moralis

112 681 257 756 diligentie
275 677 476 760 praetermisso
493 676 588 752 tuerit,
605 676 649 734 uel
664 674 766 735 saltem
781 674 861 736 nulla
877 674 1003 748 suspicio
1016 677 1160 739 contrario

112 766 240 827 animum
254 763 398 839 operantis
412 761 575 838 pulsauerit.
592 760 701 837 Nomsi
715 759 756 822 ita
771 774 801 820 se
812 757 916 821 habeat
926 757 975 822 illa
985 759 1158 836 ignorantia,

112 856 144 911 ul
161 865 225 912 eam
239 863 346 910 eruere
361 849 446 911 homo
460 846 597 924 potuerit;
614 850 747 920 agentem
761 859 819 906 non
834 849 962 917 excusat,
974 859 1028 905 uec
1048 845 1161 922 proprie

113 935 278 998 outmedcua
292 933 341 994 sed
356 933 452 1008 aliqua
466 947 503 991 ex
517 933 597 1006 parte
612 945 789 1006 comensem
799 929 920 990 dicenda
932 934 985 988 est.

148 1021 193 1082 to.
209 1019 301 1093 liliud,
319 1018 394 1094 quod
410 1017 450 1076 ad¹
461 1021 557 1077 actum
571 1014 766 1077 voluntarium
779 1011 946 1074 habendum
960 1012 1068 1094 requiri
1088 1014 1162 1079 dlxi-

114 1119 188 1178 mus,
206 1107 249 1164 est
265 1103 391 1164 iulluxus
406 1099 511 1162 interni
526 1098 669 1176 principii,
686 1097 818 1157 uidelicet
831 1097 994 1159 uoluntatis.
1010 1097 1100 1158 Huius
1115 1099 1172 1160 de·

113 1188 191 1248 tectu
209 1187 366 1247 violentum
388 1184 526 1258 exsurgit,
543 1183 619 1258 qnod
637 1181 753 1244 definiri
776 1186 885 1256 potest:
902 1182 977 1240 actio
992 1181 1028 1244 ob
1043 1191 1161 1245 eotcruo

111 1271 259 1348 priuupio
273 1269 436 1346 procedens,
449 1265 740 1340 renitentesutlecto.
753 1265 784 1326 til
794 1270 889 1326 autern
900 1271 1035 1340 appareat
1049 1283 1165 1342 quomo·

114 1357 149 1416 do
169 1353 303 1415 violentia
323 1353 354 1412 in
379 1357 459 1412 actus
482 1353 627 1412 humanos
648 1351 751 1410 cadere
771 1350 868 1425 possit,
892 1349 1101 1412 obseruandum
1122 1358 1166 1414 est

115 1443 195 1498 octus
220 1436 392 1501 voluntarios
412 1437 484 1498 alios
509 1452 573 1496 esso
598 1435 723 1502 elicitos,
741 1434 811 1496 aiios
830 1435 998 1515 imperatos.
1014 1433 1057 1494 illi
1075 1441 1162 1512 suat,

115 1522 164 1598 qui
179 1538 230 1598 por
244 1537 275 1584 se
297 1521 332 1580 ad
355 1521 531 1582 uoluntatem
558 1519 710 1598 portinent,
728 1517 765 1582 ab
784 1518 903 1595 ipsaque
922 1517 1086 1584 immediate
1101 1535 1166 1596 pro·

115 1606 282 1666 ficiscuntur
305 1611 452 1680 tauquam
473 1605 599 1671 actionus
618 1603 679 1664 eius
705 1603 851 1687 propriae,
872 1601 902 1666 hi
921 1609 1036 1682 contra,
1060 1604 1109 1680 qui
1129 1605 1166 1670 ad

116 1689 203 1752 aliam
225 1689 340 1768 quidem
359 1689 523 1748 facultatem
539 1693 676 1762 spectant,
691 1689 742 1756 sod
769 1683 919 1751 uoluntatis
937 1687 1058 1765 imperio
1075 1689 1165 1753 subii·

116 1775 243 1836 ciuntur:
264 1773 309 1834 Sic
324 1789 403 1835 amor
423 1772 560 1835 scientiae
580 1771 781 1848 adipiscendae
795 1779 839 1833 est
857 1780 937 1834 actus
958 1771 1084 1848 elicitum
1104 1779 1164 1835 stu·

115 1859 196 1918 dium
208 1853 243 1918 'et
267 1857 418 1937 applicatio
439 1858 598 1918 intellectus
627 1873 753 1932 ususque
774 1855 935 1926 modiorum
958 1858 1164 1933 externorum.

116 1953 189 2012 quae
208 1938 244 1996 ad
263 1937 342 1996 illam
357 1937 578 2016 comparandam
596 1937 756 2006 conterunt,
768 1943 836 2007 suut
849 1940 930 1997 actus
944 1937 1098 1998 uoluntarii
1113 1937 1165 2001 iar·

116 2022 221 2096 perati3
238 2022 287 2097 qrri
306 2021 424 2098 proinde
444 2037 504 2080 non
519 2020 650 2100 proxime
662 2021 724 2082 ‚sed
738 2021 861 2083 mediate
879 2036 897 2082 a
914 2019 1056 2083 voluntate
1071 2022 1166 2083 oriun-

119 2111 173 2165 tur.
189 2104 297 2166 Deinde
313 2105 523 2165 obsorvandum
537 2103 689 2163 est'actum
702 2104 759 2164 dici
773 2120 831 2163 non
842 2105 1166 2180 posseriotentum,nisi

117 2187 287 2262 subiectum,
305 2188 334 2247 in
351 2203 407 2264 quo
419 2187 477 2262 liat,
493 2187 522 2246 ri
532 2193 562 2247 el
575 2187 760 2248 inclinatione
772 2204 824 2247 sua
837 2187 869 2248 in
883 2203 1018 2264 praesens
1029 2188 1071 2253 llll
1085 2205 1167 2266 repu-

118 2279 194 2348 gnet.
207 2273 303 2345 Secus,
322 2271 347 2330 si
362 2269 522 2330 subiectum
531 2287 589 2330 uon
598 2271 751 2347 resisteret,
764 2271 817 2332 troc
831 2272 892 2351 ipso
905 2273 1012 2349 aliquid
1026 2273 1062 2333 ad
1072 2279 1169 2335 actum

119 2357 274 2430 conterret,-
295 2355 432 2418 nimirum
443 2355 598 2432 potentiam
613 2357 715 2418 sallom
729 2357 882 2432 passivam,
899 2357 930 2419 in
945 2363 1097 2433 quoactus
1116 2358 1164 2419 ille

119 2440 300 2516 recipiendos
315 2445 366 2500 est.
392 2440 441 2500 llis
465 2440 615 2516 explicatis
635 2441 756 2518 quisque
774 2442 852 2502 ridet
872 2441 1038 2503 uiolentiam
1056 2443 1167 2503 actibus

118 2526 221 2589 elicitis
233 2525 332 2589 inferri
342 2541 399 2586 non
410 2541 501 2602 posse,
513 2541 595 2602 posse
610 2531 706 2586 maren
717 2527 993 2602 actibustmperatis.
1007 2527 1077 2586 iiam
1087 2533 1167 2588 actus

118 2611 238 2684 elicitus,
256 2625 321 2670 cum
333 2627 350 2672 a
364 2611 508 2671 uoluntate
523 2611 666 2686 munstur,
683 2627 758 2687 quae
772 2611 946 2686 principium
956 2610 1165 2684 laternumest;

119 2711 232 2772 semper
246 2712 264 2756 e
277 2697 417 2780 principio
431 2697 545 2758 interno
559 2697 713 2769 enascitur,
729 2711 783 2758 nec
792 2697 855 2755 sine
869 2700 1058 2770 conceptuum
1073 2709 1169 2770 pugna

117 2781 259 2856 principio
279 2785 398 2840 externo
420 2787 511 2859 potest
526 2781 653 2842 attribui.
672 2779 706 2838 it
726 2786 806 2839 actus
820 2779 963 2854 imperati,
980 2793 1047 2837 cum
1061 2793 1119 2838 non
1135 2777 1166 2840 in

118 2863 262 2922 vuluntate
277 2865 327 2922 sod
341 2864 371 2922 in
383 2863 447 2921 aliis
463 2863 645 2924 facultatibus
660 2863 854 2937 perficiantur,
871 2877 954 2941 quae,
964 2861 1167 2922 licetauolun·

119 2950 176 3006 tate
188 2945 304 3004 ‘moueri
320 2945 451 3014 debeant,
474 2950 570 3006 tamen
595 2945 766 3022 quandoque
780 2945 817 3006 ab
840 2951 960 3006 externa
974 2946 1004 3006 vi
1018 2945 1054 3006 ad
1069 2951 1168 3007 actum

117 3029 314 3102 inflectuntur,
331 3028 437 3102 optime
462 3027 615 3088 consistere
631 3033 750 3104 possunt
768 3043 835 3090 cum
853 3030 995 3093 contrario
1010 3031 1166 3092 voluntatis

118 3111 248 3190 imperio.
266 3112 356 3182 Quare
371 3111 507 3191 peculiari
521 3111 658 3188 lacultati,
676 3128 694 3172 a
709 3128 767 3192 qua
780 3114 911 3193 proxime
922 3125 1089 3190 exeruntur,
1106 3115 1166 3175 rio·

118 3197 189 3258 lenti
203 3204 295 3270 erunt,
307 3213 364 3256 nou
382 3204 522 3272 quatenus
536 3197 584 3260 itta
595 3214 646 3273 par
660 3213 691 3258 se
706 3203 859 3275 spectatur,
875 3200 925 3259 sed
936 3206 1078 3276 quatenus
1096 3214 1165 3260 con·

118 3283 260 3342 siderator
280 3281 333 3341 sub
356 3282 476 3356 imperio
502 3287 531 3342 et
553 3281 677 3342 motione
708 3283 863 3344 rolontetie
887 3299 961 3360 quae
989 3283 1165 3344 capuanum

119 3365 268 3444 praecipit.

157 3453 201 3514 30.
213 3451 343 3514 lotiones
353 3451 530 3516 uoluntariae
544 3453 669 3528 pressius
679 3452 766 3514 etiam
775 3462 917 3528 acceptae,
929 3450 1067 3521 nimiwm
1081 3460 1168 3532 prout

119 3551 178 3597 aon
189 3536 272 3598 modo
284 3553 301 3598 e
313 3537 456 3599 uoluntate
468 3539 624 3612 procedunt
633 3538 870 3612 communitione
880 3538 956 3613 dois,
967 3555 1068 3602 rerum
1079 3539 1166 3604 etiam

120 3619 250 3681 libertale
265 3622 420 3686 instructae
435 3626 502 3681 sunt
518 3624 546 3696 t;
564 3622 668 3697 triplici
681 3621 862 3698 potissimum
873 3628 990 3698 aspectu
1004 3623 1166 3685 considera·

167 3753 177 3802 l
196 3755 220 3804 ld
237 3755 330 3804 dicimur
346 3756 397 3820 qaia
412 3756 483 3804 omnir
497 3757 554 3805 actio
568 3753 695 3819 voluntatis,
707 3755 793 3805 etiamsi
809 3757 930 3807 amastri«
940 3756 977 3822 sit,
989 3755 1112 3806 valnas·
1122 3755 1168 3804 ‹ttat

118 3833 208 3894 potest,
226 3845 275 3876 eum
291 3830 319 3877 ab
334 3831 421 3880 interno
436 3832 546 3897 principio
560 3831 672 3894 dimanet,
688 3833 777 3895 praeuia
791 3833 915 3896 cognitione
933 3833 994 3882 tau.
1013 3833 1096 3882 'samen
1112 3832 1167 3880 hacc

119 3919 161 3958 tor
177 3903 261 3954 actibus
277 3905 321 3956 illia
336 3909 432 3958 marius
445 3908 566 3976 competit,
581 3908 620 3976 qui
635 3906 704 3958 libera
718 3923 731 3958 a
747 3907 859 3959 rolantrle
872 3908 1048 3978 proficiscantur.
1064 3907 1093 3962 lli
1107 3908 1169 3980 cuiq
