2767 4492
520 331 753 382 murenaronan
1106 320 1160 393 tte

151 424 224 487 iiiuc
237 423 338 488 electio
353 427 457 493 status,
474 438 541 482 cum
554 438 602 481 res
616 437 674 479 nou
688 420 727 479 sit
741 418 777 477 ad
793 418 989 486 educationem
1005 423 1160 498 pertinens,

117 518 166 569 aut
176 512 212 571 ad
226 511 375 583 familiam,
385 507 435 567 cui
444 513 575 583 parentes
587 510 723 580 praesunt
736 505 786 565 sed
797 506 890 579 petius
904 524 1056 582 personam
1070 510 1164 583 ipsam

111 597 239 655 tiliorum
253 600 282 655 et
298 595 387 654 vitam
409 593 445 653 ab
460 592 497 652 iis
510 592 540 651 in
556 596 702 665 posterum
716 590 876 649 ducendam
894 592 1040 667 respiciat,
1061 608 1162 667 pareu-

116 686 177 739 tum
188 680 325 739 voluntati
334 677 454 738 minime
465 676 593 737 subiecta
603 682 655 735 est.
667 676 801 734 Poterant
810 675 908 749 utique
919 683 1060 750 nanneten,
1073 678 1162 737 imme

115 768 202 824 ctiam
214 763 456 838 debent,consitio
466 766 495 821 et
505 761 698 821 colluctatione
713 760 786 819 salios
801 760 831 823 in
842 775 875 818 ca
885 760 1016 835 dirigere,
1033 762 1164 836 aqnnibus

115 866 214 909 corum
228 850 369 909 sententia
383 849 446 909 sine
460 847 541 921 gravi
556 862 643 906 causa
656 845 834 919 repudianda
850 860 908 905 nou
922 851 981 919 est,
995 849 1024 903 at
1039 846 1161 906 delinire

115 941 143 993 et
153 950 252 1008 cogere
263 948 447 1008 nequaquam
455 930 660 1007 possunt,quin
669 930 716 989 ius
727 930 781 989 sibi
793 934 933 1003 arrogent,
944 946 1000 1005 quo
1008 945 1107 1003 reapse
1117 930 1164 988 de-

114 1021 280 1079 stituuntur.
291 1020 380 1093 deque
389 1018 459 1077 haec
470 1017 505 1075 de
516 1016 607 1090 patria
619 1020 758 1091 potestate
768 1015 837 1073 satis
848 1015 963 1089 quidem
973 1015 1049 1073 dicta
1059 1014 1117 1073 sint
1131 1018 1156 1073 t.

151 1106 211 1163 138.
227 1104 314 1163 Venio
328 1118 407 1161 nunc
427 1101 464 1159 ad
478 1100 667 1160 determinata
687 1099 783 1159 oiiicia
797 1104 949 1174 pareutum
963 1104 992 1158 et
1007 1100 1163 1159 liberorum

113 1189 268 1249 inuarenda.
281 1190 371 1261 dique
385 1187 421 1245 ad
435 1191 587 1261 pareutum
602 1186 678 1260 quod
692 1185 810 1254 attinet,
826 1185 965 1259 educatio,
984 1184 1030 1245 cui
1044 1199 1162 1259 opernm

111 1274 204 1332 daturi
220 1278 296 1345 sunt,
319 1288 421 1347 corpus
436 1270 524 1330 simui
538 1276 566 1329 et
579 1272 708 1329 animum
724 1270 849 1329 tiliorum
862 1270 998 1343 respicit,
1016 1270 1162 1343 vitamque

115 1364 175 1415 tritu
196 1357 346 1430 physicam
371 1361 432 1415 tum
450 1357 537 1415 etiam
551 1356 700 1415 moralem.
724 1356 795 1427 arga
815 1359 849 1414 ut
867 1355 971 1413 liberos
986 1355 1062 1413 alere
1079 1358 1164 1427 atque

115 1444 192 1499 cirris
211 1441 334 1500 assiduis
352 1442 384 1500 in
397 1441 560 1513 integritate
578 1447 608 1499 et
628 1441 750 1499 sanitate
774 1440 899 1514 corporis
918 1442 1104 1511 conservarc3
1121 1439 1163 1498 sic

114 1543 163 1585 eos
179 1527 320 1584 iustruere
336 1526 442 1585 debent
456 1526 551 1601 quoad
565 1525 661 1584 officia
671 1530 790 1583 naturae
805 1523 952 1583 rationalis
966 1524 1091 1598 propria,
1103 1523 1164 1582 sino
1185 1536 1187 1539 ·

113 1627 181 1683 erga
195 1610 302 1684 seipsos
317 1611 378 1669 sive
395 1626 464 1683 erga
477 1610 564 1683 aiios,
585 1610 645 1669 sire
659 1608 841 1683 potissimum
856 1624 924 1683 erga
939 1609 1029 1667 Deum
1045 1610 1071 1667 2.
1081 1608 1161 1676 Quod

114 1710 187 1753 sarae
204 1694 391 1768 praestabunt
409 1710 467 1753 non
481 1694 566 1753 modo
581 1693 712 1753 doctriua
733 1702 761 1752 et
782 1692 1038 1767 cohortationibus,
1059 1707 1161 1751 verum

115 1780 203 1839 etiam
222 1779 368 1853 exemplo;
385 1795 442 1853 quo
456 1778 559 1853 puerili
573 1779 605 1837 in
619 1778 713 1853 priam
724 1778 774 1838 illa
787 1784 889 1853 aetate,
904 1778 1032 1837 maxime
1043 1778 1079 1837 ad
1093 1777 1160 1838 imi-

160 1938 171 1984 d
189 1939 306 2001 Perpetem
318 1937 429 2003 nonnulli,
442 1953 496 2001 quoa
511 1936 569 1985 inter
579 1936 740 1986 Pallendorlius
752 1942 774 1985 et
783 1935 920 1999 l‘homnsiars,
934 1936 1027 2001 patrinos¹
1037 1941 1165 2001 potestatem

110 2030 150 2078 pre
165 2016 249 2061 ratione
263 2014 337 2061 delicti
352 2031 421 2077 usqae
431 2014 459 2060 ad
466 2030 580 2061 smnmum
590 2015 624 2059 ius
635 2014 692 2061 ritae
707 2019 728 2060 ct
740 2014 798 2060 necis
814 2014 911 2061 ersleudi
923 2012 1046 2061 noluerunt.
1064 2014 1088 2061 id
1100 2014 1160 2059 euim

110 2106 135 2137 er
151 2090 195 2136 sane
210 2089 345 2135 educationis
359 2090 450 2135 minime
462 2088 569 2151 sequitur,
587 2105 636 2134 cum
651 2089 711 2133 fitius
722 2089 799 2150 corripi
815 2090 905 2137 omniuo
917 2090 1002 2137 nescius
1017 2089 1103 2137 edomo
1114 2089 1164 2135 eiici

109 2166 187 2229 possit.
204 2168 316 2212 Praeterea
330 2169 455 2227 poenatem
470 2169 530 2209 atrox
544 2162 608 2210 valde
624 2162 751 2209 adversatur
768 2166 845 2228 ornari,
863 2166 899 2229 spui
915 2166 942 2211 ud
956 2165 1039 2211 ltonmn
1054 2164 1095 2211 titii
1109 2181 1163 2227 prn-

110 2240 231 2286 curandum
247 2240 348 2301 impellit.
366 2239 457 2293 Quodsi
474 2238 532 2300 apud
547 2254 648 2284 romanos
659 2239 702 2285 tale
713 2240 748 2285 ins
762 2256 888 2286 concessum
900 2242 950 2304 lanii,
968 2234 996 2286 id
1006 2258 1049 2287 nou
1066 2257 1078 2287 c
1092 2242 1164 2303 patria

110 2320 216 2379 potestate
229 2315 335 2376 manarit,
347 2313 418 2360 sodex
427 2328 529 2375 suprema
543 2315 671 2360 auctoritate
686 2330 729 2376 qao
745 2320 842 2377 respectu
855 2316 950 2364 leonillae
967 2316 1074 2379 repandae
1089 2322 1162 2379 patres

109 2397 160 2439 ante
175 2396 270 2437 exortam
284 2390 408 2437 serietatem
429 2389 515 2436 civilem
525 2389 673 2453 potiebantur.

155 2468 171 2513 2
187 2468 263 2530 inepta
283 2467 350 2528 ipitnr
365 2472 386 2513 et
400 2466 468 2529 impia
484 2466 627 2513 existimanda
649 2471 683 2513 est
698 2466 813 2513 methodos
834 2466 980 2515 institutionis
1001 2470 1122 2528 sepeliens
1140 2474 1163 2517 et

109 2546 241 2592 aileisticee
255 2544 379 2607 propositae
393 2560 406 2591 a
421 2544 532 2591 ilonsseau
547 2544 570 2591 in
586 2544 652 2607 libro,
676 2560 741 2606 quem
758 2543 871 2605 inscripsit
886 2546 963 2591 Emito
973 2558 1004 2591 on
1020 2546 1047 2591 de
1059 2547 1163 2591 i'edaree-

109 2623 166 2667 tion.
182 2620 314 2667 lubetenim
329 2624 353 2667 ut
368 2636 418 2666 cam
429 2622 503 2683 pueris
518 2625 555 2667 ant
570 2620 752 2683 adolescentibus,
770 2620 808 2682 qui
825 2620 973 2682 erudiuntur,
996 2620 1071 2667 nuliuc
1089 2636 1160 2667 serore

109 2697 226 2743 misceatur
236 2696 263 2743 dc
278 2698 332 2760 Deo,
345 2696 372 2743 dc
388 2697 469 2759 anima,
482 2696 509 2743 de
519 2696 634 2760 religione,
651 2697 721 2743 denec
736 2697 762 2743 ad
774 2702 865 2743 aetatem
886 2696 1005 2741 octodecim
1021 2696 1162 2757 aut'amplius

108 2789 217 2819 annorum
237 2773 384 2835 pervenerint.
402 2775 430 2819 dt
450 2773 469 2819 si
485 2773 515 2819 ita
530 2778 605 2835 esset,
623 2778 732 2837 oporteret
754 2771 776 2817 ira
794 2772 871 2835 primis
888 2772 1036 2818 adulescentes
1051 2772 1159 2834 usquead

109 2854 153 2895 tam
164 2849 260 2893 adultam
274 2853 366 2894 aotamm
380 2848 569 2911 praestantissime
585 2864 609 2894 aa
624 2849 704 2893 uiliciis
721 2847 815 2892 hominis
827 2846 909 2909 deesse,
923 2847 990 2893 cultui
1001 2847 1106 2893 nimirum
1118 2850 1163 2893 lieo

109 2923 190 2969 debito.
207 2923 291 2968 lleindc
305 2923 413 2985 quomedo
423 2922 541 2969 virtutibus
553 2924 594 2969 rite
608 2923 722 2969 informari
744 2927 834 2985 possent
851 2922 918 2985 (quael
935 2928 1007 2971 tannen
1026 2924 1073 2989 ipso
1088 2925 1161 2969 llous·

110 3016 162 3046 senar
176 2998 238 3043 valde
250 2997 364 3060 inculcat),
381 3000 429 3045 sine
444 2999 521 3044 notitia
537 3000 681 3061 praestantiae
691 2999 760 3045 animi
778 3004 800 3045 et
815 2999 905 3044 rationis
921 3004 1020 3061 respectu
1031 2999 1126 3061 corporis
1141 3004 1163 3045 et

109 3092 194 3137 sensus,
211 3074 258 3120 sinc
273 3075 397 3135 cognitione
413 3074 499 3120 laturae
509 3075 566 3121 vitae
577 3078 599 3120 ci
609 3074 680 3120 ultimi
693 3074 753 3137 linis,
767 3074 794 3121 nd
811 3091 876 3137 quem
888 3075 975 3122 leudem
986 3074 1050 3121 horno
1065 3074 1163 3137 spectat?

107 3146 189 3213 Tertio,
207 3154 232 3196 ut
247 3150 295 3213 ipse
310 3150 390 3197 netur
404 3151 514 3196 linusscau
529 3149 581 3213 (loe.
598 3151 635 3196 eit.
652 3168 672 3197 c.
690 3151 709 3212 l,
728 3166 777 3213 pop.
791 3150 856 3213 458),
870 3150 955 3197 nullum
970 3157 1003 3197 est
1017 3150 1161 3213 periculosius

109 3226 289 3273 vitaehumanae
303 3226 452 3289 intervallum,
469 3240 534 3288 qnam
544 3226 600 3273 iilud
615 3227 672 3291 qaod
687 3226 804 3273 intercedit
818 3244 831 3275 a
846 3228 958 3274 nativitata
975 3244 1044 3291 usque
1059 3226 1085 3273 nd
1100 3232 1162 3273 aeta·

109 3308 152 3348 iem
167 3301 281 3347 duedecim
297 3317 414 3363 annorum,
426 3317 475 3347 eum
485 3301 577 3348 allectus
588 3302 624 3364 qut
640 3308 692 3348 tune
709 3302 782 3349 animo
799 3303 956 3365 imprimuntur
970 3302 1024 3349 adeo
1038 3301 1158 3365 profundas

109 3378 193 3424 radices
209 3381 283 3438 agani,
299 3381 324 3423 nt
343 3377 388 3423 lere
408 3377 544 3441 impossibile
559 3378 588 3424 sit
602 3394 627 3425 ea
642 3377 745 3441 deinceps
760 3378 860 3427 evellere.
878 3378 989 3433 Quourodo
1005 3377 1071 3439 igitur
1087 3378 1161 3425 loturo

109 3454 252 3501 adolescentis
262 3453 320 3499 bono
331 3453 455 3499 consultum
470 3454 520 3509 erit,
531 3455 549 3500 si
562 3455 581 3499 is
597 3454 623 3501 de
638 3454 712 3500 anima
727 3471 752 3501 ac
767 3455 793 3501 de
811 3457 864 3517 ilco,
882 3454 1001 3517 ceterisque
1016 3454 1160 3517 veritatibus,

111 3546 166 3593 quae
181 3530 220 3576 laos
234 3529 377 3592 subaudiant,
395 3528 451 3575 uilril
467 3532 561 3590 cupiinre
572 3546 617 3576 nou
632 3532 696 3577 modo
713 3548 737 3577 ea
753 3535 822 3577 aetate
837 3531 875 3577 sed
896 3531 962 3577 ctiam
977 3529 1111 3593 provectiore
1127 3546 1162 3575 as-

109 3606 204 3652 suefiat?
218 3605 382 3669 Sperandurane
396 3607 457 3669 erit,
485 3615 527 3653 turn
542 3608 629 3669 inopum
644 3608 843 3671 cousuetudinem,
869 3622 925 3669 quae
943 3606 1072 3667 virginalem
1094 3605 1159 3652 illum

108 3683 206 3728 animam
220 3684 341 3747 occuparit,
354 3681 462 3729 contraria
483 3682 585 3745 deinceps
600 3684 698 3747 superari
712 3683 791 3747 pesse?
805 3681 934 3729 Praesertim
948 3698 997 3729 rum
1018 3680 1056 3728 illa
1070 3681 1161 3728 sensili-

108 3760 150 3807 lms
165 3763 340 3826 cupiditatibus,
362 3778 418 3826 quas
433 3762 456 3808 in
471 3762 549 3810 iuvene
563 3763 698 3810 viridissime
719 3763 864 3827 explicantur,
880 3762 964 3826 laneat,
981 3762 1049 3811 altere
1063 3762 1158 3823 maniter

110 3836 252 3887 acinerseturi
262 3839 305 3888 Sed
320 3839 373 3888 haec
384 3841 458 3889 insani
469 3839 565 3888 dominia
575 3839 653 3889 deliria
663 3844 724 3905 snut,
741 3854 796 3904 quae
810 3844 948 3889 eeuemncrc
959 3839 1027 3887 satine
1042 3838 1084 3889 erit
1093 3853 1159 3905 qnam

110 3913 230 3966 conlutare.
