2767 4492
430 347 831 397 censemus-coenonesis
1121 341 1156 400 lt

109 433 249 492 mundum
263 447 280 492 e
293 433 352 494 lieo
365 433 504 508 prodiisse
517 439 664 510 tamquam
685 437 844 510 portionem
857 434 904 494 vel
922 435 1072 496 eltlurium
1086 437 1157 498 divi·

111 532 166 577 nae
180 518 354 578 substantiae
368 519 603 579 comminiscitur.
618 521 712 594 llqua
726 519 866 579 sententia
875 535 933 580 non
943 519 1066 580 multum
1076 521 1156 582 ablu·

110 601 182 662 dunt
192 601 319 678 plerique
333 619 351 661 e
363 604 527 664 recentibus
536 604 704 663 Pantheistis
718 605 1021 679 transcendentalibus‚
1029 621 1152 680 qrrorum

109 687 239 748 insaniae
260 688 385 748 reiectae
404 684 471 748 sunt
493 689 633 764 superius.
654 690 688 748 tt
704 705 772 748 vero
793 689 985 763 opinationem
1004 691 1089 750 istam
1113 707 1156 751 es·

109 787 139 832 se
161 772 397 834 absurdissimam
419 775 486 850 quis
502 791 561 836 non
583 775 681 834 uidet?
704 773 829 834 Profecto
846 789 897 849 per
917 775 1009 849 ipsam
1030 776 1157 836 mundus

106 858 238 918 eiusdem
251 865 380 933 naturae,
397 861 479 920 onius
493 865 536 920 est
550 861 636 933 Deus,
652 859 784 934 Deosque
798 859 917 933 iusuper
930 859 1059 934 partibus
1074 875 1156 938 eoag-

106 949 252 1004 mentatus
272 945 400 1018 tingitrrr.
422 946 513 1014 onere
535 960 593 1005 non
613 944 698 1004 modo
716 943 892 1018 argumentis
917 944 953 1004 iis
975 945 1155 1021 exploditur,

105 1027 214 1101 quilius
231 1029 429 1090 Pantheismus
443 1029 705 1107 suprarepudiatns
715 1034 772 1100 est3
789 1043 889 1087 uerum
904 1029 991 1088 etiam
1000 1029 1066 1098 illis,
1083 1045 1156 1104 quae

105 1110 157 1170 liei
172 1113 388 1188 simplieitatem
402 1120 541 1176 tuentru.

141 1197 256 1258 Eisone
271 1199 296 1258 si
311 1200 436 1261 mundus
449 1201 558 1276 aliquid
573 1204 649 1260 esset
666 1199 704 1259 ad
718 1199 846 1258 divinum
861 1199 952 1274 ipsam
969 1201 1158 1260 substantiam

105 1283 264 1357 pertinens,
276 1299 349 1359 qrrae
363 1301 415 1360 pro
429 1287 568 1344 uarietate
582 1299 679 1343 rerum
693 1283 736 1342 sic
752 1289 802 1343 aut
816 1283 897 1342 aliter
910 1285 1155 1358 conformaretur3

105 1374 204 1427 creata
227 1371 306 1428 entia
330 1370 377 1428 [tei
391 1375 494 1429 natura
515 1369 687 1428 intrinsecus
701 1373 879 1440 constarent,
902 1374 986 1442 atque
1004 1370 1069 1428 ideo
1088 1385 1158 1444 pan·

108 1452 240 1512 theistico
254 1452 313 1512 ritu
336 1466 389 1512 eeu
403 1453 480 1513 illius
504 1453 729 1514 modificationes
744 1453 894 1527 cogitanda
912 1459 1016 1512 essent.
1038 1455 1158 1522 Quodsi

107 1537 222 1596 dicatur
245 1553 284 1596 ex
302 1537 453 1598 munitate
467 1554 533 1614 pars
547 1539 689 1613 quaedam
706 1537 806 1597 auulsa
820 1538 852 1596 in
878 1553 966 1597 novas
980 1553 1011 1597 se
1025 1539 1159 1598 transtor-

107 1637 205 1681 masse
219 1623 402 1696 substantias,
419 1624 548 1699 superior
562 1623 724 1682 absurditas
737 1639 796 1682 uon
811 1623 946 1697 effugitur
962 1623 1011 1682 sed
1026 1631 1156 1698 augetur.

107 1706 235 1766 Primum
249 1709 327 1767 enim
341 1724 375 1767 ea
389 1709 539 1784 hypothesi
560 1708 611 1767 liei
631 1713 735 1767 natura
755 1713 787 1766 ut
807 1709 963 1782 composite
982 1709 1158 1770 admixtione

106 1793 233 1865 partium
247 1793 419 1863 haberetur,
445 1801 530 1869 atque
548 1793 614 1853 idco
627 1793 711 1852 linita
723 1799 798 1852 esset
821 1793 980 1868 iisdemque
998 1794 1074 1853 notis
1088 1809 1157 1868 gau-

105 1879 202 1952 dens,
226 1893 260 1936 ac
273 1894 320 1938 res
344 1885 479 1939 creatae·
493 1880 583 1939 immo
606 1893 675 1938 uero
688 1878 726 1937 ad
744 1877 876 1937 infimum
895 1893 993 1938 earum
1018 1879 1155 1953 padum,

106 1977 211 2038 nempe
228 1979 414 2039 corporeum,
438 1964 627 2036 deiiceretur;
654 1963 884 2038 quandoquidem
906 1963 966 2022 sola
984 1978 1102 2039 mrpora
1125 1965 1157 2024 in

106 2055 204 2122 partes
217 2048 314 2109 divelli
321 2054 439 2123 possunt
452 2055 482 2110 et
494 2049 627 2123 discerpi.
644 2047 752 2108 Deinde
766 2063 833 2122 pars
847 2046 897 2107 illa
911 2047 1068 2108 divinitatis
1082 2053 1156 2109 esset

105 2135 228 2192 materia
241 2133 360 2208 mundi3
376 2149 410 2193 ae
424 2139 573 2208 propterea
586 2149 645 2193 non
658 2133 752 2192 solum
766 2149 833 2192 cum
842 2133 949 2193 mundo
960 2149 1075 2208 prorsus
1089 2149 1156 2194 con-

106 2218 277 2276 tunderetur
292 2218 377 2291 (quod
391 2218 619 2292 pantheistarum
632 2219 706 2290 est),
726 2231 826 2276 verum
841 2217 927 2275 etiam
942 2217 1034 2276 eidem
1050 2219 1079 2277 in
1094 2235 1156 2293 per·

107 2301 232 2360 tectione
244 2303 420 2361 concederet.
433 2302 548 2361 Materia
565 2301 652 2374 enim,
670 2301 746 2360 unde
760 2317 806 2362 res
820 2301 959 2362 conflatur
973 2307 1001 2362 et
1015 2303 1155 2377 eflicitur,

106 2402 216 2446 uorum
231 2387 348 2461 aliquid,
365 2393 398 2446 ut
410 2387 441 2446 id
455 2388 513 2462 liat,
533 2387 678 2461 suscipere
692 2387 787 2446 debet.
802 2388 893 2456 Quare
908 2387 1097 2462 compositum
1111 2387 1154 2447 in·

108 2471 144 2530 de
158 2471 302 2532 resultans
315 2487 350 2530 ea
364 2478 441 2531 certe
456 2473 585 2532 ornatius
606 2478 649 2531 est
663 2477 692 2530 et
706 2473 876 2547 locupletius
889 2492 896 2545 3
918 2471 1059 2547 siquidem
1075 2472 1157 2532 reali-

108 2555 169 2630 tati,
185 2557 462 2630 quamiliaooniert,
475 2557 727 2618 determinationes
741 2573 791 2617 ees
806 2557 919 2617 etvires
930 2557 1069 2631 adiungit,
1085 2573 1156 2632 quas

106 2643 229 2702 materia
242 2643 278 2701 ad
292 2643 388 2718 ipsum
402 2644 586 2704 condendum
600 2645 696 2705 induit
709 2644 899 2720 explicatque.
923 2643 977 2703 Sed
992 2644 1027 2702 de
1042 2642 1157 2717 ineptis·

104 2727 180 2785 simo
193 2727 249 2787 lroc
261 2734 422 2788 commento
437 2730 524 2803 satis3
545 2731 582 2788 ed
605 2731 728 2790 alterum
747 2728 822 2803 quod
839 2733 901 2787 erat
918 2727 1094 2802 propositum
1108 2744 1157 2788 ue·

111 2826 239 2872 ruamus.

142 2897 187 2956 ll.
208 2897 271 2956 Fuit
284 2904 433 2973 ueterum,
460 2905 609 2974 poetarum
622 2897 810 2971 praesertim,
833 2895 939 2968 opinio,
961 2895 1100 2954 mundum
1120 2911 1157 2954 ex

106 2980 297 3054 incomposita
312 2983 437 3055 quadem
451 2987 479 3040 et
493 2983 636 3055 indigesta
655 2993 755 3039 rerum
774 2979 903 3037 omnium
924 2979 1074 3040 emersisse
1093 2995 1158 3040 con·

106 3069 195 3140 gerie,
217 3080 304 3139 quam
319 3065 406 3126 chaos
419 3065 613 3125 nominarunt.
1079 3075 1080 3078 ’

233 3237 303 3297 Ante
317 3253 397 3297 mare
410 3241 440 3296 et
453 3241 552 3312 terras,
572 3241 602 3296 et
615 3235 691 3312 quod
706 3235 776 3319 tegit
790 3237 902 3312 omnia,
921 3237 1032 3298 coelum

233 3323 311 3382 Unus
325 3329 387 3382 erat
402 3327 458 3384 toto
472 3328 592 3382 neutrae
608 3323 705 3382 vultus
718 3322 749 3381 in
765 3321 843 3396 orbe,

234 3408 323 3476 Quem
338 3409 438 3468 dixere
451 3408 548 3482 chaos,
568 3408 648 3468 rudis
663 3407 860 3483 indigestaque
874 3408 964 3470 moles
980 3410 1005 3467 l.

109 3554 173 3604 etiam
188 3571 280 3620 eorpora
295 3556 320 3602 in
336 3571 410 3603 rernm
425 3555 568 3603 universitate
583 3555 686 3616 derivari,
703 3571 728 3602 eo
744 3554 812 3602 ferme
826 3556 900 3620 modo,
916 3572 960 3620 quo
975 3571 1054 3604 annea
1068 3571 1094 3602 er
1109 3571 1158 3620 pro-

108 3631 161 3690 priis
181 3631 302 3680 visceribus
325 3631 410 3692 ulam,
427 3637 466 3679 aut
481 3631 575 3695 bombyx
591 3633 661 3680 serica
675 3630 713 3680 fila
728 3631 824 3678 deducit.
849 3631 920 3688 Quare
943 3638 1014 3680 creata
1031 3632 1105 3680 omnia
1125 3631 1158 3679 nil

110 3703 347 3771 almumalmum,
363 3708 406 3754 uisi
422 3709 559 3755 extensiones
573 3707 679 3771 quasdam
693 3707 781 3755 divinae
797 3713 900 3772 moturae,
917 3713 975 3755 ortas
991 3707 1081 3772 exinde,
1099 3708 1157 3772 quod

110 3778 167 3826 Dens
182 3786 318 3831 sueeaesione
333 3785 496 3831 emanationem
510 3784 632 3848 aliquarum
647 3799 688 3847 ea,
706 3799 761 3847 quae
777 3785 827 3830 sinn
842 3784 909 3831 veluti
924 3800 964 3832 ruo
979 3785 1103 3849 convolvit,
1118 3800 1157 3831 er-

111 3853 207 3915 pliearet.
226 3860 323 3916 Qnornm
339 3860 432 3922 proinde
448 3859 526 3906 desitio
542 3867 588 3906 tum
604 3859 692 3906 tandem
709 3857 839 3923 habebitur,
857 3875 907 3906 cnm
922 3861 980 3908 Deus
997 3862 1076 3910 iterum
1092 3858 1120 3906 ad
1134 3874 1158 3905 se

111 3944 136 3977 ea
151 3936 223 3981 omnia
236 3935 352 3982 moeabit.
371 3934 464 3982 &name
478 3936 537 3982 inter
550 3935 605 3983 alios
621 3935 720 3997 Setuepu
735 3939 758 3982 et
770 3935 921 3984 Tmnomann.

157 4009 168 4055 t
187 4011 283 4060 unnim
297 4013 451 4073 lemme.
469 4009 486 4058 l.
503 4012 528 4059 t.
