2767 4492
264 285 316 348 att
721 303 884 348 ausaausa

264 388 396 446 abdicare
411 386 497 447 etiam
512 402 563 462 pro
578 387 662 460 fidia,
679 389 740 448 siva
754 388 907 448 nascituris
920 387 982 446 sive
996 387 1088 461 natis,
1104 387 1155 462 qui
1171 389 1318 462 quamdiu

264 473 317 531 sub
336 472 424 546 patris
443 477 579 546 potestate
599 478 718 532 manent
735 480 801 532 suut
818 489 865 532 res
884 472 993 546 patris3
1011 474 1122 531 tametsi
1142 472 1318 546 deincepsa

262 557 356 631 patria
370 561 508 630 potestate
521 557 692 632 emancipati
713 564 820 631 queant
839 572 946 617 novum
965 558 1010 617 ius
1029 556 1176 631 acquirere
1195 563 1317 631 propter

264 639 432 700 electionem
446 641 542 716 populi
557 642 607 715 qui
622 648 723 716 sponte
738 658 769 702 se
783 643 826 702 eis
840 643 985 703 subiiciat.

601 865 734 940 CAPUT
749 870 961 955 quantun.

490 1087 529 1135 DE
542 1085 698 1134 amastrae:
712 1088 898 1136 ratusratus
911 1086 1080 1136 meanto.

296 1251 379 1316 detio
389 1254 501 1318 socialis
516 1256 566 1318 illa
581 1261 642 1331 est,
659 1271 733 1333 quae
748 1273 766 1317 a
779 1259 960 1319 moltitudtne
978 1259 1124 1334 peragatur
1137 1257 1192 1318 sub
1211 1261 1310 1318 aucto·

260 1341 352 1401 ritatis
368 1343 491 1402 iuiluxu.
513 1345 605 1412 Quare
617 1345 753 1403 autoritas
766 1345 855 1404 veluti
870 1345 990 1404 facultas
1003 1350 1047 1403 est
1060 1350 1170 1402 motum
1184 1343 1309 1416 gignens

259 1424 291 1484 in
306 1428 439 1487 societate
454 1443 575 1502 eamque
590 1429 625 1486 ad
641 1429 817 1502 operandum
835 1429 991 1504 applicans.
1013 1427 1159 1497 Quomodo
1172 1427 1265 1500 igitur
1279 1426 1309 1485 id

259 1517 384 1583 praestet
398 1512 650 1586 contemplandum
665 1513 712 1571 iric
727 1519 778 1585 est,
790 1529 842 1572 seu
855 1515 892 1572 de
906 1513 1082 1572 auctoritatis
1096 1511 1235 1571 exercitio
1249 1510 1308 1569 dte

259 1597 422 1657 serendum.
434 1598 468 1656 ttt
476 1597 613 1671 quoniam
627 1597 780 1656 auctoritas
790 1597 1002 1656 multitudinem
1016 1597 1053 1655 ad
1065 1597 1227 1655 ordinatam
1240 1609 1308 1668 ope-

257 1683 397 1741 rationem
413 1688 508 1741 movet
521 1682 703 1741 functionum
720 1682 900 1740 diversarum
919 1680 1096 1749 ministerio,
1112 1681 1166 1738 tias
1179 1679 1306 1752 singilla-

258 1766 309 1824 tim
326 1767 487 1841 expendero
501 1772 619 1840 oportet.

292 1850 463 1908 lunationes
479 1850 619 1908 eiusmodi
635 1852 670 1908 ad
687 1855 744 1910 tres
759 1852 870 1911 reducit
883 1851 1097 1925 llontesquieu‚
1113 1848 1252 1908 nimimm
1268 1847 1305 1906 nd

254 1934 331 2008 leges
345 1934 555 1992 constituendas
568 1980 575 2008 ,
587 1935 623 1992 ad
638 1949 739 1994 earum
752 1937 951 1996 executionem
962 1934 1191 2009 procurandam,
1203 1933 1241 1990 ad
1257 1933 1303 1991 iu·

257 2019 365 2078 dicium
380 2018 527 2076 terendum
542 2018 578 2076 de
593 2019 675 2078 iactis
690 2021 884 2094 peculiaribus
893 2021 929 2079 de
945 2020 1050 2094 quibus
1060 2022 1192 2092 respectu
1205 2016 1305 2088 legum

257 2103 407 2163 intercidat
421 2104 631 2177 controversia3
653 2121 775 2179 quamm
793 2106 972 2164 sanctionum
992 2103 1218 2162 exercendarum
1232 2100 1302 2167 ius,

258 2185 471 2262 apotolicum,
488 2189 670 2246 saeculisque
689 2196 718 2247 et
731 2189 928 2248 iadis-tarium
946 2194 1113 2263 patestatem
1131 2185 1260 2244 nominat
1279 2186 1302 2241 ¹.

256 2271 331 2330 llaec
346 2278 440 2330 auteur
457 2271 596 2346 tripartita
609 2272 711 2332 divisio
723 2273 790 2332 iicet
802 2290 821 2333 a
833 2272 1174 2347 nonnuliisimpronetuq
1191 2275 1302 2341 tamen,

255 2371 322 2416 cum
339 2355 419 2414 valde
434 2358 595 2415 communis
611 2358 658 2426 sit,
671 2367 699 2416 et
710 2357 854 2418 obiectum
865 2359 1008 2417 distinctis
1020 2354 1226 2430 parabussatis
1241 2355 1302 2427 ple

255 2456 292 2499 ne
307 2441 458 2514 contiueat,
472 2441 628 2515 approbata
644 2457 701 2500 uon
716 2441 834 2515 indigua
847 2441 932 2501 nobis
946 2442 1069 2500 videtur.
1085 2441 1155 2504 llam
1170 2453 1237 2497 cum
1251 2454 1303 2496 au·

255 2525 370 2585 claritas
385 2526 484 2584 ordine
499 2528 640 2584 instruere
659 2526 804 2585 civitatem
818 2526 929 2594 debeat,
946 2541 1062 2585 normas
1075 2526 1108 2584 in
1121 2523 1222 2598 primis
1235 2539 1303 2597 pro·
1360 2524 1361 2547 ¹

253 2611 327 2670 ferat
341 2625 457 2670 necesse
476 2617 528 2678 est,
544 2610 649 2684 quibus
667 2617 784 2670 mutuae
798 2611 907 2670 civium
923 2611 1075 2670 relationes
1093 2615 1158 2684 apte
1178 2609 1254 2668 inter
1268 2625 1301 2669 se

253 2701 460 2769 componantur
477 2695 514 2752 ad
529 2695 616 2752 duem
630 2709 812 2753 communem
825 2695 1052 2768 adipiscendum
1068 2701 1154 2768 atque
1168 2693 1199 2751 in
1209 2708 1302 2767 quan·

254 2783 314 2837 tum
330 2781 359 2837 id
374 2784 507 2854 praestat,
528 2777 686 2851 legislativa
700 2783 837 2851 potestate
856 2778 996 2839 instructa
1010 2794 1073 2838 esse
1086 2778 1200 2838 dicitur.
1217 2777 1302 2836 Dein

253 2862 288 2920 do
302 2864 456 2936 requiritur
469 2868 502 2920 ut
516 2862 602 2920 scitas
616 2862 694 2935 leges
709 2861 815 2920 audoni
829 2867 859 2922 et
871 2863 963 2922 motui
972 2863 1096 2922 civitatis
1110 2861 1241 2936 applicet,
1253 2877 1301 2920 ca·

252 2961 373 3020 mmque
387 2946 585 3005 executionem
601 2951 741 3019 procuret
757 2947 834 3020 quad
848 2962 954 3007 munus
968 2947 1115 3022 potestatis
1129 2946 1301 3006 executivas

250 3031 396 3104 proprium
412 3029 475 3088 erit.
493 3029 629 3104 Denique,
651 3045 718 3088 cum
732 3029 796 3088 lites
811 3030 960 3106 insurgere
971 3033 1081 3105 possint
1094 3030 1141 3090 vel
1154 3031 1229 3088 iuter
1242 3032 1302 3104 pri·
1358 3098 1359 3107 χ

250 3123 330 3173 vatos
343 3114 439 3188 ipsus,
457 3113 500 3172 vel
515 3113 590 3172 inter
609 3105 735 3188 p'rivatos
754 3120 783 3174 el
799 3117 930 3189 regimen
948 3122 1082 3189 respectu
1099 3114 1208 3174 iurium
1222 3131 1300 3189 quae
1358 3130 1359 3161 t

249 3197 298 3256 lex
313 3198 358 3256 vel
373 3194 503 3256 concedit
517 3197 562 3256 vel
580 3202 705 3272 tutatar;
723 3199 759 3257 ad
774 3215 823 3258 eas
837 3200 1012 3259 dirimendas
1028 3206 1090 3258 tum
1103 3200 1191 3258 etiam
1205 3199 1240 3258 ad
1256 3200 1301 3258 le·

249 3297 318 3355 gum
334 3282 515 3341 violationem
525 3283 737 3356 removendam,
747 3283 899 3343 iudiciaria
909 3284 1177 3358 suppetitpotestas.
1193 3283 1234 3341 dd
1244 3284 1300 3344 has

248 3371 344 3424 auteur
359 3371 452 3439 partes
467 3373 561 3426 cetera
576 3368 751 3427 auctoritatis
766 3368 867 3426 munia
880 3369 964 3427 tacite
979 3373 1155 3427 revocantur.
1170 3367 1230 3428 liac
1242 3369 1299 3443 igi·

248 3454 295 3510 tur
308 3449 458 3522 partitione
471 3455 590 3524 retenta,
607 3451 642 3510 de
656 3465 691 3510 ea
709 3451 846 3524 separatis
861 3452 988 3512 articulis
1007 3452 1184 3526 eloquemur.

292 3635 303 3688 l
322 3635 396 3700 ttsprtt
410 3635 447 3684 dea
462 3635 504 3684 lois
514 3641 531 3684 l.
547 3636 643 3686 1.1.it1.
