2767 4492
542 283 748 330 PARSALTERA
1128 271 1164 332 so

136 368 168 428 ld
183 374 289 428 tamen
303 383 341 428 ne
356 367 499 446 intelligas
513 373 549 432 de
558 371 724 432 exclusione
733 368 825 443 dubii,
837 382 921 444 quae,
932 383 1000 428 cum
1013 368 1164 428 individua

102 451 140 510 sit
153 458 184 512 et
198 454 232 512 in
254 469 337 513 mera
355 457 505 528 negatione
524 455 757 532 posita,gradus
770 470 828 514 non
846 453 951 528 habet3
972 454 1023 513 sed
1041 454 1165 528 intelligi

97 535 181 595 debet
197 537 237 596 de
253 538 378 611 positiva
393 541 565 613 perfectione
580 541 661 600 actus
675 537 857 600 adhaerentis
874 539 995 612 obiecto,
1007 543 1037 598 et
1050 538 1086 598 de
1101 538 1165 612 ipsa

100 620 128 679 ri
141 621 249 680 moliri
266 623 438 697 impellentis
452 626 490 685 ud
503 641 663 686 assensum.
680 624 759 693 Quod
773 624 917 697 sapienter
925 621 1048 682 advertit
1056 621 1162 681 Suarez

101 705 144 763 his
158 706 281 765 verbis:
302 708 402 766 «ticet
412 711 551 769 certitudo
563 725 616 784 per
630 708 819 784 privationem
832 707 1008 781 explicetur,
1025 721 1113 780 quam
1127 707 1165 766 si·
1234 719 1239 728 ·

101 815 111 840 ·
132 791 264 864 gnillcat
278 792 475 868 infallibilites,
487 796 676 854 nihilominus
689 807 748 852 non
758 793 887 852 consistit
896 792 1052 852 formaliter
1061 793 1093 850 in
1107 791 1164 866 pri-

100 897 110 924 ·
131 876 277 948 vatione,
294 878 389 936 sedin
406 879 528 952 positiva
540 879 733 954 perfectione,
751 892 824 950 quoe
842 881 935 950 potest
953 891 1016 934 esse
1030 876 1122 934 maior
1135 883 1166 934 et

100 981 110 1008 ι
133 959 248 1031 minor,
262 961 343 1019 iuxta
358 964 558 1024 excellentiam
568 969 648 1022 ecttts
658 968 847 1022 etcansemm
858 962 930 1021 eius:
947 960 1163 1020 sicntsubstou-

102 1063 113 1092 α
139 1041 180 1099 tia
194 1041 399 1104 immaterialis
415 1047 507 1120 magis
524 1048 568 1105 vel
582 1047 678 1105 minus
690 1045 818 1119 perlecta
827 1044 920 1118 quoad
934 1043 1166 1118 spiritualitatem

102 1147 114 1174 a
137 1139 205 1184 esse
221 1133 334 1201 potest,
355 1129 422 1188 licet
436 1132 557 1204 privatio
572 1130 728 1203 materiae,
745 1143 818 1202 quae
830 1127 946 1187 nomine
964 1127 1163 1188 immaterialis

102 1234 113 1260 a
137 1213 328 1274 substantiae
343 1216 531 1288 significatur,
543 1216 573 1274 iu
588 1215 723 1274 omnibus
737 1213 863 1286 aequalis
877 1229 939 1272 esse
953 1213 1084 1272 videatur
1100 1217 1125 1271 t,
1149 1239 1161 1265 ι

135 1297 173 1356 Et
188 1314 277 1372 sane,
294 1305 326 1357 nt
340 1301 481 1372 exemplis
493 1315 558 1357 rem
572 1301 649 1358 velut
663 1299 701 1356 ob
716 1298 812 1356 oculos
826 1304 1000 1371 sectamur,
1017 1305 1166 1358 sumanttrr

97 1381 159 1439 tria
180 1381 315 1454 iudicia,
336 1397 458 1455 quorum
478 1383 602 1455 primum
623 1381 793 1440 certitudine
811 1381 1026 1454 metaphysica,
1047 1383 1167 1440 alterum

97 1463 250 1536 physica,
271 1464 387 1523 tertium
403 1465 504 1524 morali
519 1469 636 1524 constet.
654 1465 716 1522 Sint
730 1463 818 1538 igitur
832 1464 919 1522 haece
930 1471 1026 1522 totum
1041 1464 1170 1537 quamti-

98 1545 148 1604 bet
164 1545 284 1606 cecedit
295 1556 424 1622 portent,
434 1563 555 1622 mopsos
565 1548 693 1608 uttroltil
703 1550 833 1621 forstero,¹
845 1546 942 1622 Scipio
953 1547 1168 1622 subepitdsros.

98 1629 135 1688 Ut
151 1630 284 1704 quisque
298 1631 405 1705 optime
422 1633 575 1708 perspicit,
592 1633 696 1692 harum
716 1632 941 1707 propositionum
959 1632 1053 1705 primo
1065 1632 1167 1692 nititur

99 1713 259 1775 identitate
267 1721 317 1776 aut
327 1717 504 1776 connexione
512 1718 765 1791 necessaria,quae
773 1717 969 1792 praedicatum
977 1717 1052 1774 inter
1061 1726 1090 1776 et
1099 1718 1165 1776 sub·

100 1797 216 1858 iectum
232 1801 327 1874 viget3
345 1802 444 1876 nequit
462 1803 540 1860 enim
554 1809 709 1875 conceptus
727 1801 813 1861 unius
831 1801 893 1860 sine
909 1801 1165 1862 contradictiones

102 1889 251 1957 conceptu
265 1884 381 1944 alterius
396 1887 531 1960 separari.
552 1881 644 1954 Quare
658 1885 722 1945 elus
736 1885 896 1960 oppositum
910 1885 951 1944 ita
964 1893 1114 1962 repugnat,
1130 1893 1163 1948 ut

101 1982 139 2027 ne
154 1970 246 2030 alteo
260 1970 385 2044 quidem,
397 1972 447 2045 qui
462 1971 681 2031 contradictoria
694 1987 753 2030 non
767 1971 835 2030 lacit
850 1986 905 2030 nec
918 1986 1015 2030 rerum
1024 1973 1164 2031 essentim

100 2052 263 2126 immutat,
281 2054 344 2113 lieri
362 2056 460 2128 possit.
482 2057 612 2114 Secuma
630 2055 786 2130 propositio
805 2055 952 2114 institutae
970 2051 1169 2130 experientiae

101 2135 165 2195 fidit
181 2143 212 2196 et
227 2139 407 2198 constantiae
422 2139 710 2214 leguminamralium
728 2155 801 2212 qtrae
812 2145 907 2198 tantm
915 2140 1093 2198 necessitatis
1103 2155 1161 2198 non

101 2227 189 2295 suut,
206 2227 245 2281 ut
259 2221 433 2281 contrarium
452 2223 568 2283 omnino
585 2229 734 2298 repugnet.
758 2223 876 2283 Proinde
891 2239 909 2282 o
923 2223 979 2282 [teo
994 2223 1036 2282 sic
1049 2224 1163 2282 volente

100 2303 210 2366 inverti
226 2311 350 2380 possunt
364 2313 524 2382 eventuque
539 2307 680 2368 frustrari.
696 2306 790 2368 'lerlia
803 2310 921 2368 demum
930 2308 1098 2366 historicum
1109 2305 1163 2364 lul·

102 2387 179 2448 citur
194 2390 364 2450 testimonio
378 2394 407 2449 et
421 2391 574 2450 stabilitate
588 2392 685 2466 legum
699 2392 860 2464 moralium,
877 2405 1000 2464 quarum
1013 2389 1165 2464 applicatio

102 2470 134 2530 in
150 2488 221 2534 casu
240 2474 289 2534 illo
302 2476 440 2550 peculiari
455 2477 644 2538 constantiam
659 2477 755 2552 legum
769 2478 953 2552 physicarum
967 2474 1118 2547 subaudit,
1136 2481 1165 2534 et

100 2557 240 2619 ordinem
254 2560 290 2618 ad
303 2560 464 2620 libertatem
477 2562 607 2622 includit.
626 2561 706 2630 Quod
720 2561 827 2634 estut
840 2576 893 2620 suo
907 2560 968 2619 loco
982 2559 1102 2632 dicetur,
1118 2561 1162 2619 rci

103 2643 311 2703 certitudinem
325 2660 383 2703 non
397 2646 502 2718 demat3
519 2647 617 2706 minus
631 2652 727 2705 nmen
742 2652 853 2705 arctum
867 2643 961 2704 reddit
970 2659 1079 2704 nerum
1089 2644 1164 2703 inter

105 2728 280 2787 attributum
295 2728 512 2804 subiectumque
527 2731 739 2805 propositionis,
751 2729 896 2802 ciliciique
909 2734 942 2788 ut
955 2729 1099 2788 obiectum
1113 2729 1163 2785 als

104 2810 200 2871 soluta
214 2828 276 2872 non
295 2814 417 2886 gaudeat
435 2815 614 2874 necessitate.
635 2815 713 2881 Quae
727 2828 793 2870 cum
806 2813 847 2869 ita
861 2812 937 2883 sint,
954 2826 1039 2868 nemo
1057 2814 1165 2881 estqui

105 2907 164 2954 non
178 2898 278 2956 videat
292 2903 349 2956 tres
364 2903 544 2956 enumeratas
560 2895 739 2954 certitudinis
753 2895 863 2966 species
878 2891 1018 2950 eiusmodi
1033 2905 1115 2961 esse,
1131 2899 1164 2949 ut

105 2992 167 3037 non
181 2979 270 3036 modo
285 2978 418 3036 differant
431 2979 506 3036 iuter
515 2994 556 3048 se,
567 2991 668 3034 verum
682 2974 771 3030 etiam
781 2987 839 3030 uua
847 2973 911 3030 aliis
919 2971 957 3029 sit
966 2973 1161 3044 praestantior;

105 3066 217 3133 atque,
234 3065 267 3116 ut
280 3073 319 3117 ex
337 3059 420 3118 dictis
435 3064 521 3131 petet,
536 3057 654 3116 moralis
670 3055 753 3114 cedat
765 3054 913 3129 physicae,
931 3060 1053 3128 utraque
1068 3059 1165 3116 summ

106 3142 337 3217 metaphysicae.

126 3265 129 3270 -
148 3229 194 3288 35.
212 3227 378 3287 itidemne
395 3228 549 3288 dicendum
564 3228 626 3302 erit,
644 3229 669 3287 si
687 3227 825 3288 certitudo
844 3225 1067 3301 supemuturalis
1082 3226 1161 3288 Fidei

109 3315 178 3372 cum
191 3313 301 3388 'moris
320 3312 444 3373 naturali
465 3313 633 3373 certitudine
652 3313 837 3373 conteretur?
851 3313 893 3371 lix
907 3311 962 3385 iis,
978 3327 1051 3385 quae
1069 3327 1161 3386 nuper

112 3397 248 3470 exposui,
260 3413 428 3472 responsum
444 3395 530 3472 patet'.
545 3399 615 3458 Nam
630 3397 680 3458 llei
694 3398 898 3465 testimonium,
915 3413 971 3470 quo
986 3397 1068 3456 Fides
1085 3397 1159 3456 inni-

115 3475 200 3554 titur,
224 3482 306 3554 louge
325 3482 455 3542 stabilius
476 3483 651 3543 assentiendi
671 3483 811 3543 motivum
828 3482 1038 3556 perfectiusque
1061 3481 1160 3542 lumen

114 3566 203 3623 menti
219 3565 325 3624 suflicit
339 3567 373 3624 ad
390 3566 521 3626 verimtes
535 3569 701 3640 credendas,
718 3583 804 3642 quam
819 3567 937 3640 quaevis
951 3565 1094 3625 evidentia
1108 3583 1159 3624 na·

116 3647 204 3708 turae.
220 3649 309 3716 Quare
322 3650 347 3708 si
360 3651 497 3710 certitudo
511 3666 546 3712 eo
561 3653 652 3710 maior
665 3657 717 3725 est,
729 3667 786 3725 quo
799 3649 925 3711 nobilius
938 3651 1038 3710 lumen
1052 3647 1161 3711 intelle·

163 3825 173 3866 i
193 3829 301 3875 Tractare
317 3831 345 3876 de
360 3829 424 3876 Ftde.
442 3829 502 3891 ntrp.
520 3830 544 3893 6,
559 3846 602 3877 sec.
619 3831 642 3893 d,
659 3828 684 3894 5
701 3830 725 3878 8.
