2767 4492
680 299 841 346 EOEMEN’I'A

650 471 831 530 Prorosrrro
842 469 867 527 l.

344 644 402 704 lca
419 641 572 703 rratrtralir
587 641 768 700 rurationem
783 638 922 713 aliquam
939 634 1101 694 necesaria
1119 631 1176 692 sibi

692 725 835 784 airadicut.

273 899 424 962 Probatau
442 899 543 977 primo
562 903 743 972 eacmucptu
753 894 894 955 iustitiae.
907 893 987 966 Nam,
1003 889 1220 952 utastendimus
1233 903 1280 948 su·

236 999 289 1063 pra
304 989 329 1062 t,
346 989 430 1047 homo
444 987 555 1046 actibus
570 983 630 1044 suis
643 987 770 1042 meretur
779 986 828 1040 aut
837 981 999 1038 demeretur
1013 976 1089 1051 apud
1100 976 1205 1048 licum3
1220 988 1281 1033 me·

235 1073 290 1133 rito
305 1077 400 1132 summ
416 1071 584 1145 praemium,
602 1068 740 1128 demerito
759 1081 852 1141 poena
866 1063 1018 1139 respondet
1033 1061 1062 1120 ui
1074 1061 1213 1132 tuendae.
1229 1059 1282 1119 lie·

235 1173 270 1217 us
283 1157 370 1231 igitur
384 1156 453 1216 dum
468 1157 602 1216 honestas
616 1154 742 1214 actiones
752 1151 833 1211 iniret
849 1165 884 1210 ac
895 1155 991 1223 turpes
1008 1151 1100 1220 vetat,
1121 1145 1205 1204 debet
1218 1160 1283 1219 pro·

235 1243 311 1302 fecto
324 1247 458 1318 utrasque
468 1241 636 1316 rependere3
648 1237 834 1314 nequltenim
848 1236 911 1297 eiua
924 1234 1055 1296 colonus
1069 1232 1106 1292 ab
1120 1232 1220 1292 ordine
1238 1231 1283 1290 iu·

236 1327 331 1387 stitiae
345 1328 489 1386 recedere.
942 1335 953 1387 ·.

271 1411 329 1471 Hoc
343 1418 544 1486 argumentum
559 1411 628 1471 dum
644 1408 844 1471 necessitatem
859 1405 1015 1468 sanctionis
1030 1421 1082 1481 pro
1096 1403 1159 1479 lege
1168 1409 1283 1466 notam·

236 1497 257 1556 li
278 1497 462 1570 demonstrat,
484 1497 607 1556 ostendit
629 1497 716 1556 etiam
732 1496 821 1554 Deum
835 1494 946 1568 quoties
961 1497 1098 1551 nocentes
1113 1489 1205 1565 punit,
1221 1505 1281 1550 uon

233 1581 342 1654 impetu
360 1582 502 1641 uindictae
517 1587 567 1642 aut
581 1595 683 1641 caecae
706 1581 857 1640 cuiusdam
873 1577 1073 1653 promotionis
1098 1576 1207 1650 abripi,
1228 1575 1281 1635 sed

234 1665 301 1724 duci
314 1670 425 1724 tantum
440 1681 538 1726 amore
549 1666 685 1726 bonitatis
704 1671 733 1724 et
745 1665 863 1724 ordinis.
875 1662 1034 1724 lietributio
1043 1661 1133 1733 enim,
1145 1675 1217 1734 quae
1227 1675 1282 1734 pro

235 1748 370 1823 qualitate
385 1765 505 1824 operum
519 1766 557 1810 ex
570 1749 670 1809 ordine
684 1748 810 1809 iustitiae
824 1747 984 1821 derivatur,
1000 1744 1177 1805 rectitudinis
1187 1743 1284 1814 prore

236 1837 282 1891 cto
295 1837 324 1891 ei
342 1832 477 1893 bonitatis
502 1839 673 1907 conceptum
691 1834 835 1908 importat.
859 1831 992 1907 Apposite
1010 1832 1038 1890 S.
1062 1829 1182 1890 Thomas
1203 1851 1215 1882 ι
1241 1830 1285 1889 ud

238 1938 250 1970 a
266 1918 422 1992 perlectum
440 1918 489 1978 liei
503 1919 660 1978 bonitatem
670 1919 794 1994 pertinet
809 1919 886 1992 quod
900 1917 973 1976 nillil
987 1915 1184 1976 inordinatum
1197 1914 1229 1973 in
1238 1931 1284 1975 re·

238 2001 318 2060 «irus
332 2001 474 2076 relinquat
490 2048 497 2064 .
517 2046 545 2063 ..
562 2003 615 2062 sub
630 2002 729 2063 ordine
744 2009 840 2062 autem
854 2002 991 2075 iustitiae,
1008 2015 1082 2075 quae
1100 2001 1137 2059 ad
1157 1998 1284 2072 aequati·

236 2089 353 2144 «tatom
367 2086 486 2161 reducit,
503 2087 783 2162 comprehenduntur
797 2103 841 2160 ea,
858 2103 932 2162 quae
946 2086 1072 2146 debitam
1093 2084 1283 2159 quantitatem

236 2171 412 2244 «excedunt
430 2173 544 2232 excedit
556 2172 745 2232 autemhomo
755 2171 885 2230 debitum
894 2185 964 2230 suae
973 2170 1139 2245 quantitatis
1149 2169 1283 2243 gradum,

234 2277 246 2305 a
263 2255 346 2330 dum,
358 2255 532 2316 uoluntatem
547 2271 629 2316 suam
648 2256 764 2316 divinae
777 2255 917 2316 uoluntati
932 2257 1057 2331 praeiert
1079 2254 1285 2314 consituendo

236 2363 247 2390 ι
265 2340 292 2399 ei
307 2345 406 2400 contra
420 2341 549 2400 ordinem
562 2361 569 2416 ;
588 2356 661 2416 quae
672 2342 791 2416 quidem
805 2341 993 2413 inaequalitas
1005 2339 1120 2414 tollitur,
1132 2339 1202 2397 dum
1217 2354 1286 2398 con-

236 2445 248 2475 «
266 2429 309 2484 tra
320 2426 495 2486 uoluntatem
509 2441 591 2485 suam
607 2426 691 2486 iromo
707 2425 815 2500 aliquid
833 2425 892 2499 pati
907 2425 1017 2498 cogitur
1032 2423 1193 2484 secundum
1207 2423 1285 2483 ordi·

236 2513 406 2570 «nationem
420 2512 445 2570 ⁴.
465 2535 475 2562 n
494 2513 586 2570 Poena
600 2512 688 2584 igitur
702 2518 746 2569 est
759 2510 866 2570 reecdo
876 2510 965 2568 ueluti
980 2509 1121 2583 quaedam
1127 2508 1248 2568 rationis
1256 2513 1288 2567 et

234 2597 359 2659 iustitiae
374 2595 410 2654 ad
426 2595 555 2655 ordinem
570 2596 769 2670 perturbatum
783 2594 990 2654 restituendum
1000 2609 1034 2654 eo
1048 2594 1133 2652 modo
1142 2609 1199 2666 quo
1215 2609 1287 2654 con·

232 2683 320 2742 uenit.
338 2680 416 2739 Unde
431 2679 518 2738 iudex
534 2693 590 2753 quo
609 2680 701 2752 magis
724 2678 834 2738 ratione
856 2679 969 2738 ducitur
991 2683 1020 2737 et
1039 2677 1163 2737 iustitiae
1182 2693 1289 2737 amore

234 2767 370 2833 allicitur,
388 2763 564 2824 constantius
579 2763 860 2838 poenamtlagitiosis
874 2763 1003 2824 decernit
1017 2778 1051 2823 ac
1069 2761 1160 2836 magis
1178 2761 1286 2822 inexo-

239 2851 330 2910 rabile
345 2849 484 2909 iudicium
502 2850 619 2923 prulert.

150 2985 153 2992 .
269 2933 419 2994 Probatur
432 2934 557 2992 sacranda
572 2949 608 2993 aa
625 2934 781 2994 sanctitate
795 2933 910 2994 diviua.
926 2932 998 2995 Nam
1012 2933 1156 2995 sanctitati
1170 2929 1292 2993 diuinam

232 3024 374 3092 repugnet
388 3021 419 3074 ut
442 3015 635 3076 obedientiam
650 3034 667 3076 a
683 3017 855 3093 peruicacia,
875 3019 1044 3078 virtutema
1063 3018 1144 3092 uitio,
1161 3019 1193 3077 in
1211 3019 1292 3078 euti·

228 3101 284 3161 hus
299 3117 356 3160 ase
371 3101 606 3175 dependentibus,
624 3102 749 3175 practice
767 3118 825 3162 nou
840 3102 1029 3163 discriminet.
1045 3105 1077 3163 ld
1095 3119 1164 3163 sero
1184 3119 1292 3163 conse·

233 3189 377 3261 queretur,
399 3185 424 3243 si
442 3184 569 3244 honestis
589 3185 718 3248 moribus
732 3188 904 3261 praemium,
927 3187 1059 3261 turpibus
1079 3203 1205 3263 poenam
1224 3203 1292 3248 uon

232 3270 410 3346 rependeret,
427 3269 477 3328 sed
498 3285 588 3344 aequa
608 3276 683 3330 sorte
708 3276 770 3330 tum
782 3272 873 3331 bonos
887 3277 949 3332 tum
971 3272 1116 3346 improbos
1142 3272 1291 3332 alliceret.

234 3355 371 3429 Itemque,
388 3352 413 3412 si
428 3353 525 3413 odium
536 3370 592 3429 quo
607 3354 743 3414 sanctitas
757 3353 850 3415 accim
864 3357 1055 3430 prosequitm,
1068 3372 1215 3430 amorque,
1227 3373 1293 3431 quo

233 3438 369 3498 uirtutem
391 3435 492 3510 diligit,
509 3438 540 3496 in
564 3439 754 3512 gubernatore
767 3444 796 3499 et
809 3441 939 3515 principe
958 3441 1157 3516 potentissimo
1177 3441 1295 3500 efficax

235 3527 291 3597 est,
317 3523 443 3597 protecto
465 3522 589 3598 exigitur
606 3529 638 3584 ut
661 3524 759 3585 sumti
783 3525 921 3600 praemia,
939 3525 1056 3601 flagitiis
1079 3541 1190 3601 poenae
1213 3541 1294 3586 con·

238 3611 372 3679 gruentes
388 3610 530 3680 aptentur.
712 3679 717 3688 Ι

268 3689 419 3747 Probatur
433 3690 517 3748 tertio
531 3705 566 3751 aa
585 3693 690 3755 dioiaa
709 3695 857 3770 sapientia
874 3705 900 3757 at
911 3695 1113 3774 prouidentia.
1127 3695 1199 3757 Nam
1215 3709 1296 3770 pro·
1367 3716 1368 3721 ¹

238 3769 298 3834 ridi
313 3771 483 3854 legislatoris
497 3776 636 3850 sapientie
650 3781 788 3858 exposcit,
805 3788 837 3841 ut
851 3782 1016 3859 efficaciter,
1033 3786 1173 3860 quantum
1188 3780 1295 3858 decet,

283 3946 296 4010 'i
315 3949 402 4006 curro
416 3951 497 4010 tuus
510 3953 550 4018 tit,
566 3957 591 4032 5,
604 3974 624 4012 e.
641 3959 698 4026 itt,
