2767 4492
499 393 584 436 nunu
598 393 741 436 neruiue
1098 382 1146 441 301

98 491 161 536 mus
172 477 272 536 contre
284 487 343 534 uon
358 474 455 534 minus
469 474 573 548 impios
590 490 676 548 quern
691 476 804 548 ineptes
816 476 878 535 illes
894 478 1150 552 politicosmrelius

97 562 220 620 latrones
235 559 364 633 dixeris),
382 559 432 633 eui
452 559 594 619 Ecclesiae
610 559 686 618 hone
702 560 863 634 diripiunt,
882 568 911 622 et
926 563 1003 622 civili
1022 565 1150 625 societati

99 645 273 706 adiudicant
289 645 348 713 Quo
364 644 396 704 in
413 645 519 704 scelere
537 650 570 703 ut
584 645 711 704 iustitiae
730 645 902 706 simulamen
921 653 1080 722 ostentent,
1099 651 1148 708 ab·

98 731 183 788 surda
198 730 339 804 quaedam
353 729 500 803 proterunt
519 735 708 804 argumente,
727 729 833 803 quibus
851 731 947 803 speeie
964 737 1048 791 tenus
1064 739 1148 793 ntun-

99 818 153 872 tnr.
173 815 243 874 Nam
263 814 377 872 adrem
396 813 472 888 quod
490 813 611 886 attinet,
634 813 695 872 sela
715 813 743 872 vi
764 814 857 872 tidunt
874 829 908 873 oe
924 831 974 888 spe
993 815 1149 878 ditescendi

98 899 199 958 alienis
212 899 316 971 rebus,
337 903 387 957 eut
401 899 489 957 etiem
507 897 648 958 desiderio
663 899 836 973 Ecclesiam,
855 901 949 974 quoad
963 900 1025 960 lieri
1041 903 1146 977 possit,

44 1027 45 1030 η
98 984 287 1056 opprimendi.

133 1069 166 1126 lt
186 1084 223 1126 ne
250 1069 350 1128 ineunt
369 1070 508 1144 imperitis
530 1070 660 1143 iaciant,
681 1085 782 1130 eorum
800 1071 934 1144 semdae·
950 1071 1147 1132 discutiamus.

97 1153 181 1212 liunt
195 1153 290 1226 tuque
305 1159 402 1212 coetus
417 1153 624 1214 ecclesiasticos
638 1169 758 1229 corpora
772 1171 839 1221 esse¹
849 1156 980 1224 moralia,
996 1173 1070 1229 cuae
1084 1173 1148 1232 pro·

96 1237 226 1310 prietatis
236 1237 474 1312 suntineepcein3
489 1239 593 1298 deinde
608 1255 712 1298 manus
726 1255 789 1298 esse
805 1245 946 1312 mermes,
958 1241 1081 1315 denique
1091 1257 1149 1301 sne·

97 1321 153 1378 lius
169 1321 310 1393 prouideri
324 1322 399 1382 hono
415 1323 570 1396 Ecclesiae,
586 1324 611 1382 si
627 1324 768 1397 stipendia
782 1323 878 1398 potius
896 1325 958 1383 eins
973 1325 1148 1385 administris

98 1403 206 1464 aeivili
219 1406 353 1466 societate
364 1407 589 1482 suppeditentur,
601 1423 688 1481 quam
702 1409 728 1467 si
740 1409 817 1467 bons
831 1409 990 1467 immobilia
1003 1409 1148 1482 possidere

96 1489 306 1562 permittantur.
326 1492 371 1550 Sic
385 1491 464 1550 enim
480 1507 550 1552 eura
566 1507 664 1550 rerum
682 1494 882 1567 temporalium
898 1493 1019 1565 libereti,
1036 1494 1148 1553 lucilius

96 1579 125 1632 et
137 1575 299 1648 expeditius
318 1591 399 1636 sacro
414 1577 573 1636 ministerio
591 1577 745 1636 rocabrrnt.

132 1660 214 1733 ilesp.
231 1661 271 1718 Ad
288 1660 413 1733 primurn
431 1661 506 1734 quod
526 1661 646 1735 attinet,
665 1662 810 1722 soludone
830 1677 903 1738 opus
921 1678 981 1722 non
999 1668 1065 1736 est,
1081 1678 1148 1723 eum

97 1761 134 1804 ex
146 1744 229 1804 dietis
238 1746 306 1804 setis
315 1761 456 1820 superque
465 1750 601 1820 apparent
613 1761 735 1820 corporo
748 1748 870 1807 moralia
881 1763 939 1806 non
951 1747 1047 1821 minus
1060 1763 1148 1821 qoam

96 1829 262 1902 individue,
283 1830 347 1889 iure
364 1831 542 1904 proprietatis
559 1831 665 1890 ernuri.
689 1831 772 1898 Quod
791 1833 816 1890 si
834 1831 985 1891 diversitos
1002 1833 1088 1890 stetui
1101 1847 1148 1890 se-

96 1914 143 1988 lit3
164 1914 195 1973 in
213 1931 246 1974 ee
262 1916 411 1976 statuenda
425 1921 481 1982 est,
499 1916 574 1989 quod
592 1916 640 1975 ius
660 1923 772 1990 coetus,
791 1923 890 1990 utpote
909 1916 1035 1990 plurium
1052 1931 1147 1989 perso

96 2013 200 2058 narum
215 1999 246 2058 in
264 2013 357 2060 unum
370 1999 600 2073 coalescentium,
617 2001 654 2060 sit
673 2001 798 2062 validius
814 2003 838 2060 t.
858 2002 892 2060 Et
904 2017 973 2061 sane
987 2001 1011 2059 si
1029 2016 1148 2075 corpora

141 2144 152 2190 l
173 2135 276 2208 Apposite
286 2143 364 2190 eitslus
375 2147 462 2189 suetos:
487 2163 495 2184 α
513 2139 531 2188 ll
547 2143 621 2189 diritto
637 2131 741 2192 solidsrio
753 2145 775 2192 di
791 2146 852 2194 molti
867 2148 944 2196 riuniti
965 2164 1010 2194 non
1021 2150 1065 2210 puis
1079 2163 1149 2194 essere

96 2239 104 2262 ι
124 2221 209 2266 minore
225 2219 246 2264 lt
263 2219 334 2280 quelle
345 2219 367 2263 ui
378 2233 408 2263 nn
424 2217 479 2280 solo,
495 2234 555 2264 eonio
571 2218 588 2263 il
599 2220 673 2265 diritto
689 2221 711 2265 di
727 2238 756 2266 un
767 2223 869 2283 religioso
880 2240 925 2270 non
938 2226 983 2287 pud
995 2240 1065 2270 essere
1075 2223 1149 2270 suino-

98 2317 107 2338 ι
126 2311 150 2342 re
163 2295 185 2340 di
197 2294 269 2355 qsselio
284 2293 306 2337 dt
318 2309 347 2339 un
359 2291 426 2340 ioieoae
436 2291 491 2346 Quot
501 2293 541 2338 eho
558 2293 579 2340 vi
590 2294 652 2355 pices
667 2293 689 2338 di
705 2296 820 2342 nominare
835 2313 864 2342 un
879 2313 940 2343 corso
955 2299 1045 2362 mersio,
1062 2303 1149 2345 econt-

97 2391 106 2413 ι
126 2375 188 2433 posto
203 2369 225 2413 di
241 2367 324 2413 nomini
342 2367 406 2422 isici,
425 2367 447 2412 di
462 2367 561 2413 eittndini
577 2369 651 2413 sociali
667 2384 727 2416 como
743 2370 773 2429 pli
789 2371 847 2416 sitsi.
861 2371 879 2415 ll
894 2372 998 2432 collegio,
1017 2375 1032 2419 il
1047 2374 1148 2436 apuleio,

98 2466 107 2490 ι
125 2447 141 2492 il
151 2449 265 2506 consepto,
284 2443 300 2489 il
311 2446 355 2490 cosi
370 2444 429 2490 dotto
443 2459 508 2507 corpo
518 2443 599 2490 morale
610 2459 654 2490 nun
670 2448 682 2490 e
693 2445 733 2490 eise
743 2460 788 2490 uns
798 2444 864 2490 lenita
874 2446 901 2491 ed
912 2453 987 2491 onesta
1002 2448 1116 2494 sdnnsnse
1126 2449 1149 2493 di

98 2544 106 2564 ι
124 2521 244 2567 sitrettsnti
258 2519 337 2582 prirsti
359 2519 458 2566 eittsdini
480 2519 520 2566 eise
536 2525 629 2582 porisne
644 2519 664 2565 el
679 2535 746 2581 corpo
760 2520 767 2566 i
782 2519 830 2566 loro
846 2519 916 2566 ‹lisitti
938 2521 1041 2566 nstnmli.
1059 2523 1088 2566 La
1103 2522 1150 2566 less

98 2619 107 2641 ιι
125 2598 207 2644 unione
221 2597 244 2642 iu
260 2596 328 2642 isonis
342 2596 384 2642 slis
404 2596 465 2657 ioppe
479 2596 540 2642 nulls
561 2596 668 2658 sppinnpe
685 2595 773 2642 snnlis
790 2594 856 2657 teptis
870 2595 891 2642 sl
912 2594 987 2640 diritto
1001 2595 1042 2641 eise
1056 2610 1151 2641 svevsno

98 2695 107 2716 a
126 2678 306 2736 sepnrstnnsente,
319 2672 364 2719 solo
379 2672 418 2718 else
432 2673 448 2718 ii
459 2672 534 2718 diritto
550 2671 721 2734 depi’indisidni
737 2672 757 2718 si
768 2671 847 2718 risolre
861 2672 905 2718 ssi
917 2671 1041 2717 restitnises
1051 2670 1087 2716 nel
1098 2685 1149 2715 eor-

97 2774 106 2793 a
125 2767 162 2815 po.
180 2751 198 2797 ll
213 2751 288 2796 dirilto
302 2749 384 2796 riunito
398 2748 433 2794 dei
453 2749 532 2810 singoli
548 2749 644 2810 religiosi
663 2750 733 2796 losnss
749 2749 822 2811 quelle
848 2750 871 2795 di
888 2748 952 2795 tult'i
968 2749 1028 2809 eorpi
1043 2747 1116 2810 quello
1126 2746 1149 2791 di

98 2847 107 2869 ι
127 2826 185 2873 lutt'i
196 2826 256 2887 eorpi
277 2825 400 2871 eostitnisee
416 2824 488 2885 quello
503 2825 560 2870 della
571 2825 656 2889 Chiesn,
672 2841 733 2871 come
751 2825 850 2891 seleuse
861 2840 905 2871 uns
926 2823 971 2869 sois
985 2838 1089 2885 personn3
1102 2839 1113 2868 e
1128 2821 1150 2867 ls

96 2922 105 2943 ι
125 2897 219 2946 einlnui
229 2915 268 2961 per
278 2898 300 2946 ln
311 2915 349 2945 sun
358 2899 438 2944 unione
453 2899 476 2943 in
493 2899 582 2946 Cristoe
597 2901 633 2946 nol
648 2916 731 2947 sommo
742 2900 850 2946 Ponteiiee
865 2899 905 2946 elne
915 2903 1055 2961 rspprescnts
1070 2899 1149 2943 Cristo.

96 2999 105 3020 s
125 2977 143 3023 lt
153 2975 261 3038 principio
276 2979 288 3020 is
303 2977 347 3021 cosi
363 2974 510 3035 rspionesele,
526 2975 566 3022 else
583 2993 627 3022 non
642 2976 670 3022 hu
685 2982 762 3039 potnto
778 2993 849 3023 essere
872 2979 999 3039 impupnsto
1016 2975 1063 3020 nesi
1075 2978 1148 3020 deon·

96 3076 105 3095 a
125 3053 216 3099 iermsto
232 3051 268 3097 alni
280 3051 318 3113 piis
334 3050 388 3096 dotti
405 3050 561 3112 piureeonsulti
588 3049 644 3097 delta
660 3059 728 3097 stesso
751 3052 828 3115 erosis,
845 3052 937 3114 eupilnle
954 3051 1037 3097 nemies
1053 3050 1075 3094 di
1091 3047 1149 3094 tutti

96 3150 105 3171 s
123 3129 193 3174 diritti
208 3127 265 3175 delle
275 3127 351 3173 Citieos
366 3127 691 3173 CattoiiesromsnsuGisberto
703 3128 758 3173 Voet
771 3127 888 3174 silermass
902 3126 924 3172 lo
939 3131 1007 3173 stesso
1023 3125 1142 3188 principio,

95 3225 103 3247 s
124 3221 163 3252 ovs
178 3205 226 3250 dice
250 3203 325 3266 (Polit.
343 3203 401 3249 lieni.
420 3203 447 3250 ds
464 3203 535 3266 pecul.
553 3203 603 3250 occi,
622 3219 641 3248 c.
659 3202 696 3266 i.)
711 3205 802 3251 Fideles
822 3202 1102 3251 murmuravimus
1125 3205 1147 3246 et

97 3302 106 3323 ι
124 3285 170 3326 unt
185 3295 261 3327 ustum
275 3293 328 3327 cunt
343 3282 388 3327 iilo
398 3293 482 3340 eorpus
496 3283 649 3340 mpsttcssm...
663 3282 773 3326 christun
789 3294 843 3339 erpo
853 3285 874 3327 et
885 3280 988 3326 Ecclesia
1002 3279 1147 3325 constituunt

97 3375 106 3397 α
125 3369 199 3402 ussum
206 3369 332 3415 moseum
348 3357 478 3418 mysticum,
489 3361 517 3402 ut
534 3357 642 3415 loquitur
660 3358 785 3403 Thomas...
799 3358 889 3402 elisisse
904 3360 937 3402 cst
949 3356 1011 3413 quod
1029 3356 1088 3399 Meu
1103 3355 1147 3397 Ee·

97 3451 106 3473 s
125 3431 208 3477 elesius
221 3437 263 3477 eut
277 3434 387 3478 motoris
404 3434 494 3480 ctrott
511 3435 604 3487 collatu,
620 3433 714 3479 Christo
727 3434 812 3478 collatu
822 3433 942 3478 dicuntur.
961 3431 989 3475 Se
1003 3428 1073 3490 questi
1094 3426 1146 3472 beni

97 3529 106 3548 ι
125 3507 226 3568 adunque
242 3505 338 3554 sondeti
353 3523 365 3553 s
380 3507 451 3552 Crislo
463 3543 470 3570 ,
493 3507 532 3553 else
547 3507 616 3553 lorms
638 3521 681 3554 unu
697 3506 744 3553 sols
758 3524 771 3553 e
786 3512 854 3553 stesss
869 3521 961 3569 persono
982 3503 1038 3550 eolis
1054 3502 1144 3564 Chioss5

97 3603 106 3625 s
126 3583 147 3629 is
164 3583 273 3645 propriot‘n
288 3585 300 3627 ir
317 3587 372 3628 tulin
387 3583 408 3627 di
421 3587 497 3644 questa
511 3599 572 3628 ssers
587 3599 688 3645 persons,
707 3583 753 3629 eiod
773 3582 830 3629 della
844 3581 929 3642 clim,
941 3581 976 3627 eui
992 3585 1025 3625 ste
1039 3577 1149 3625 vinculato

97 3677 106 3698 ι
125 3657 220 3704 eriiuso
232 3657 248 3702 it
259 3657 334 3702 diritto
350 3657 386 3703 dei
400 3656 479 3717 singoli
494 3656 595 3703 membri.
614 3657 696 3712 Quinti
713 3658 735 3704 is
746 3657 821 3703 Chiess
836 3657 881 3702 soie
898 3673 926 3702 ne
939 3658 983 3718 puis
998 3654 1097 3716 disperse
1110 3653 1147 3698 lc·-

98 3752 107 3774 ι
125 3733 288 3794 pittinrenssnte
304 3733 337 3779 eoi
349 3748 420 3779 mmo
431 3732 465 3778 dei
480 3733 528 3794 espi
543 3731 690 3794 propontislle
701 3733 786 3779 dinone
800 3731 947 3795 eorporuioni
963 3730 1018 3777 ecel
1029 3745 1099 3775 mezzo
1110 3727 1146 3774 let

98 3827 106 3850 ι
126 3809 224 3872 Veseosi,
240 3810 310 3870 pinula
327 3809 333 3854 i
351 3809 429 3854 esnoni
455 3808 512 3854 dolls
532 3807 649 3854 merissima
664 3807 756 3872 Chissa,
776 3813 906 3870 soprsttutto
920 3806 953 3853 eol
970 3821 1040 3852 meno
1061 3803 1146 3850 anelis

98 3901 107 3923 s
127 3883 261 3944 dipendenss
276 3885 313 3931 dei
327 3902 366 3931 suo
382 3884 453 3947 primo
474 3900 527 3950 espo
541 3884 665 3932 universale
676 3884 691 3930 il
707 3885 805 3933 llomsno
818 3883 934 3931 Ponteiiee.
950 3903 959 3926 ι
980 3883 1066 3931 Gemite*
1081 3883 1145 3930 detta

95 3959 177 4018 puisse
193 3961 220 4006 ds'
232 3963 329 4026 spansa
343 3975 393 4028 pap.
412 3960 450 4023 55.
