2767 4492
222 296 276 356 208
547 307 755 352 munenisma
771 305 934 354 damnastis
1117 377 1123 384 ·

215 393 297 452 nitur
315 392 372 452 nisi
390 391 504 452 intuitio
521 389 665 464 idearum3
677 405 728 465 pro
738 390 783 450 liis
800 406 867 451 vero
881 391 1036 466 requiritur
1056 394 1171 454 intuitio
1192 397 1260 459 iacti

218 493 285 537 cum
299 477 426 550 legitima
434 476 648 536 enumeratione
656 490 777 534 meum
785 477 1009 551 particularium,
1025 494 1060 539 eo
1074 479 1158 542 modo
1173 498 1260 556 quem

217 563 254 625 de
267 561 431 626 inductione
444 562 615 621 disserentes
630 560 778 620 innuimus
793 563 818 621 ⁴.

551 729 715 792 Solvuntur
727 732 919 807 difficultates.

250 906 295 965 74.
315 904 455 965 iuvemus
473 919 524 976 ea,
543 918 617 978 quae
634 903 670 962 de
687 902 852 963 reductione
867 903 1037 964 iudiciorum
1051 907 1257 982 analyticorum

215 991 252 1050 ad
265 990 438 1065 principium
451 987 681 1048 contradiou'onis
696 988 854 1063 docuimus,
874 989 945 1048 haec
959 991 1077 1050 iortesse
1092 992 1195 1067 aliquis
1209 1009 1257 1070 op

214 1082 311 1151 ponet.

249 1162 338 1222 tibiis.
357 1162 378 1221 Ι.
398 1161 518 1220 Eiiatum
538 1159 769 1220 contradictionis
787 1165 830 1218 est
847 1161 1028 1236 cepaticum.
1049 1163 1120 1236 Ergo
1139 1169 1257 1224 nonest

212 1248 337 1322 primum
351 1247 383 1305 in
395 1261 499 1320 genere
512 1245 725 1320 principiorum.
738 1243 789 1302 Pr.
801 1245 866 1304 Aut.
879 1246 1017 1305 iudicium
1030 1247 1191 1321 negativum
1206 1264 1255 1323 po

214 1332 317 1392 sterius
338 1338 381 1391 est
401 1331 537 1406 positir03
560 1329 700 1404 siquidem
720 1330 833 1404 negatio
851 1329 881 1389 in
901 1330 1089 1390 uiiirmetrone
1109 1332 1254 1394 fundatur.

213 1415 338 1492 itemque
353 1416 469 1476 eiiatum
488 1414 719 1475 contradictionis
737 1420 780 1474 est
802 1414 937 1489 modoie;
954 1416 1056 1476 modus
1076 1422 1170 1476 autem
1190 1419 1257 1478 suh·

216 1503 296 1561 audit
309 1517 381 1574 rem,
402 1517 488 1576 msam
503 1501 599 1560 aiiicit.

246 1588 329 1661 ilesp.
345 1586 417 1645 illst
439 1586 505 1645 Ant.
522 1585 643 1644 Edatum
666 1585 897 1645 contradictionis
911 1597 953 1646 est
966 1602 1044 1646 mere
1065 1587 1252 1662 negativum,

210 1687 293 1746 popm
308 1676 351 1730 est
363 1671 529 1745 negativum
543 1669 703 1729 admixtum
718 1670 914 1739 affirmatione,
931 1671 1061 1744 docuerim
1070 1677 1098 1730 et
1107 1673 1180 1745 nego
1191 1687 1255 1732 cort·

175 1814 184 1830 ,
210 1772 340 1831 sapuero.
360 1755 401 1814 lid
414 1755 528 1831 probat.
544 1754 616 1814 Dist.
632 1755 771 1814 iudicium
785 1770 863 1814 mere
878 1756 1042 1830 negativum
1055 1758 1195 1830 posterius
1210 1762 1253 1819 est

209 1840 344 1915 positivo,
360 1856 455 1911 coac.;
469 1839 606 1899 iudicium
627 1840 788 1899 admixtum
808 1840 959 1916 positione,
975 1841 1061 1915 liupo.
1078 1839 1118 1900 id
1133 1843 1254 1902 alteram

213 1924 410 1984 difficultatem
419 1923 490 1982 Diti.
503 1923 623 1982 liliatum
637 1924 866 1983 concedistionis
876 1929 918 1983 est
931 1925 1055 1998 mdolo,
1066 1941 1118 2000 per
1130 1926 1254 1985 modum

118 1999 121 2004 ’
213 2009 330 2068 omnino
344 2009 549 2069 identificatum
568 2010 711 2084 cumipse
729 2011 843 2069 notione
863 2009 999 2084 simplici,
1019 2027 1111 2084 cortc.,·
1126 2027 1177 2086 per
1194 2027 1255 2070 sno

210 2094 285 2153 dum
299 2093 335 2154 ab
350 2110 385 2153 ea
399 2095 580 2167 distinctum,
595 2111 677 2169 cepo.
692 2095 734 2154 id
745 2095 860 2170 probet.
874 2094 946 2154 ilict.
962 2095 1063 2154 modus
1075 2097 1196 2171 proprie
1210 2096 1251 2154 di-

211 2185 283 2252 ctus,
294 2194 396 2254 nempe
411 2179 529 2254 quiere
543 2178 735 2254 distinguitur,
748 2179 880 2238 subaudit
889 2195 959 2253 rem,
972 2195 1066 2258 cooc.;
1081 2181 1182 2240 modus
1196 2181 1252 2240 iru-

210 2264 329 2338 proprt'e
342 2264 443 2336 dictum
459 2279 563 2337 nempe
577 2264 703 2339 quiere
717 2279 775 2322 non
790 2263 892 2337 diiilsrt,
908 2280 989 2339 copo.
1159 2265 1161 2273 ’

243 2348 416 2423 Principium
426 2348 655 2408 contradictionis
664 2349 705 2407 ita
714 2349 863 2423 negatione
874 2354 992 2423 constat,
1004 2355 1036 2408 ut
1045 2356 1153 2410 constet
1163 2351 1249 2412 etiam

158 2495 162 2500 ,
209 2434 407 2494 affirmatione.
423 2433 509 2492 [locet
522 2434 600 2493 euim
614 2451 658 2508 ea,
675 2450 748 2508 quae
763 2441 845 2508 sunt,
855 2436 895 2494 ita
908 2451 980 2510 esse,
996 2442 1028 2495 ut
1043 2437 1128 2496 simul
1142 2453 1200 2496 non
1210 2453 1252 2497 es

208 2536 238 2579 se
253 2523 404 2593 nequeant.
421 2519 478 2578 llos
493 2524 604 2592 auem,
619 2526 652 2577 ut
666 2520 791 2594 qmsque'
801 2520 895 2592 ridet,
913 2521 949 2580 ad
963 2521 1202 2595 positivamentis
1223 2529 1252 2582 et

208 2604 377 2677 cognidonis
389 2603 591 2677 perlectionem
610 2605 741 2678 pertinet.
758 2605 812 2663 Noc
827 2605 982 2678 quidquam
997 2605 1092 2678 obest,
1110 2607 1185 2681 quod
1203 2623 1251 2664 ne-

208 2689 284 2762 gatio
293 2687 482 2746 affirmatione
492 2687 611 2747 nitatur:
628 2689 769 2762 siquidem
779 2689 951 2764 principium
966 2690 1195 2750 contradictionis
1204 2707 1248 2748 re

206 2789 275 2834 uera
288 2773 319 2832 in
335 2773 454 2847 positiva
468 2773 627 2847 cognitione
643 2774 792 2832 fundatum
807 2780 858 2847 est,
871 2774 1008 2834 nimirum
1022 2775 1052 2833 in
1066 2774 1246 2850 perceptione

206 2859 288 2931 ends,
306 2858 342 2917 ad
357 2858 440 2918 cuius
454 2859 644 2918 conditionem
654 2859 786 2933 pertinet,
798 2849 837 2932 ut,
849 2860 918 2919 dum
928 2865 979 2932 est,
991 2865 1128 2934 repugnet
1138 2874 1248 2918 nones·

206 2960 246 3004 se.
263 2944 345 3018 Atqui
361 2944 500 3019 idipsum
514 2960 565 3018 per
578 2945 696 3005 effatum
707 2944 935 3004 contradicu'onis
950 2946 1157 3018 pronuntiatur.

242 3029 320 3097 Quod
336 3035 431 3088 autem
445 3029 550 3088 modali
563 3028 754 3104 propositione
768 3030 954 3104 exprimatur,
967 3028 1021 3088 hoc
1030 3030 1093 3089 eius
1105 3030 1249 3105 petoritu»

207 3116 230 3175 ti
243 3130 302 3174 non
320 3121 412 3174 nocet.
428 3116 499 3174 Nam
513 3115 560 3174 hic
580 3116 681 3174 modus
703 3115 831 3174 consistit
845 3116 876 3174 in
891 3115 1079 3190 repugnantia
1097 3131 1247 3188 quamtus

203 3201 290 3259 habet
297 3205 429 3273 respectu
437 3215 498 3258 aon
507 3201 580 3258 eutis
590 3217 640 3259 seu
649 3200 810 3274 negationis
820 3201 957 3260 eiusdem.
969 3201 1043 3259 liaeo
1056 3205 1152 3260 autem
1162 3215 1245 3273 repu-

204 3285 322 3358 gnantia
335 3300 394 3343 non
407 3283 503 3343 differt
516 3283 552 3342 ab
565 3285 629 3359 ipsa
643 3286 758 3345 notione
774 3286 866 3358 enim,
883 3301 956 3366 quae
971 3291 1046 3344 certe
1057 3284 1189 3352 rescindit
1201 3284 1246 3342 ui

205 3369 318 3441 hilum,
335 3374 363 3426 et
383 3369 499 3442 quidem
521 3370 690 3428 necessario.
707 3369 833 3428 Proteum
848 3369 1008 3430 intellectus
1023 3383 1089 3429 oum
1107 3368 1245 3444 percipiat

203 3453 388 3527 quidditatem
402 3453 524 3526 obiecti,
550 3453 624 3526 quod
638 3453 837 3528 apprehendit,
853 3455 952 3529 nequit
966 3471 1024 3514 non
1039 3455 1182 3529 percipere
1196 3467 1242 3512 eo

204 3538 269 3596 dem
284 3544 349 3598 actu
363 3538 462 3596 modos
483 3537 547 3596 illos
568 3544 596 3596 et
616 3538 866 3596 determinationes
881 3555 953 3612 quae
968 3540 1004 3598 ad
1018 3538 1203 3613 quidditatem
1223 3537 1247 3596 i-

204 3635 286 3696 psam
298 3622 342 3681 rei
356 3623 507 3696 pertinent.
531 3622 579 3692 Sic,
591 3638 656 3682 cum
670 3623 790 3698 percipit
804 3623 1000 3699 substantiam,
1012 3625 1065 3684 hoc
1080 3625 1141 3699 ipso
1155 3621 1243 3697 peroi-

204 3704 247 3781 pit
261 3706 337 3780 quod
347 3708 384 3766 sit
394 3724 450 3782 per
462 3714 593 3780 sestario,-
602 3708 657 3767 hoc
671 3708 749 3768 enim
759 3708 903 3770 uodonem
917 3709 1009 3784 ipsam
1018 3707 1192 3770 substantiae
1202 3707 1245 3768 in·

249 3892 377 3951 {Looiow
392 3908 439 3956 par.
459 3895 484 3956 i,
501 3911 521 3942 c.
538 3895 563 3959 5,
580 3898 622 3942 mi.
639 3896 663 3942 l.
