2767 4492
227 284 281 346 Ἅι
673 287 838 335 memmiae

146 374 150 379 ’
227 384 338 454 beruat,
355 392 507 453 supreume
521 375 868 449 imperansuuucupatur.
885 368 990 431 cebris
1005 370 1100 427 eutem
1111 366 1184 441 ,qui
1199 318 1277 441 pote

229 471 301 527 state
316 464 568 525 communicarant
581 460 636 519 snb
657 456 765 517 altioris
784 454 901 531 rectricis
925 452 1046 527 imperio
1067 451 1277 545 rempublicam

227 556 341 625 regam,
356 548 473 609 nonnisi
464 543 643 608 'administri
655 542 698 602 vel
710 541 892 615 magistratus
906 543 981 612 aaut,
995 552 1175 613 quocumque
1184 534 1277 598 nonu

230 634 473 711 ne.appellentur

264 720 371 793 linquo
382 718 487 778 inferes
502 716 665 776 societatem
675 710 958 785 corporiassimilari,
968 709 1052 769 cuius
1063 707 1176 767 diuersa
1186 722 1277 767 mem·

228 806 282 865 bra
295 820 313 862 a
327 802 447 862 subditis
460 804 720 875 repraesentantur,
732 804 817 871 caput
832 803 956 855 autema
970 794 1116 869 superiore
1126 792 1276 851 constitui·

229 895 285 949 tur.
299 889 383 953 Porro
402 886 533 960 superior
548 900 602 945 uec
615 882 814 943 solosubiecto
824 896 878 941 uec
892 878 953 939 sola
970 878 1138 939 auctoritate
1153 881 1274 948 constat,

231 975 282 1035 sed
292 979 413 1047 utroque
427 970 625 1045 componitur,
640 975 782 1042 ullatenus
801 966 962 1025 subiectum
977 964 1096 1023 exiribet
1109 962 1277 1021 aucmritate
1366 978 1367 1031 3

230 1058 425 1118 informatum.
441 1055 583 1123 Ouaeduo
599 1058 730 1113 accurato
746 1049 882 1123 distingui
898 1048 1003 1109 debent
1016 1048 1090 1107 inter
1105 1062 1145 1105 se.
1158 1046 1187 1104 Si
1199 1044 1279 1103 euim
1366 1126 1367 1129 Ἴ

232 1142 393 1203 subiectum
401 1156 451 1215 per
461 1156 501 1212 se
514 1155 564 1198 seu
574 1136 847 1213 proutrndruduum
856 1135 998 1209 quoddam
1007 1132 1144 1193 rabonale
1153 1136 1280 1203 estcoo

232 1227 390 1286 sideratur·
384 1225 508 1300 ,procul
521 1224 608 1283 dubio
622 1224 665 1282 sic
680 1223 840 1295 inspectum
859 1219 962 1278 ceteris
979 1216 1145 1277 bominibus
1158 1215 1279 1273 minime

231 1300 365 1406 praestat,
381 1310 540 1384 iisdemque
553 1308 656 1367 officiis
670 1313 699 1365 et
712 1306 823 1366 iuribus
839 1304 972 1375 efficitur,
985 1318 1058 1378 quae
1075 1302 1214 1375 cuiusque
1228 1300 1280 1357 bo·

234 1395 320 1455 minis
333 1400 402 1455 suut
414 1393 538 1469 propria
556 1393 647 1462 Quare
665 1406 748 1451 suam
767 1391 908 1465 orbatam
923 1387 1074 1447 utilitatem
1093 1395 1281 1460 spectarepo·

233 1485 305 1553 test,
322 1480 397 1553 quod
420 1492 571 1537 commuue
592 1481 635 1536 est
648 1476 750 1535 ceteris
765 1474 890 1547 civibus,
908 1489 942 1531 ac
964 1470 1101 1547 peculiari
1124 1469 1281 1543 propietate

234 1565 349 1637 fruitur,
367 1578 454 1638 quam
469 1563 505 1621 ad
519 1577 605 1621 suum
619 1576 677 1620 nou
692 1560 729 1619 ad
750 1560 871 1618 aliorum
893 1558 1118 1617 eurolumontum
1133 1553 1279 1615 adbibeat.

166 1721 172 1726 Ι
231 1648 265 1707 ιι
282 1648 323 1706 ita
336 1662 394 1706 uon
410 1653 462 1719 est,
477 1646 503 1705 si
516 1651 661 1719 spectatur
675 1651 706 1703 ut
721 1644 859 1717 superior,
876 1658 927 1701 seu
947 1647 978 1701 ut
999 1640 1162 1699 subiectum
1181 1645 1281 1696 aucto·

231 1733 315 1792 ritate
329 1738 472 1790 ornatum.
484 1731 530 1789 Sic
545 1732 623 1788 euim
633 1730 737 1789 ciliciis
751 1734 779 1787 et
790 1728 901 1787 iuribus
913 1726 1063 1785 instruitur
1074 1724 1182 1783 altioris
1194 1738 1280 1796 geue·
1366 1754 1367 1785 2

233 1816 283 1887 ιιι,
296 1816 331 1873 de
346 1816 451 1889 quibus
465 1815 600 1888 deinceps
614 1814 797 1888 disseremus,
807 1829 860 1873 nec
876 1813 1015 1887 priuatam
1031 1811 1076 1871 sui
1086 1811 1136 1869 sed
1151 1823 1284 1868 commu·

235 1914 303 1958 uem
320 1900 403 1958 totius
418 1898 544 1973 corporis
557 1898 671 1957 socialis
681 1899 833 1957 utilitatem
843 1912 995 1973 procurare
1012 1901 1132 1967 tenetur,
1146 1894 1182 1952 ad
1192 1908 1285 1967 quana

234 1982 354 2057 proinde
369 1982 466 2053 dirigit
479 1998 514 2040 ea
527 1982 625 2041 omnia
640 1998 715 2056 quac
730 1982 846 2041 nomine
869 1980 1044 2041 auctoritatis
1060 1981 1096 2039 ab
1113 1980 1174 2054 ipso
1190 1978 1284 2053 possi-
1366 2022 1367 2031 ,

237 2069 341 2127 dentur
356 2073 441 2143 atque
452 2066 698 2125 administrantur.
710 2068 798 2141 etque
808 2067 862 2125 boc
873 2065 1029 2126 seusu-diri
1041 2066 1110 2123 solet
1127 2079 1184 2121 raon
1196 2079 1288 2136 popu·

235 2152 297 2210 lum
311 2159 425 2225 propter
439 2150 609 2225 principem,
622 2151 672 2211 sed
683 2152 842 2226 principem
858 2168 920 2211 esse
933 2157 1045 2225 propter
1061 2148 1208 2225 populum·
1223 2148 1286 2207 lion

237 2234 314 2294 enine
328 2235 433 2293 idcirco
456 2241 550 2294 exstat
564 2242 593 2295 et
606 2246 740 2311 operatur
757 2236 895 2309 populus,
913 2244 944 2295 ut
959 2234 1080 2310 priucipi
1092 2234 1164 2292 bcue
1179 2233 1233 2306 sil;
1257 2234 1288 2292 id

236 2318 315 2377 enim
327 2334 476 2377 seruorum
486 2325 529 2379 est
539 2320 694 2394 proprium:
712 2320 762 2381 sed
777 2320 882 2379 ideirco
894 2327 937 2379 est
952 2326 980 2377 et
990 2326 1124 2393 operatur
1138 2317 1288 2392 princeps,

237 2409 270 2461 ut
279 2402 375 2477 populi
385 2402 462 2463 salus
472 2420 506 2463 ac
515 2403 635 2463 felicitas
647 2410 823 2479 procuretur,
836 2420 896 2476 seu,
909 2410 940 2463 ut
951 2402 1053 2463 melius
1063 2396 1168 2474 dicans,
1178 2401 1291 2459 idcireo

237 2493 343 2546 suntet
362 2495 515 2561 operantur
534 2490 654 2563 populus
670 2496 697 2546 et
714 2490 858 2562 princeps,
878 2494 909 2546 ut
924 2488 1035 2561 integra
1055 2488 1190 2558 societas,
1209 2502 1288 2560 nuuc

238 2588 275 2631 ea
291 2576 409 2646 utroque
423 2572 564 2645 coalescit,
581 2573 728 2647 proprioru
744 2573 830 2629 ιιιιιιιι
846 2578 874 2629 et
892 2571 1095 2645 perfectionem
1112 2571 1243 2643 attingat.

215 2678 219 2682 ’
276 2658 337 2718 tet.
352 2658 519 2717 Subiectum
532 2672 661 2715 suuruaae
676 2657 823 2730 potestatis
837 2671 898 2713 esso
913 2660 1004 2729 potest
1021 2656 1064 2715 nel
1081 2670 1202 2729 persona
1217 2654 1294 2729 play-

239 2742 299 2802 sica
315 2758 366 2801 seu
384 2741 565 2801 individuum
582 2757 673 2800 aruum
687 2747 808 2799 naturae
826 2740 982 2813 rationalis,
1005 2740 1051 2799 vel
1071 2748 1168 2799 coetus
1184 2738 1294 2798 luntri-

239 2824 362 2885 daorum
378 2828 428 2899 nui
443 2823 560 2885 moralis
572 2839 695 2900 persona
713 2824 801 2883 audit.
818 2824 889 2885 ilinc
904 2824 1032 2883 diversae
1048 2824 1155 2882 formae
1175 2824 1296 2897 regimi-

238 2910 284 2968 nis
301 2911 449 2981 oriuntur,
468 2915 552 2984 prout
568 2908 599 2967 in
622 2925 678 2967 uuo
697 2914 747 2967 aut
767 2909 897 2981 pluribus
916 2924 1029 2967 summa
1047 2908 1201 2967 annutritus
1222 2908 1297 2967 resi·

239 2993 305 3066 det,
325 3002 354 3053 et
371 2994 483 3051 diversa
503 2994 683 3067 proportione
703 3008 736 3053 ac
757 2998 983 3067 temperamento
1000 2993 1063 3051 eius
1080 2994 1257 3051 exercitium
1279 3010 1298 3051 a

240 3077 351 3150 legibus
366 3078 628 3137 fundamentalibus
642 3078 857 3139 determinatur.
873 3079 942 3139 Nara
955 3077 1021 3136 licet
1036 3078 1189 3137 auctoritas
1203 3078 1299 3137 socie·

237 3163 291 3242 tati
305 3162 463 3221 essentialis
481 3164 518 3222 sit
534 3178 625 3237 eaque
640 3178 746 3237 carere,
766 3164 878 3222 etiamsi
893 3178 993 3221 omnes
1008 3164 1196 3235 consentiant,
1213 3164 1300 3221 nulla

241 3248 361 3307 societas
381 3247 469 3321 possit
488 3247 604 3323 (quippe
622 3254 725 3307 namra
744 3264 841 3308 rerum
860 3264 877 3306 a
899 3248 1042 3307 uoluntate
1063 3248 1216 3307 bominum
1237 3264 1301 3306 non

241 3332 370 3405 pendet),
392 3339 488 3391 tamen
506 3332 668 3391 subiectum
685 3334 761 3406 quod
781 3348 845 3391 earn
866 3332 1022 3406 possideat,
1046 3332 1161 3392 nunriisl
1181 3347 1199 3389 a
1219 3332 1301 3392 facto

242 3416 336 3491 aliquo
352 3417 567 3491 determinatur,
578 3423 607 3477 et
622 3418 731 3489 modus,
751 3434 806 3489 nuo
826 3418 954 3476 exerceri
970 3418 1019 3476 illa
1035 3418 1146 3491 debeat,
1163 3434 1180 3477 a
1195 3416 1304 3477 roluu·
1366 3484 1367 3497 χ

243 3504 299 3560 tate
317 3501 443 3560 bumana
458 3502 609 3577 dependet.
623 3503 694 3561 llinc
712 3502 835 3561 eflicitur
853 3510 883 3559 ut
897 3502 966 3561 baec
985 3502 1089 3561 verimi
1106 3502 1305 3563 multifarium

243 3586 362 3660 possint.
376 3587 476 3660 Quare,
493 3588 622 3646 diversae
637 3588 743 3647 forman
756 3587 905 3661 regiminis
920 3586 1046 3645 existunt
1063 3602 1114 3661 pro
1131 3588 1306 3648 diversitate

244 3670 365 3729 subiecti
379 3672 456 3745 quod
468 3687 582 3731 summa
595 3677 731 3746 potestate
749 3672 853 3731 inuitur
867 3688 900 3731 ac
916 3689 966 3747 pro
981 3672 1141 3733 varietatc'
1133 3673 1205 3733 turis
1221 3675 1310 3753 quod

245 3752 301 3833 ipsi
320 3763 450 3834 respectu
467 3757 660 3819 multitudinis
680 3758 844 3839 dirigendae
863 3758 1006 3837 competit.
