2767 4492
342 331 926 394 amaruan-rmorocnrrrumns
1104 327 1158 394 tat

145 429 251 492 Deinde
265 428 362 490 divina
376 429 493 489 libertas
508 430 612 489 exinde
635 431 724 490 etiam
743 431 966 506 demonstratur,
984 432 1061 507 quod
1079 433 1157 492 hona

110 517 191 577 finita
201 531 259 576 non
273 516 331 577 sint
341 515 533 589 adaequatum
542 514 685 574 obiectam
695 514 809 575 dirim
822 517 977 577 veluntatis
985 533 1079 592 neque
1088 527 1156 576 cum

110 601 384 676 eiusmodiohiecto,
403 601 480 675 quod
494 601 621 662 bonitate
637 605 748 660 tantum
762 602 860 661 divina
874 603 1045 677 continetur,
1056 619 1154 663 ncces

110 689 186 748 sario
201 687 313 749 vinculo
328 685 504 761 colligentur.
522 685 656 746 Voluntas
671 693 769 746 autem
783 687 901 760 quaevis
915 687 1077 748 necessario
1094 704 1155 748 non

110 773 248 848 uahimr,
263 771 320 832 nisi
337 771 381 832 vel
397 787 414 830 a
428 769 503 831 bono
519 771 580 830 eius
595 771 783 845 capacitatem
798 770 947 846 explente,
966 771 1009 830 vel
1022 787 1040 830 a
1055 773 1153 846 bonis,

110 873 263 934 quaecum
287 856 397 916 obiecto
411 856 460 915 illo
475 855 644 917 necessitate
660 856 785 929 quadam
809 860 1026 916 connectuntur.
1043 857 1086 914 Ex
1100 873 1157 930 quo

109 944 218 1018 elucet,
235 933 537 1002 divinam'libertatem
559 942 635 1000 circa
654 941 793 1000 essentias
811 957 908 1000 rerum
927 937 1078 1015 possibiles
1097 954 1157 1000 nou

109 1029 226 1088 uersari.
237 1029 296 1088 Hae
306 1019 385 1090 eni'm
394 1026 436 1085 sic
447 1027 591 1101 inspectae
602 1039 668 1085 cum
679 1025 730 1085 llei
743 1031 847 1085 natura
856 1025 1018 1085 necessario
1033 1025 1157 1100 lungun·

8 1131 10 1170 l
109 1120 171 1188 tur,
188 1113 270 1174 culus
284 1113 458 1172 imitationes
474 1117 541 1170 sunt
562 1111 713 1186 quaedam.
730 1111 856 1186 lienique
873 1127 911 1170 ne
925 1109 1063 1186 prolixior
1084 1110 1154 1185 eim,

108 1197 236 1259 divinam
256 1197 417 1257 libertatem
432 1198 474 1255 sic
488 1195 637 1256 confirmo.
654 1196 729 1256 Deus
744 1195 883 1272 quidquid
906 1201 983 1254 amat
997 1197 1029 1255 in
1044 1200 1157 1255 tantum

108 1289 204 1357 amat,
220 1280 251 1341 ln
266 1285 406 1356 quantum
420 1295 451 1340 se
468 1279 574 1355 diliglt3
589 1281 689 1356 nequit
705 1282 783 1341 enim
806 1282 963 1356 quidquam
987 1293 1084 1340 amare
1098 1279 1156 1339 nisi

109 1367 145 1425 ad
160 1383 191 1426 se
204 1365 309 1426 referat
334 1371 479 1440 tamquam
494 1365 525 1423 in
540 1365 627 1424 tinem
648 1365 792 1426 ultimum.
809 1362 891 1440 liqui
915 1365 1021 1424 nullius
1035 1365 1078 1423 rei
1093 1380 1110 1422 a
1125 1376 1157 1423 se

108 1451 258 1510 distinctae
271 1451 452 1509 existentiam
468 1449 542 1508 Deus
557 1451 686 1523 agnoscit
701 1457 733 1509 ut
745 1450 906 1509 necessario
924 1465 992 1509 cum
1005 1462 1058 1508 sua
1071 1447 1154 1508 honi·

108 1539 165 1594 tate
180 1540 209 1593 et
221 1534 395 1608 perfectione
410 1549 584 1608 connexam;
602 1535 709 1609 quippe
719 1548 785 1593 cum
800 1535 830 1593 in
850 1550 880 1593 se
894 1534 1021 1607 undique
1032 1534 1157 1606 comple·

108 1623 154 1678 tus
168 1618 205 1678 sit
219 1625 304 1692 atque
321 1618 376 1676 sibi
391 1618 547 1677 sufficiens.
565 1614 637 1691 Ergo
653 1617 689 1676 ab
705 1619 846 1677 eiusmodi
861 1618 981 1678 obiectis
995 1618 1156 1677 necessario

6 1703 7 1726 l
107 1703 184 1762 allici
199 1703 325 1778 profectu
346 1703 454 1776 nequit.
472 1703 505 1760 Et
519 1717 551 1761 re
565 1716 633 1760 sarra
647 1717 729 1775 vera,
747 1717 813 1761 cum
831 1702 962 1761 voluntas
980 1702 1157 1761 intellectum

107 1791 260 1861 sequatur,
277 1802 315 1846 ex
329 1787 448 1861 ipsoque
464 1786 552 1848 veluti
566 1783 699 1860 pullulet3
717 1783 891 1859 ubicumque
914 1786 995 1846 adest
1014 1786 1155 1846 iudicium

106 1871 361 1931 mentisobiective
371 1871 547 1944 indifferens,
566 1870 608 1929 ibi
623 1871 710 1929 etiam
728 1870 920 1929 indifferentia
936 1871 1093 1930 subiectiva
1109 1885 1158 1929 vo·

106 1955 224 2015 luntatis
239 1952 312 2014 adsit
325 1971 442 2015 necesse
457 1963 508 2014 est.
525 1955 608 2029 Atqui
618 1953 757 2014 iudicium
769 1953 883 2015 divinae
898 1955 1002 2014 mentis
1014 1953 1090 2014 circa
1104 1953 1155 2014 lio·

106 2051 146 2098 na
160 2045 255 2099 creata
268 2041 430 2100 necessario
445 2043 488 2099 est
511 2037 649 2098 obiective
663 2039 846 2114 indifferens,
864 2055 915 2100 seu
929 2041 1077 2100 atllrmans
1091 2035 1153 2100 rem

106 2123 186 2183 illam
201 2141 260 2186 non
273 2126 434 2185 necessario
449 2125 624 2198 diligendam
638 2139 715 2198 esse,
733 2125 783 2184 sed
797 2141 880 2200 posse
901 2134 1092 2201 congruenter
1107 2143 1156 2203 ap-

106 2209 166 2284 peti
184 2207 229 2267 vel
244 2209 345 2268 omitti.
362 2207 434 2283 Ergo
450 2207 513 2268 llerl
527 2207 626 2283 nequit
640 2213 672 2268 ut
686 2210 763 2269 circa
778 2206 921 2270 obtectum
939 2208 1080 2272 eiusmodi
1093 2228 1153 2273 non

107 2291 478 2367 Mmmm.

143 2381 176 2438 tt
190 2379 282 2438 dices:
300 2379 349 2453 qui
364 2379 425 2438 vult
439 2377 539 2453 finem,
551 2382 713 2441 necessario
727 2381 787 2442 vult
802 2385 830 2442 et
842 2381 951 2459 medla3
968 2385 1041 2444 Deus
1056 2390 1153 2445 autem

104 2465 268 2524 necessario
283 2464 345 2524 vult
359 2465 399 2524 sei
401 2481 485 2540 psum
504 2471 536 2524 ut
550 2467 637 2526 finem
651 2467 739 2527 rebus
753 2469 857 2528 creatis
871 2469 1095 2544 praefigendum.

143 2551 225 2624 llesp.
238 2549 313 2608 Deus
326 2550 387 2609 vult
400 2567 432 2609 se
446 2552 607 2612 necessario
622 2557 654 2611 ut
669 2553 757 2612 finem
771 2554 858 2613 reblrs
873 2554 973 2612 creatis
996 2553 1154 2626 praeligen·

103 2636 185 2708 dum,
202 2635 255 2694 suli
270 2636 322 2695 hac
335 2641 429 2697 mmen
445 2639 620 2698 conditione:
637 2640 722 2699 modo
737 2640 968 2713 resillaereapse
983 2639 1151 2697 condantur.

103 2719 176 2778 llam
191 2719 230 2778 ita
245 2737 275 2780 se
290 2722 437 2795 cognoscit
451 2726 479 2780 et
493 2723 586 2796 diligit
598 2729 630 2782 ut
644 2724 730 2783 simul
744 2724 840 2781 videat
854 2738 936 2780 suam
953 2721 1110 2781 bonitatem
1124 2729 1154 2780 et

104 2804 225 2878 gloriam
236 2807 448 2880 praefigendam
459 2817 531 2880 esse,
543 2823 596 2868 ceu
606 2807 693 2866 llnem
704 2808 847 2879 ultimum,
858 2807 895 2865 ad
904 2821 991 2880 quem
1000 2821 1045 2864 res
1055 2821 1155 2865 omnes

103 2895 218 2947 creatae
234 2891 396 2962 respiciant,
414 2891 438 2948 si
454 2891 656 2963 producantur.
674 2890 779 2948 Verum
793 2891 860 2948 hinc
875 2890 977 2949 deduci
992 2889 1090 2963 nequit
1104 2905 1153 2948 ne·

104 2970 223 3032 cessitas
238 2973 398 3030 creationis.
415 2972 445 3030 ld
461 2972 538 3030 enim
554 2971 617 3029 llerl
633 2977 700 3030 tunc
714 2978 817 3046 posset,
831 2990 896 3032 cum
911 2973 977 3032 finis
992 2975 1153 3034 necessario

105 3056 285 3132 appeteretur
299 3055 329 3114 in
345 3055 454 3114 ratione
466 3055 540 3128 linis,
553 3053 614 3113 sine
629 3062 761 3128 respectu
776 3057 911 3117 adullam
925 3058 1105 3134 hypothesim
1119 3059 1154 3119 q„

104 3145 222 3214 beram3
239 3140 314 3214 quod
329 3141 364 3198 de
378 3139 476 3199 divina
491 3137 617 3198 bonitate
632 3137 737 3200 falsum
751 3146 802 3201 est.
813 3143 874 3203 llon
888 3143 966 3203 enim
981 3145 1055 3204 Deus
1070 3145 1151 3203 abso·

104 3229 164 3287 lule
179 3225 240 3284 vult
254 3241 348 3300 seper
366 3231 511 3284 creaturas
533 3225 726 3300 manifestam
743 3229 791 3286 sed
809 3226 884 3287 lacta
902 3227 1052 3304 hypothesi
1076 3229 1149 3302 quod

104 3324 200 3372 rerum
224 3310 437 3370 universitatem
452 3311 607 3370 concedere
621 3311 698 3386 velit,
715 3312 790 3372 hanc
805 3328 863 3372 non
879 3313 935 3371 nisi
950 3311 986 3371 ad
1001 3311 1045 3370 sui
1059 3313 1152 3370 mani·

105 3395 285 3455 testationem
300 3399 327 3454 et
342 3395 462 3470 gloriam
477 3395 599 3472 dlrigere
613 3401 724 3474 polest,
741 3397 981 3473 quemadmodum
995 3393 1027 3456 in
1041 3397 1150 3457 Gosmo

102 3481 181 3556 logia
195 3481 412 3556 disputavimus.
