2767 4492
438 337 440 344 ’
494 360 575 407 rums
591 360 735 407 saroam
1085 350 1139 409 tus

95 462 159 507 nen
172 445 303 507 uolontas
317 444 453 505 ualidiore
466 444 574 520 impeto
584 446 712 505 sertorio
728 445 835 505 bonum
849 448 988 521 nostrum,
1005 462 1091 523 quam
1102 448 1142 508 in„

96 533 198 591 bonum
216 531 350 590 alienum.
369 530 473 590 Natura
487 530 575 603 enim,
592 546 665 604 quae
679 531 836 589 admotum
851 532 981 607 impellit,
997 547 1064 592 cum
1086 549 1136 593 no·

96 617 137 677 bis
151 616 311 677 eommunis
325 616 371 689 sit,
392 615 486 689 magis
500 614 602 673 intima
616 621 660 674 est
674 615 812 674 voluntati
828 616 857 675 in
873 632 968 677 amore
988 633 1056 692 ergo
1070 634 1133 693 nos,

98 716 180 776 qnam
195 700 226 759 in
240 715 337 759 amore
351 715 419 773 erga
438 699 522 772 alios3
538 699 575 757 ad
588 713 675 772 quem
689 704 784 759 movet
798 715 857 759 non
870 707 954 774 prout
962 701 1072 775 eadem,
1084 704 1135 763 sed

97 791 179 859 prout
191 784 300 851 simule
319 788 430 843 tantum
444 789 497 843 est.
510 784 633 858 Quisque
647 790 743 843 antem
754 786 832 844 videt
849 792 968 859 motum,
985 787 1087 845 ceteris
1097 804 1147 861 pa-

98 869 186 941 ribus,
207 884 241 928 eo
258 885 308 944 per
323 885 355 927 se
370 869 556 927 intensiorem
571 871 640 941 lore,
657 885 713 943 qno
727 876 819 929 motor
832 868 932 928 mobili
947 870 1039 942 magis
1054 870 1145 945 iungi-

100 959 152 1013 tur.
170 954 357 1027 Gnosegnitur
375 952 443 1011 hine
461 959 494 1011 ut
511 953 536 1011 si
551 955 664 1027 quando
679 969 768 1025 amor,
787 970 872 1028 quem
887 952 970 1012 nobis
994 953 1049 1027 ipsi
1064 954 1149 1013 debe·

99 1053 172 1112 mus,
190 1053 258 1097 cnm
271 1052 368 1096 amore
382 1037 517 1111 confligat
536 1037 599 1096 aliis
614 1037 710 1096 debito
724 1038 801 1097 cirea
815 1038 891 1097 idern
905 1037 1029 1111 bonnm,
1055 1046 1148 1113 poste·

101 1123 173 1183 riore
188 1124 243 1183 lroe
266 1122 380 1195 colliso,
397 1122 474 1195 prior
494 1130 665 1197 exsuperet,
686 1123 742 1183 nisi
758 1121 841 1182 altior
860 1122 950 1181 virtus
973 1124 1148 1182 eontrarium

101 1209 279 1282 persuadeat.
757 1221 763 1233 ·
1033 1248 1038 1255 -

138 1292 200 1351 102.
219 1292 346 1351 Primum
369 1292 444 1367 qood
468 1307 507 1351 ex
521 1307 619 1351 amore
631 1292 686 1351 hoe
705 1290 834 1365 exsurgit
848 1296 891 1351 est
904 1292 1032 1351 debitum
1052 1289 1147 1350 obsor-

102 1378 214 1436 santiae
228 1377 320 1450 quoad
335 1376 457 1435 aliorum
470 1376 710 1453 personalitatem
718 1382 747 1435 et
755 1376 1011 1452 independentiom
1021 1383 1148 1434 noturu-

103 1458 168 1521 tem.
184 1460 255 1521 llam
277 1460 307 1520 in
331 1462 431 1520 morali
449 1462 549 1521 ordine
573 1462 710 1536 perlectis
735 1461 858 1519 hominis
873 1460 1097 1519 fundamentalis
1112 1460 1144 1519 in

103 1544 244 1619 personali
259 1545 396 1618 dignitate
410 1546 465 1605 sita
488 1551 544 1618 est3
572 1545 599 1605 vi
617 1546 700 1605 euius
713 1546 797 1605 homo
813 1544 942 1604 absoluta
963 1544 1087 1618 quadam
1101 1560 1145 1603 ro·

103 1630 176 1689 tione
191 1636 342 1703 spectatur,
359 1636 506 1704 tamquam
520 1631 586 1690 linis
600 1645 697 1689 rerum
712 1630 889 1688 universitati
899 1628 1078 1703 propositus,
1092 1643 1146 1687 neo

101 1730 229 1789 unquam
242 1716 273 1773 io
288 1716 416 1774 medium
430 1718 557 1775 converti
573 1722 666 1790 potest
682 1716 923 1789 quemadmodum
943 1714 974 1772 iit
994 1716 1028 1773 de
1044 1714 1146 1773 ceteris

102 1800 216 1858 entibus
230 1800 417 1873 intelligentia
431 1800 583 1859 destitutis.
600 1800 671 1858 Hine
686 1802 771 1859 homo
786 1799 915 1873 quilibet,
932 1800 986 1858 hoo
1000 1799 1061 1871 ipso
1072 1801 1148 1873 qnod

102 1883 287 1942 humanitatis
301 1890 345 1943 est
359 1885 509 1958 particeps,
525 1900 618 1959 capax
641 1885 749 1944 iurium
772 1884 969 1956 constituitur,
986 1882 1147 1941 dominium

103 1968 134 2027 in
148 1984 193 2027 res
209 1968 358 2027 interiores
372 1969 497 2041 sortitur,
514 1976 542 2028 et
551 1968 654 2028 ceteris
667 1967 841 2039 hominibus,
859 1968 949 2041 quoad
965 1981 1082 2041 eaquae
1098 1983 1147 2025 no·

104 2059 198 2112 turam
219 2053 383 2127 respiciunt,
405 2060 455 2111 aut
477 2068 556 2112 mere
577 2069 615 2112 ex
640 2060 742 2111 natura
766 2052 994 2125 proficiscuntur,
1020 2051 1148 2125 aequalis

103 2152 220 2211 prorsus
234 2136 383 2195 habendus
397 2142 449 2195 est.
467 2138 495 2195 Si
504 2137 592 2209 igitur
605 2138 712 2195 amoris
722 2137 850 2195 ollicium
860 2136 896 2194 ad
911 2134 1031 2195 aliorum
1042 2136 1151 2195 bonum

103 2222 256 2281 solendum
271 2235 322 2279 nos
346 2220 448 2293 adigit,
466 2221 591 2293 pmleoto
608 2222 739 2280 omnium
754 2220 881 2279 maxime
902 2221 938 2279 ad
953 2220 1062 2279 bonurn
1076 2219 1149 2279 illud

104 2306 137 2365 in
151 2305 187 2363 iis
201 2303 346 2362 incolome
370 2304 542 2363 servandum
557 2304 687 2379 impellit,
704 2305 778 2379 quod
794 2320 861 2379 praa
880 2304 982 2363 ceteris
997 2318 1063 2362 cunr
1079 2303 1152 2377 ipso-

103 2404 169 2449 rom
184 2394 286 2446 natma
296 2388 482 2461 eonnectitur,
499 2394 528 2447 et
543 2388 662 2463 reliquis
678 2390 796 2463 praebet
806 2388 954 2461 originem.
972 2389 1049 2445 liano
1065 2389 1153 2461 igitur

104 2471 283 2548 personalem
304 2478 463 2531 ceterorum
477 2471 627 2532 huminum
642 2473 811 2547 dignitatem
833 2487 1013 2545 summopere
1028 2473 1152 2531 revereri

104 2558 178 2616 ratio
187 2557 333 2631 praecipit,
352 2573 405 2616 neo
415 2557 572 2631 quidquam
582 2558 659 2616 ellici
673 2560 794 2631 patitur,
812 2558 886 2630 qnod
901 2556 980 2613 illum
994 2561 1044 2613 out
1060 2556 1152 2613 laedat

87 2647 156 2701 'out
170 2642 332 2714 imminuat,
348 2642 440 2700 multo
454 2642 550 2700 minos
565 2641 640 2716 qnod
656 2642 822 2715 pessumdet
836 2640 959 2712 penitus.
976 2637 1047 2696 Hine
1063 2638 1152 2695 servi·

106 2732 152 2785 tus
165 2727 290 2800 perlecta
306 2734 420 2800 propter
437 2742 522 2799 quam
538 2727 672 2785 dominus
687 2726 732 2784 ius
751 2724 782 2782 in
798 2723 883 2780 vitam
906 2722 998 2795 ipsam
1016 2721 1153 2794 mancipii

105 2810 162 2869 sibi
177 2810 310 2882 vindicet,
328 2810 454 2883 illudque
470 2818 501 2868 ut
514 2810 752 2868 iuribnsomnioo
771 2822 874 2879 expers
889 2806 1057 2878 consideret,
1068 2812 1153 2878 atque

106 2894 234 2954 absolute
250 2900 394 2966 tamquam
410 2908 473 2951 rem
491 2894 642 2963 adhibeat;
659 2903 691 2950 ut
705 2892 776 2949 alias
791 2891 928 2961 dicemus,
945 2890 1007 2949 inre
1032 2898 1151 2950 naturae

105 2986 236 3051 vetatnr3
252 2992 345 3051 neque
361 2977 397 3035 ad
413 2978 504 3050 ipsam
519 2976 645 3049 obligare
661 2992 691 3035 se
707 2976 791 3035 homo
802 2981 902 3049 potest.
919 2974 975 3035 Etsi
991 2975 1068 3034 enim
1080 2974 1156 3048 qnis-

106 3080 174 3139 que,
186 3062 317 3119 mercede
331 3069 423 3134 paeto,
437 3060 589 3118 nonnullas
603 3076 670 3118 suas
686 3060 821 3134 dodones,
838 3060 991 3133 dequibus
1006 3060 1155 3133 disponen-

107 3150 138 3207 di
154 3139 316 3205 laenitatem
331 3145 426 3218 habet,
444 3144 525 3203 alteri
539 3144 632 3203 locare
648 3144 743 3216 possit,
761 3146 833 3217 quod
852 3144 1038 3217 [ostentatum
1052 3144 1155 3203 consti·

109 3233 176 3305 tuit;
199 3238 295 3289 tamen
310 3230 425 3305 propria
440 3230 639 3304 personalitate
654 3230 786 3289 abdicare
798 3246 827 3288 se
843 3230 951 3303 nequit,
968 3230 1072 3304 quippe
1088 3244 1152 3288 enm

108 3333 167 3377 non
183 3317 243 3390 ipse
258 3316 313 3374 sibi
328 3316 502 3389 comparavit
516 3316 565 3374 sed
580 3332 598 3373 a
613 3323 713 3373 natura
728 3315 844 3388 recepit.
857 3315 926 3372 (torn
936 3316 1023 3387 igitur
1035 3321 1155 3373 naturae

109 3402 241 3462 ordinem
256 3400 397 3459 invertere
412 3400 497 3459 homo
507 3408 640 3474 nequeat,
657 3416 688 3459 se
702 3416 720 3459 a
734 3400 870 3473 dignitate
884 3416 1025 3475 personae
1038 3400 1072 3457 in
1090 3414 1154 3457 rom

108 3487 256 3546 moraliter
270 3486 471 3544 transformare
485 3484 605 3545 minime
621 3492 720 3560 potest,
738 3486 806 3560 quio
825 3486 963 3559 principio
978 3484 1019 3544 illi
1034 3484 1154 3543 relucte-

110 3577 167 3644 tur,
183 3586 239 3645 quo
253 3578 382 3629 araturae
395 3570 529 3629 ordinem
542 3586 661 3629 sessore
678 3570 873 3644 adstringitur.

147 3656 218 3715 Hinc
232 3656 352 3730 quisque
366 3656 544 3730 operationes
561 3657 672 3730 aliquas
686 3656 791 3714 trabere
807 3655 900 3728 debet,
917 3670 1001 3729 quae,
1024 3652 1059 3713 od
1079 3651 1156 3712 utili·

110 3744 200 3799 tatem
222 3741 298 3820 qood
319 3740 428 3814 attinet,
444 3740 523 3799 nullo
537 3740 621 3799 modo
636 3741 797 3799 referantur
817 3739 853 3797 ad
875 3738 975 3806 alium,
992 3739 1042 3797 sed
1056 3738 1152 3797 subie-

107 3828 191 3883 ‚etnm
204 3825 299 3899 ipsum
313 3826 388 3901 quod
403 3831 535 3901 operatur
554 3832 696 3899 spectent;
714 3832 798 3900 atque
814 3824 843 3883 io
860 3825 913 3883 iios
930 3830 1030 3883 mutua
1051 3822 1155 3883 consti

111 3908 203 3968 tuitur
225 3909 450 3985 todepaadmtio
465 3917 494 3973 et
508 3912 675 3988 aequalitas
692 3911 767 3972 inter
791 3910 930 3983 homines,
947 3926 965 3969 a
980 3924 1038 3985 qua
1057 3924 1154 3991 nemo,

947 3996 959 4024 a

929 4028 935 4053 i
