2767 4492
445 293 520 344 rias
533 291 882 344 mama-ammomum
1131 273 1188 344 illl
1212 277 1228 316 ’-

175 383 308 443 hulmum
323 395 389 442 cum
398 395 514 456 corpore
530 379 646 456 physice
655 381 745 455 ltingt
762 383 897 457 atqneita
910 379 1021 441 atinde
1035 394 1182 459 veronna,

140 469 206 529 licet
221 467 386 543 composita,
403 467 562 527 efflorescat
580 467 749 539 substantia,
766 483 850 528 neme
863 473 906 528 est
920 467 970 542 qui
984 467 1119 542 ambigat.
1135 469 1186 528 lle

140 570 196 630 que
213 554 242 613 id
259 553 355 622 subtili
366 551 489 626 quodam
504 551 654 610 ratiocinio
668 552 828 611 emendum
841 556 893 626 est,
910 553 959 614 sed
968 552 1030 627 ipso
1040 553 1186 612 conscien-

141 639 196 697 tiae
212 637 299 698 claret
315 637 486 710 testimonio,
500 652 556 709 quo
566 636 666 694 intime
678 637 870 708 persentimus
880 653 916 694 ex
927 637 1071 695 iunctione
1080 637 1184 696 nhins·

140 739 195 798 que
210 723 386 782 substantiae
400 736 488 780 unam
504 721 534 779 in
549 720 633 778 nobis
646 720 763 778 formari
777 735 937 793 personam,
952 737 1099 796 unumque
1110 737 1185 782 com-

60 872 66 880 ,
137 808 247 882 pletum
261 807 396 882 operandi
411 806 595 881 principium.
618 806 649 864 ln
667 805 822 864 adversarii
842 807 981 864 sententia
998 807 1070 866 haee
1088 808 1184 867 unitas

139 893 255 952 omnino
274 893 482 964 eliminaretnr;
505 906 538 949 ac
558 903 679 964 persona
700 889 824 949 bominis
839 890 898 949 solo
916 897 1057 950 constaret
1078 893 1184 951 animo.

139 977 229 1044 Quare
244 992 311 1036 cnm
325 983 455 1035 nostrum
466 975 588 1034 laeditur
604 991 706 1049 corpus
721 981 771 1034 ant
785 981 924 1049 movetur,
935 976 1090 1035 laesionem
1102 976 1182 1035 illam

84 1073 90 1082 ·
138 1067 187 1120 ant
206 1067 315 1120 motum
329 1059 490 1134 cognitione
501 1059 617 1133 quidem
633 1060 772 1132 attingere
783 1059 953 1118 deberemus
968 1061 1011 1133 (eo
1027 1060 1115 1119 terme
1125 1076 1183 1119 mo

138 1145 174 1204 do
188 1163 244 1221 qno
264 1145 424 1220 cognitione
445 1143 621 1218 attingimus,
640 1144 749 1218 siquid
771 1145 802 1203 in
824 1145 879 1203 hae
895 1145 960 1204 aula
981 1146 1121 1219 frangitur
1140 1145 1186 1204 vol

137 1231 287 1303 moretur),
305 1235 333 1288 at
353 1231 447 1304 reipsa
460 1243 513 1288 nos
534 1229 642 1287 moveri
657 1235 707 1288 ant
728 1227 946 1304 impressionem
964 1230 995 1289 in
1014 1229 1110 1303 aliqua
1124 1245 1186 1304 per·

138 1329 224 1372 sonae
238 1319 351 1373 nostrae
368 1317 449 1387 parte
463 1315 592 1386 recipere
607 1311 725 1371 nonnisi
740 1313 861 1372 errando
871 1313 1110 1374 existimaremus.
1122 1315 1185 1374 Bro-

137 1397 223 1456 viter:
240 1399 311 1457 Unio
326 1397 452 1471 corporis
466 1397 612 1470 animique
628 1413 695 1456 vere
710 1397 796 1456 realis
811 1399 896 1457 estet
911 1397 1039 1472 physica,
1056 1403 1088 1456 ut
1100 1399 1185 1472 phae-

136 1496 261 1540 nomena
281 1481 373 1539 mntni
387 1495 480 1538 nexus
505 1481 689 1554 patelacinnt,
715 1486 744 1540 et
767 1481 937 1540 universalis
958 1482 1106 1540 bominum
1124 1499 1184 1542 non

137 1565 294 1624 amentium
308 1566 362 1622 lert
378 1579 543 1623 consensus.
561 1565 643 1639 Atqui
659 1565 861 1624 hlalebrancbii
876 1572 1001 1641 systema
1016 1567 1091 1626 hane
1105 1583 1184 1627 ever·

138 1651 171 1709 tit
184 1651 321 1710 funditus.
339 1649 410 1722 Ergo
425 1648 496 1707 nulli
511 1649 626 1710 cordato
641 1649 703 1708 viro
712 1649 899 1728 ⁴probandum
913 1655 965 1710 est.

171 1735 318 1794 Praeterea
340 1737 536 1792 commentum
556 1733 610 1792 hoc
633 1733 769 1792 inertiam
790 1734 953 1794 animorum
973 1735 1093 1809 inducit,
1111 1752 1184 1811 qnae

134 1819 237 1878 rationi
252 1822 391 1894 repugnat
405 1823 434 1876 et
447 1817 605 1875 humanam
620 1816 784 1875 libertatem
800 1832 815 1876 e
830 1818 924 1876 medio
941 1818 1036 1893 pellit;
1053 1835 1109 1893 qua
1123 1820 1185 1894 qul·

134 1901 199 1962 dem
214 1901 475 1962 nihilmanilestins
490 1901 681 1961 eonscientiae
697 1906 749 1975 est,
766 1900 839 1960 nihil
853 1901 1038 1977 exploratius.
1055 1904 1089 1964 Ut
1102 1906 1183 1964 omit-

135 1991 193 2046 tam
207 2002 309 2062 parnm
323 1985 551 2060 philosophicam
565 1986 740 2060 procedendi
754 1987 906 2060 rationem,
923 2002 979 2062 qua
993 1988 1025 2046 in
1040 1989 1183 2064 explican-

134 2069 179 2129 dis
202 2069 407 2144 phoenomenis
429 2070 546 2130 nnionis
568 2070 657 2128 animi
681 2085 749 2129 enm
773 2085 907 2144 corpore,
929 2073 1065 2146 neglectis
1089 2073 1183 2133 causis

133 2154 269 2230 physicis,
291 2154 395 2226 quibus
421 2154 566 2211 enucleari
586 2169 632 2212 res
649 2154 749 2228 possit,
770 2154 844 2213 saltu
866 2155 990 2228 quodam
1006 2172 1073 2217 rere
1097 2159 1183 2217 mira·

134 2237 186 2296 bili
206 2237 241 2296 ad
256 2237 345 2295 ileum
365 2237 536 2309 confugitur.
555 2236 633 2305 Quod
651 2238 675 2298 si
690 2239 854 2313 importuna
869 2239 906 2298 ad
920 2239 1098 2301 divinitatem
1113 2243 1182 2317 toga

135 2321 167 2380 in
184 2321 263 2394 poesi
285 2321 372 2380 etiam
390 2321 492 2380 uitiosa
516 2326 575 2394 est,
597 2319 667 2395 quid
688 2321 724 2380 de
743 2323 922 2399 philosophia
944 2323 1097 2386 dicendum
1117 2328 1180 2396 erit,

135 2420 208 2478 qnae
228 2421 285 2464 non
301 2405 331 2464 iu
347 2405 461 2464 fictione
478 2405 575 2480 aliqua
596 2407 760 2481 verosimili,
782 2409 877 2468 sedin
897 2409 1037 2470 obiectira
1054 2411 1183 2471 realitate

134 2491 286 2549 scrutanda
301 2495 328 2550 et
341 2491 373 2550 in
387 2491 510 2566 propriis
524 2491 790 2567 phaenomenomm
803 2493 932 2554 lontibus
946 2494 1110 2567 detegendis
1125 2500 1183 2556 tota

133 2575 281 2634 versatnr‘.l

170 2657 230 2732 llll.
252 2657 464 2721 Leibnitiannm
488 2665 613 2738 systema
633 2661 737 2722 iisdem
759 2663 828 2736 lere,
853 2666 882 2722 et
899 2663 1020 2722 fernme
1038 2661 1178 2738 pluribus,

133 2747 251 2816 urgetur
266 2744 408 2804 absurdis.
426 2745 567 2820 Principio
585 2745 663 2805 enim
681 2761 781 2805 veram
799 2746 890 2804 animi
905 2762 971 2804 cum
988 2763 1104 2820 corpore
1119 2749 1182 2806 iun·

132 2827 254 2886 ctionem
268 2829 444 2902 pessumdat.
465 2829 546 2888 Nulla
561 2830 639 2887 enim
653 2829 732 2902 riget
751 2843 820 2886 vera
834 2829 942 2887 iunctio
966 2830 998 2886 in
1019 2830 1083 2902 hoo,
1102 2831 1179 2904 quod

133 2910 312 2983 operationes
334 2911 419 2968 unius
435 2899 610 2969 substantiae
624 2909 801 2968 motionibus
819 2911 936 2970 alterins
951 2914 1131 2972 consentiant
1145 2915 1180 2973 ad

131 3009 268 3066 unguem.
284 2993 410 3052 Profecto
428 2995 452 3050 si
468 2993 573 3052 artilex
592 2993 647 3051 dno
669 2993 814 3066 horologia
833 2995 875 3054 sic
895 2995 1037 3056 elaborate
1058 2997 1180 3058 fabrica·

135 3083 224 3150 retur,
241 3081 273 3134 ut
289 3091 380 3148 aequo
395 3076 486 3148 gradu
504 3077 541 3134 ad
561 3075 647 3135 horas
661 3077 830 3137 indicandas
845 3079 1026 3154 incederent;
1043 3099 1127 3142 nemo
1147 3100 1202 3150 ea,

132 3161 207 3220 inter
228 3176 258 3219 se
273 3160 389 3236 physice
409 3159 490 3234 iungi
511 3165 595 3234 atque
617 3175 707 3219 unam
730 3161 853 3221 contlare
875 3164 1064 3224 substantiam
1082 3166 1180 3224 existi-

131 3250 232 3304 maret.
248 3244 356 3304 Deinde
367 3243 528 3304 libertatem
538 3243 654 3304 nomine
666 3249 777 3304 tantum
786 3247 932 3322 relinquit,
943 3264 974 3308 re
984 3255 1080 3307 autem
1089 3249 1180 3309 omni-

130 3345 168 3390 no
183 3329 280 3388 demit.
297 3330 368 3388 Nam
389 3330 441 3388 etsi
457 3329 572 3388 insitam
595 3329 691 3388 animo
714 3330 773 3388 nim
789 3331 904 3405 tribuat,
927 3349 984 3406 qna
998 3349 1064 3391 suas
1083 3349 1180 3408 peree-

131 3416 242 3490 ptionos
263 3419 290 3472 ot
310 3413 496 3489 appetitiones
512 3413 620 3487 eliciat;
638 3431 686 3473 eas
708 3418 803 3473 tamen
822 3417 866 3475 ita
885 3422 1022 3492 perpetuo
1040 3433 1120 3476 nexu
1137 3417 1179 3478 in·

131 3500 223 3558 vicem
235 3499 358 3574 colligat,
376 3503 407 3558 nt
417 3497 538 3574 quilibet
552 3503 641 3558 status
656 3514 780 3573 sequens
793 3516 809 3558 a
824 3501 1006 3575 praecedenti
1016 3503 1177 3563 necessario

131 3583 277 3656 inleratnr,
294 3600 384 3656 eoque
402 3580 492 3657 po‘sito
509 3588 630 3658 nequeat
645 3599 702 3642 non
722 3585 799 3657 poni.
817 3585 875 3644 Hoc
890 3591 994 3645 anem.
1088 3587 1177 3662 isque

131 3669 275 3742 perspicit,
296 3683 362 3727 cnm
384 3669 515 3728 libertate
534 3669 688 3728 consistere
705 3669 832 3742 {minime
853 3672 941 3744 poter’
1037 3714 1074 3745 .„,
1096 3687 1176 3745 prae

133 3755 261 3824 terquam
274 3753 412 3812 unitatem
429 3769 568 3827 personae
590 3754 732 3812 humanae
756 3754 879 3827 perimat
897 3761 926 3813 et
949 3753 1011 3814 sine
1031 3755 1175 3831 probabili

132 3831 316 3896 laudamento
331 3836 367 3896 ad
381 3836 545 3910 opinionem
561 3837 631 3898 adeo
646 3835 828 3912 peregrinam
843 3843 872 3896 et
880 3837 1042 3899 mirabilem
1055 3840 1176 3914 gradum
