2767 4492
246 279 294 342 t-fl
683 288 845 338 mansura

277 379 432 450 Praeterea,
446 376 544 452 negari
555 375 653 449 nequit
663 374 846 434 existentiam
855 389 993 450 magnum
1001 388 1065 434 esse
1074 373 1199 448 bonum3
1212 387 1280 433 oum

242 465 458 540 fondamentum
468 463 505 527 sit
517 461 656 522 felicitatis
667 461 842 536 aliorumque
856 460 996 521 bonorum
1005 477 1080 536 quae
1094 459 1208 535 assequi
1221 477 1281 536 pos·

242 567 349 609 sumus.
364 550 404 630 llic
419 565 474 628 qao
490 548 521 606 fit
536 555 566 606 ut
581 548 704 607 naturali
717 546 900 607 inclinatione
915 546 995 606 illam
1010 552 1154 620 tantopere
1168 553 1280 622 appeta-

241 651 316 694 mus.
327 633 378 703 Oui
394 634 479 707 igitur
489 632 544 692 sibi
555 631 736 692 existentiam
749 632 847 706 demit,
860 647 998 706 magnum
1007 631 1062 692 sibi
1077 647 1177 691 revera
1194 632 1279 692 detri-

240 728 367 780 mentum
379 719 472 792 alfert;
489 719 556 793 quia
571 734 602 779 se
616 724 674 778 mm
685 719 840 792 praestanti
855 719 957 794 spoliat
966 720 1051 790 bono,
1063 719 1180 793 quicum
1195 717 1279 791 innu-

239 821 318 866 mera
332 806 388 864 alia
401 810 615 863 connectuntur.
633 804 763 864 Amorem
782 804 868 878 igitur
887 804 974 864 laedit
996 803 1051 862 sibi
1065 802 1203 862 debitum.
1223 803 1278 862 llec

239 891 314 950 dicat
328 901 425 950 auctor
444 890 604 966 systematis
625 896 745 949 naturae
763 891 792 951 id
807 888 905 962 vitari,
927 891 1036 963 quoties
1052 889 1205 949 existentia
1223 904 1280 948 non

240 978 362 1052 amplius
378 975 502 1036 felicitati
518 983 582 1049 apta
597 977 649 1047 sit,
671 976 720 1034 sed
736 975 863 1048 undique
880 974 1090 1034 calamitatibus
1110 973 1280 1034 stimuletur.

239 1061 309 1122 Nam
323 1061 352 1120 id
367 1061 461 1120 locum
471 1060 575 1120 babere
593 1066 686 1134 posset
700 1061 729 1119 in
746 1076 796 1119 suo
815 1060 889 1132 turpi
900 1066 1063 1134 systemate,
1075 1075 1131 1132 quo
1145 1059 1279 1131 epicurea

239 1146 367 1218 voluptas
381 1160 431 1220 pro
450 1145 507 1204 linc
524 1144 650 1204 humano
665 1145 779 1204 ducitur
795 1151 825 1203 et
838 1145 922 1202 bomo
937 1156 1004 1202 cum
1020 1144 1109 1203 bestia
1128 1143 1279 1203 confundi-

238 1221 292 1290 'tur.
310 1231 363 1290 Sed
380 1231 405 1290 si
423 1230 556 1290 nobilitas
576 1229 700 1288 bominis
712 1230 824 1289 servari
845 1231 928 1302 velit,
945 1229 1097 1288 existentia
1117 1245 1278 1304 numquam

238 1319 366 1378 atnittere
387 1322 478 1391 potest
503 1315 640 1376 rationem
663 1316 843 1376 fundamenti
858 1316 948 1390 quood
972 1330 1069 1374 reram
1092 1315 1276 1391 felicitatem,

238 1419 309 1477 quae
320 1403 349 1462 in
367 1401 498 1460 sectando
513 1401 611 1459 ordine
627 1401 680 1458 sita
696 1409 751 1472 est;
767 1415 821 1460 nec
831 1400 942 1473 spoliari
958 1407 1048 1471 potest
1061 1400 1179 1474 reliquis
1192 1400 1278 1460 bonis

236 1487 357 1561 bomini,
374 1497 457 1564 prout
472 1487 556 1546 bomo
571 1493 623 1558 ost,
640 1485 883 1552 convenientibus,
899 1501 972 1558 quac
983 1485 1013 1542 in
1030 1485 1171 1544 virtuteet
1185 1484 1276 1546 animi

236 1574 347 1634 dotibus
357 1579 423 1632 sunt
434 1572 532 1647 posita.
546 1571 749 1644 Quaecumque
760 1572 836 1628 enim
847 1569 924 1628 mala
937 1576 987 1627 aot
996 1570 1106 1629 dolores
1115 1570 1275 1644 obsideant,

236 1673 382 1732 nunquam
399 1657 532 1717 virtutem
543 1671 580 1714 en
595 1656 691 1714 animo
710 1665 758 1714 aut
772 1654 900 1713 ordinem
915 1653 1050 1714 adDeum
1063 1654 1212 1712 detrahere
1227 1671 1275 1729 po-

235 1749 337 1802 terunt.
355 1743 442 1802 immo
454 1742 522 1800 baec
538 1740 645 1813 potiora
660 1746 688 1798 et
703 1739 874 1812 speciosiora
887 1739 1064 1813 efficientur;
1080 1740 1222 1814 siquidem
1233 1742 1275 1800 nil

235 1827 415 1901 spectabilius
430 1831 480 1885 orit
493 1825 644 1884 sublimius
659 1825 687 1882 in
703 1825 802 1884 ordine
815 1824 916 1893 morali
932 1823 1067 1895 cernitur,
1084 1841 1171 1899 quarn
1185 1824 1274 1884 rictus

233 1912 382 1972 obfirmata
406 1917 434 1970 et
457 1915 607 1982 constans,
630 1925 703 1983 qnae
725 1911 851 1984 undique
870 1909 1037 1971 calamitatis
1056 1910 1191 1970 fluctibus
1210 1926 1274 1968 ver·

232 1995 356 2057 lrcrctur.
379 1998 469 2062 Quare
485 1997 545 2068 ipse
563 1995 669 2054 &occa
684 1992 779 2054 aiebat
793 1993 904 2053 nullum
922 1995 1117 2068 spectaculum
1136 2005 1193 2054 tam
1207 1997 1275 2055 love

233 2081 349 2155 dignum
365 2079 460 2141 offerri
477 2095 575 2155 posse,
598 2095 684 2154 quam
701 2081 816 2139 iustum
831 2096 900 2140 cona
920 2080 1045 2140 aduerso
1058 2082 1184 2156 [ortano
1203 2097 1274 2140 con·

233 2166 380 2227 illyriciana.

266 2251 391 2326 benique
410 2252 459 2325 qui
482 2251 535 2310 sibl
558 2257 677 2312 mortem
700 2252 888 2325 consciscunt,
904 2253 968 2312 iura
982 2252 1123 2310 societatis
1141 2249 1270 2325 laedunt;

231 2335 313 2395 cuius
333 2335 456 2410 profecto
476 2344 543 2396 sunt
563 2343 657 2412 partes
673 2342 703 2396 cl
720 2336 757 2396 ad
779 2336 861 2396 cuius
880 2337 988 2398 bonum
1009 2338 1138 2396 conferre
1160 2337 1272 2410 aliquid
1370 2402 1371 2409 ,

231 2421 343 2495 debent,
360 2421 455 2482 sinon
470 2422 612 2496 operibus,
628 2423 730 2481 saltem
744 2422 833 2482 animi
848 2423 1007 2481 constantia
1020 2429 1049 2480 et
1063 2423 1225 2482 fortitudine
1236 2438 1274 2480 ac
1370 2428 1371 2469 ῑ

230 2523 325 2566 rerum
347 2507 529 2566 adversarum
549 2508 706 2566 tolerantia.
723 2507 812 2566 lmmo
826 2524 884 2566 non
899 2509 991 2570 solum
1006 2508 1072 2567 lruic
1094 2507 1207 2566 moneri
1221 2509 1273 2564 de-

230 2598 308 2666 sunt3
321 2593 466 2653 sedetiam
478 2592 667 2667 perniciosum
683 2592 823 2652 inducant
836 2598 1011 2667 exemplum,
1028 2594 1100 2668 qriod
1114 2594 1187 2650 vitae
1202 2592 1273 2650 alio·

228 2693 293 2736 rom
306 2678 516 2738 interminatur.
535 2678 587 2746 Oui
606 2677 683 2737 enim
696 2684 818 2736 mortem
831 2695 883 2754 pro
897 2695 928 2737 se
942 2678 1097 2738 contemnit
1110 2692 1167 2736 non
1182 2677 1271 2736 ratio·

228 2763 274 2822 nis
289 2764 470 2838 praescripto,
483 2763 531 2822 sed
547 2763 742 2838 desperatione
755 2769 784 2822 et
800 2763 917 2837 feritate,
934 2764 1034 2838 quanti
1050 2761 1271 2823 vitamaliorum

228 2849 355 2907 facturus
370 2849 415 2922 sit,
433 2849 599 2922 anibignnm
620 2864 688 2908 sane
703 2854 755 2907 est.
780 2849 873 2917 Quare
887 2849 1030 2923 sapienter
1044 2847 1142 2908 scribit
1156 2847 1272 2922 llelisle,

227 2932 301 2992 inter
314 2934 463 3008 principia,
480 2949 552 3008 qliae
571 2934 735 2993 societatem
749 2933 927 2994 inflammare
944 2941 1042 2995 contra
1057 2932 1210 2994 suicidium
1220 2932 1267 2992 de·
1369 2934 1370 2971 l

227 3017 304 3090 beot,
320 3020 373 3076 boc
383 3018 468 3078 etiam
479 3035 535 3080 uon
550 3019 723 3078 mediocrem
739 3020 832 3078 locum
843 3020 958 3094 babere,
975 3021 1051 3095 quod
1062 3020 1112 3097 qni
1125 3017 1271 3092 propriam

225 3103 313 3162 vitam
336 3102 417 3162 flocci
440 3103 534 3175 babet,
555 3105 688 3164 continuo
710 3105 785 3164 vitae
812 3106 933 3165 aliorum
953 3105 1087 3165 dominus
1103 3104 1267 3176 efficiatnr3

226 3204 323 3248 cuma
335 3187 454 3248 suicidio
469 3189 505 3248 ad
520 3189 702 3248 homicidium
718 3189 813 3248 brevis
831 3191 984 3250 admodum
998 3191 1036 3250 sit
1049 3192 1155 3262 pradm
1170 3190 1200 3247 l.

261 3272 306 3332 ob.
322 3274 355 3332 llt
369 3289 406 3332 ex
424 3279 538 3332 auctore
555 3273 716 3348 systematis
740 3280 858 3333 naturae
876 3275 918 3333 sic
941 3276 1011 3335 forte
1026 3275 1161 3336 obiicies:
1178 3275 1273 3335 Sulci·
1368 3322 1369 3339 .

225 3359 271 3418 dio
282 3358 361 3418 nulla
374 3357 469 3417 officia
483 3357 643 3418 laeduntur.
656 3359 715 3418 Non
733 3357 848 3431 quidem
862 3359 957 3418 officia
971 3376 1039 3434 erga
1049 3362 1191 3436 seipsum,
1205 3365 1272 3420 tum

225 3443 293 3517 quia
314 3442 419 3502 uolenti
433 3459 490 3501 non
509 3443 541 3502 fit
561 3442 682 3517 iniuria3
712 3448 773 3502 tum
794 3443 862 3517 qnia
879 3449 918 3502 tot
938 3444 1126 3514 circumstare
1146 3451 1271 3520 possunt

224 3529 309 3602 mala,
325 3535 358 3587 ut
374 3528 430 3588 vita
444 3527 481 3587 sit
496 3529 712 3588 fondamentum
728 3544 785 3588 non
798 3530 941 3589 felicitatis
955 3532 1004 3590 sed
1015 3531 1157 3590 miseriae.
1173 3532 1270 3600 Quare

226 3630 290 3673 cum
305 3615 366 3674 eius
380 3615 512 3674 vitandae
528 3616 602 3675 lianc
611 3617 688 3674 viam
702 3621 805 3676 uotiua
817 3617 997 3691 concesserit,
1008 3619 1114 3692 optime
1128 3617 1272 3677 indicarit

225 3712 254 3757 se
273 3699 356 3758 nobis
378 3715 411 3760 eo
429 3700 553 3760 remedio
575 3701 671 3762 utendi
689 3706 856 3776 potestatem
875 3703 986 3763 fecisse.
1009 3703 1080 3778 Ergo
1103 3703 1148 3764 ius
1171 3701 1266 3764 etiam

269 3878 280 3924 l
300 3881 482 3930 animarat.
499 3881 522 3932 5.
