2767 4492
182 384 218 463 tt
590 395 826 443 ramaorronas

184 486 264 558 sius,
283 485 330 544 cui
344 487 459 560 pmpter
473 482 620 544 doctrinae
641 483 811 555 novitatem,
828 496 916 556 quam
931 485 998 542 ante
1015 481 1087 542 alios
1101 481 1235 556 tradidit,

181 572 378 646 plurimosque
393 568 536 643 fautores,
553 583 624 642 quos
642 567 674 626 in
689 566 779 627 Gallia
797 567 968 641 praesertim
985 571 1088 628 nactus
1106 572 1169 642 est,
1184 568 1238 627 im·

181 660 309 716 mutatae
323 654 519 730 philosophiae
533 652 649 712 initium
663 649 752 711 tribui
761 651 844 724 solet,
856 666 915 712 non
927 651 1018 711 multo
1032 656 1096 726 post
1109 656 1237 727 tempore

182 746 300 815 coeptus
315 744 359 800 est
372 738 505 812 fastidiri,
523 737 627 798 hockio
642 735 818 812 pedetentim
831 736 1029 811 philosophiae
1044 751 1179 812 campum
1191 753 1238 798 oc·

184 830 317 900 papante.
328 825 361 884 ·ls
376 829 473 899 utpote
497 823 626 883 faciliora
639 821 762 894 docens,
782 821 911 896 styloque
926 821 986 881 fere
1005 821 1137 896 populari
1152 827 1238 896 atque

95 913 104 923 “
182 912 220 970 ad
238 911 343 970 Baconi
357 909 566 984 praescriptum
580 906 811 980 accommodate,
827 906 941 965 saeculo
956 905 1052 966 arrisit
1065 905 1233 980 plurimum.

181 997 273 1065 Quare
297 995 386 1055 etiam
403 993 575 1065 Leibnitius,
592 992 642 1066 qui
656 991 842 1065 profundiore
862 990 1057 1050 delectabatur
1077 991 1233 1064 sapientia,

178 1082 265 1141 unius
280 1082 340 1140 fere
356 1079 522 1140 Germaniae
542 1075 672 1138 terminis
695 1082 810 1135 coactus
833 1081 877 1135 eat
890 1075 1042 1135 contineri.
1069 1074 1115 1135 Sic
1130 1075 1231 1134 castris

177 1167 283 1239 potitus
297 1170 341 1226 est
354 1165 489 1236 Lochias,
505 1165 537 1221 in
551 1161 651 1236 anglia
665 1160 835 1236 praesertim
849 1166 877 1219 et
891 1159 923 1220 iu
939 1159 1037 1219 Gallia.
1054 1161 1088 1218 ht
1101 1175 1169 1219 curn
1182 1159 1236 1219 do·-

178 1251 271 1310 ctriua
285 1251 366 1322 haec,
377 1248 571 1324 periculorum
579 1246 675 1321 plena,
689 1245 864 1320 scepticismi
874 1250 904 1305 et
913 1242 1115 1303 materialismi
1124 1243 1237 1304 semina

128 1367 130 1370 -
177 1335 337 1410 praeberet
354 1334 417 1394 fieri
433 1337 510 1398 certe
524 1346 582 1391 non
596 1336 708 1405 poterat
721 1333 754 1389 ut
768 1330 840 1389 haec
855 1329 906 1389 diu
920 1329 1127 1390 oscularentur.
1143 1327 1187 1387 En
1199 1343 1235 1388 ea

178 1419 297 1494 proinde
312 1419 343 1477 in
352 1417 452 1491 anglia
466 1433 517 1492 per
532 1415 670 1488 Berheley
684 1413 847 1487 idealimus,
863 1429 916 1486 per
931 1414 1021 1472 ilume
1036 1413 1234 1488 scepticismus

179 1503 314 1576 emersit;
331 1503 362 1561 in
378 1501 467 1561 Gallia
479 1517 532 1575 per
547 1499 689 1560 Gondillac
705 1498 866 1558 sensismus
880 1497 995 1572 prodiit,
1006 1512 1102 1571 quem,
1119 1502 1151 1556 ut
1164 1513 1231 1557 con·

177 1602 302 1662 sequens
316 1591 396 1660 erat,
413 1585 569 1659 Helvetios,
586 1585 693 1658 Tracy,
711 1583 833 1642 Gabaris
854 1583 886 1641 in
905 1582 1064 1657 perfectum
1078 1583 1231 1642 materiali·

176 1687 272 1732 smum
296 1675 518 1731 commutarunt.
543 1669 624 1729 ltalia
647 1667 782 1728 eclectica
802 1667 928 1742 quadam
940 1666 1161 1742 philosophandi
1173 1680 1231 1726 me

176 1754 261 1814 thodo
274 1756 369 1828 potius
383 1769 437 1812 usa
452 1757 503 1826 est,
520 1753 652 1826 quamvis
676 1752 787 1826 gallicis
802 1751 971 1824 lenociniis,
986 1755 1019 1810 ut
1032 1757 1145 1827 tempas
1159 1751 1231 1811 fere

174 1839 244 1912 hat,
260 1839 356 1898 illecta
370 1837 555 1898 Goudfflachii
570 1839 709 1898 sensismo
723 1853 782 1897 non
795 1851 900 1911 parurn
914 1836 978 1911 ipsa
1001 1836 1089 1896 etiam
1102 1835 1228 1898 macida-

174 1928 262 1983 retur.

211 2009 289 2068 func
303 2008 456 2082 aliquando
473 2007 616 2084 sapientes
630 2021 699 2067 oum
716 2005 858 2067 eiusmodi
877 2007 1023 2067 munima
1037 2010 1164 2066 monstm
1177 2021 1228 2066 ex·

174 2093 242 2154 oriri
258 2092 474 2167 conspicerent,
489 2093 528 2152 de
542 2093 691 2166 doctrina,
709 2108 796 2167 quam
815 2093 955 2152 hactenus
972 2095 1180 2166 suspexerant,
1196 2092 1228 2149 in

174 2176 366 2251 suspicionem
391 2177 494 2237 adduci
516 2193 653 2252 coepere3
671 2183 700 2237 et
722 2177 758 2236 ad
781 2177 943 2251 principia,
958 2176 1065 2250 ¹quihus
1086 2174 1137 2234 illa
1158 2174 1230 2233 nite·

173 2259 267 2335 heau,
282 2261 470 2336 expendenda
484 2263 614 2321 animum
629 2261 811 2336 appulerunt.
828 2260 900 2319 Hinc
914 2259 946 2318 in
961 2260 1054 2320 Scotia
1070 2260 1124 2319 sub
1138 2260 1229 2319 tinem
1309 2268 1312 2274 ’

173 2343 264 2421 elapsi
279 2347 388 2405 saeculi
402 2361 477 2406 nova
492 2352 568 2406 secta
582 2347 701 2421 prodiit,
718 2347 792 2405 duce
805 2345 914 2405 iheum
926 2343 998 2405 Reid
1011 2345 1131 2419 eiusque
1144 2343 1229 2404 disci-

172 2429 239 2504 pulo
259 2431 520 2505 nugata-sauma,
537 2447 611 2505 quae
635 2446 738 2490 sensus
762 2435 883 2489 neumae
906 2429 1067 2488 communis
1091 2429 1229 2489 aBuffier

173 2520 238 2575 ante
262 2515 358 2575 traditi
382 2516 574 2590 patrocinium
597 2517 756 2591 suscipiens
781 2521 881 2575 contra
898 2515 995 2574 llumii
1014 2515 1239 2588 scepticismum,

173 2599 338 2672 dimicavit,
356 2603 384 2657 ot
397 2601 559 2674 minutam,
576 2601 626 2660 sed
642 2601 730 2660 nimis
751 2600 937 2675 empiricam,
954 2599 1123 2659 facultatum
1138 2599 1228 2658 animi

173 2682 293 2741 tentarit
306 2682 457 2757 analysim.
474 2685 503 2742 ln
519 2685 670 2744 Germania
685 2699 752 2744 vero
766 2684 935 2744 Emmanuel
950 2684 1024 2743 Kant
1038 2684 1168 2743 criticam
1181 2699 1227 2742 ra-

172 2765 258 2824 honis
271 2782 360 2840 purae
375 2767 500 2842 molitus,
512 2767 694 2828 idealismum
709 2769 987 2828 transcendentalem
1002 2769 1082 2828 omni
1096 2769 1227 2843 sceptici-

171 2865 233 2910 smo
247 2850 481 2926 perniciosiorem
496 2852 645 2927 excitauit,
662 2868 750 2928 quern
762 2853 943 2927 postmodum
957 2852 1053 2912 lichte
1068 2853 1226 2928 discipulus

170 2935 232 2994 eius
247 2935 381 3010 absolvit,
399 2942 427 2996 et
442 2937 584 3012 Schelling
598 2943 684 3012 etque
698 2937 785 3011 Hegel
799 2953 816 2996 e
832 2937 990 2998 suhiectiro
1004 2938 1037 2997 in
1050 2937 1225 2997 obiectivum

169 3025 380 3081 converterunt.
396 3021 429 3080 ln
445 3022 533 3081 Gallia
545 3023 669 3097 denique
681 3021 784 3082 Cousin
800 3022 998 3081 eclectismum
1011 3021 1161 3095 excitarit,
1174 3038 1226 3081 seu

168 3105 272 3165 melius
287 3106 529 3180 syncrotismum;
548 3113 673 3181 systema
686 3107 827 3166 nimirum
841 3107 917 3181 quod
939 3108 1046 3181 partim
1061 3106 1227 3180 empirismo

172 3190 293 3262 anglico,
309 3190 415 3264 partim
429 3191 625 3250 rationalismo
640 3192 805 3264 germanico
819 3195 1045 3265 coagmentatur.

207 3273 250 3330 13.
265 3273 307 3330 lix
321 3273 366 3332 his
391 3275 506 3348 sapiens
521 3274 643 3348 quisque
666 3275 755 3348 prohe
771 3275 906 3349 intelligit
931 3291 1021 3349 quam
1036 3274 1123 3335 rebus
1136 3276 1168 3335 in
1184 3293 1227 3335 ar·

167 3355 232 3416 duis
246 3354 425 3430 philosophia
444 3364 591 3430 versetur,
609 3364 773 3432 quantaque
798 3364 880 3432 egeat
904 3361 1045 3420 cautione.
1071 3360 1133 3420 Duo
1148 3360 1227 3420 enim

167 3439 269 3500 ultima
284 3445 455 3515 systemata,
472 3458 546 3517 quae
561 3441 794 3514 nominavimus,
810 3442 978 3503 idealismus
998 3444 1147 3504 absolutus
1163 3444 1227 3503 Ger-

166 3525 280 3584 maniae
295 3529 324 3583 et
338 3524 517 3585 eclectismus
533 3525 658 3599 Galliae,
675 3526 765 3585 multo
784 3527 982 3602 pestilentiore
1002 3529 1106 3589 ceteris
1126 3521 1228 3588 revera

167 3611 244 3668 sunt.
269 3607 341 3667 hlud
356 3610 434 3666 enim
448 3615 560 3683 praeter
575 3609 647 3668 alias
662 3609 802 3670 absurdas
817 3609 986 3687 opiniones,
1004 3613 1185 3673 fatalismum
1199 3618 1228 3672 et

166 3689 380 3765 pantheismum
403 3691 531 3766 inducit3
551 3693 607 3751 hoc
631 3707 698 3752 vero
718 3709 894 3768 quamquam
919 3697 1125 3770 probatissimo
1139 3702 1225 3771 atquc

166 3775 274 3848 optimo
288 3775 406 3835 nomine
421 3775 515 3851 lateat,
529 3782 625 3836 tamen
640 3793 699 3837 non
711 3794 819 3853 paucos
829 3781 1053 3842 nocentissimos
1063 3796 1174 3842 errores
1185 3785 1227 3840 at·
1292 3791 1294 3794 ·
1367 3808 1370 3819 ·

165 3859 262 3933 quein
276 3858 377 3934 primis
387 3865 517 3934 apertum
526 3862 748 3923 naturalismum
758 3870 787 3924 et
796 3870 979 3940 arrogantem
990 3867 1228 3927 rationalismum

164 3942 294 4010 involvit.
310 3943 344 4008 at
358 3945 489 4020 quamvis
507 3946 537 4005 in
552 3949 697 4024 praesenti
711 3949 774 4010 fere
789 3952 945 4027 corruerit,
962 3956 1117 4027 supersunt
1131 3956 1230 4050 antea
