2767 4492
524 336 761 383 maronianum
1115 328 1167 390 atr

126 427 180 493 tur,
192 419 287 482 statim
302 425 437 495 agnoscat
450 425 479 480 et
491 421 611 480 reficiat.
623 421 665 479 Ex
677 427 757 495 parte
766 439 834 483 rero
844 423 996 483 voluntatis
1009 425 1167 497 requiritur

126 519 213 563 causa
232 505 372 578 quaedam
389 505 600 578 potentissima,
623 520 698 578 quae
716 507 787 563 dum
801 505 843 566 illi
864 507 1037 567 desiderium
1056 508 1165 568 altioris

125 586 192 645 honi
209 602 321 660 semper
335 588 492 660 ingenerat,
504 587 579 646 vires
594 587 693 660 addat,
705 587 810 660 quibus
819 589 901 647 facile
910 591 1020 648 malum
1029 591 1124 650 careri
1138 597 1168 651 et

126 670 161 728 ad
177 671 314 728 maiorem
328 670 529 743 perfectionem
546 675 637 728 tufum
652 671 707 730 iter
724 671 852 744 percurri
868 673 964 744 possit.
980 674 1055 732 llaec
1070 681 1167 734 antem

126 754 239 812 nonnisi
253 753 378 812 adirina
394 753 531 825 religione
545 760 734 826 praestantur.
746 755 785 812 Ea
799 755 878 812 enim
892 755 1041 812 dumtaxat
1055 771 1092 814 ex
1106 774 1166 817 una

127 843 206 909 parte
220 837 328 895 homini
347 838 478 910 proponit
490 852 590 895 rernm
601 845 629 895 ct
638 837 748 896 bonum
759 838 906 896 infinitum
919 853 977 896 non
987 837 1071 896 modo
1082 841 1168 900 resti·

127 920 252 991 gendum
268 922 292 990 ⁴,
304 920 451 978 sedetiam
461 920 663 992 possidendum
679 923 790 992 2atoue
800 920 970 978 imitandum
985 923 1011 978 5.
1023 920 1114 987 Quare
1123 937 1168 982 ca·

126 1001 277 1074 pacitatem
294 1007 353 1060 tum
366 1003 526 1061 intellectus
537 1009 596 1062 tum
608 1003 761 1061 voluntatis
776 1004 903 1062 maxime
918 1004 1074 1076 amplificat
1082 1009 1169 1077 atoue

127 1085 288 1144 calcaribus
298 1091 390 1159 urget,
407 1092 439 1144 ut
450 1101 563 1159 semper
572 1088 607 1145 ad
622 1088 723 1145 altiora
732 1089 847 1156 nitatur.
861 1088 902 1145 Ex
916 1087 1004 1146 altera
1013 1102 1081 1146 rero
1089 1094 1169 1160 parte

127 1174 241 1242 propter
255 1168 502 1240 infallibilitatem,
518 1170 615 1242 quain
627 1170 769 1228 catholica
779 1170 930 1228 Ecclesiae
940 1169 1048 1228 [innato
1062 1171 1167 1229 donata

29 1315 32 1322 ,
128 1257 179 1322 est,
193 1265 302 1310 errores
312 1266 411 1310 omnes
425 1252 461 1310 iis
472 1253 640 1312 veritatibus
653 1253 796 1325 adremon,
813 1253 919 1326 quibus
934 1253 993 1310 rita
1006 1252 1169 1312 intellectus

128 1333 247 1392 humani
263 1335 433 1407 continetur,
446 1351 498 1394 sua
512 1336 679 1395 auctoritate
693 1335 821 1409 repellit,
835 1340 896 1392 tum
909 1335 938 1392 ri
952 1336 1070 1407 gratiae,
1081 1351 1169 1408 quam

127 1417 232 1475 animis
251 1417 392 1490 infundit,
412 1419 585 1477 activitatem
601 1418 752 1476 voluntatis
771 1416 854 1489 longe
872 1418 1058 1490 potentiorem
1079 1419 1169 1479 elficit

128 1499 164 1558 ad
178 1514 314 1559 sensuum
329 1507 358 1559 et
371 1517 468 1559 rerum
482 1508 667 1560 externarum
680 1500 832 1560 illecebras
841 1501 1043 1560 retundendas.

162 1582 233 1641 flinc
248 1582 353 1640 mirum
368 1597 429 1642 esse
444 1584 601 1657 nondebet,
614 1585 638 1642 si
652 1584 729 1656 apud
743 1589 841 1656 gentes
855 1582 952 1641 divina
968 1583 1022 1641 hac
1033 1583 1170 1658 religione
1226 1594 1229 1598 ’
1274 1620 1280 1632 ·

128 1667 246 1725 donatas
259 1681 426 1738 progressus
440 1669 509 1726 adeo
525 1673 657 1726 constans
667 1673 696 1726 et
709 1681 827 1724 securus
841 1672 984 1738 appareat,
1003 1673 1036 1725 nt
1054 1668 1113 1725 fere
1128 1668 1169 1725 el·

128 1751 218 1808 fectus
227 1749 529 1821 qiudamuecessarius
539 1752 667 1810 niteatur
682 1754 708 1804 ⁴.
720 1751 849 1808 Necrero
858 1749 917 1806 ulla
926 1763 997 1821 gens
1006 1749 1123 1822 penitus
1132 1751 1170 1808 ad

127 1833 291 1892 barbariem
304 1833 396 1891 redire
411 1835 524 1908 poterit3
540 1835 596 1893 nisi
607 1841 674 1893 ante
686 1833 855 1905 religionem
870 1831 944 1889 liano
958 1832 1073 1905 penitus
1082 1847 1170 1892 exue-

128 1915 181 1987 rit,
200 1915 236 1973 ab
246 1917 365 1989 eiusque
379 1916 443 1976 luce
454 1933 486 1976 se
496 1918 614 1977 omnino
628 1915 815 1976 subtraxerit.
831 1914 971 1982 Quamdiu
981 1915 1060 1973 euim
1069 1915 1100 1974 id
1111 1929 1182 1977 non.

129 2001 194 2070 flet,
212 2013 323 2069 semper
337 1999 453 2071 germen
470 2000 583 2073 aliquod
601 2001 663 2059 reri
678 2006 708 2058 et
725 1999 795 2057 boni
812 1997 844 2056 iu
862 2003 946 2070 geute
961 1997 1010 2057 illa
1024 1997 1167 2069 suornm,

129 2081 204 2155 quod
220 2082 307 2139 vitam
327 2081 452 2154 aliquam
471 2083 644 2156 impartitur,
663 2083 795 2156 quodque
813 2081 918 2140 iterum
937 2081 1119 2140 reflorescere
1136 2097 1170 2141 ac

130 2165 205 2224 vires
223 2179 291 2223 suas
305 2179 423 2222 exerere
438 2164 546 2222 sensim
561 2165 622 2223 sinc
637 2181 724 2224 sensu
738 2166 893 2223 contendit.

165 2247 289 2305 Alterum
302 2261 379 2319 rero,
392 2245 466 2319 prod
479 2246 550 2318 dixi,
562 2261 620 2304 non
634 2247 739 2305 minori
754 2247 896 2305 evidentia
910 2248 1049 2308 clarescit.
1065 2250 1136 2309 Nam
1145 2250 1170 2308 si

130 2329 260 2388 homines
276 2328 431 2402 philautiae
440 2328 634 2388 inritamentis
645 2327 750 2386 abduci
767 2343 798 2386 se
816 2328 920 2402 sinant,
936 2333 1095 2391 studiorum
1104 2347 1170 2391 oon·

130 2428 216 2471 cursu
226 2427 283 2472 non
295 2412 331 2470 ad
346 2427 438 2471 unum
453 2418 482 2472 et
491 2413 622 2487 gencrale
632 2413 741 2471 bonum
751 2411 966 2484 conspirabunt,
979 2416 1062 2472 cuius
1071 2429 1169 2473 omnes

130 2496 188 2554 sint
202 2496 369 2570 participem
386 2497 436 2555 sed
446 2496 558 2556 assidue
569 2497 710 2555 divertent
723 2495 797 2552 inter
812 2509 856 2561 se,
873 2499 959 2566 atquc
973 2496 1009 2552 ad
1024 2497 1169 2568 propriam

130 2578 279 2637 utilitatem
301 2579 398 2638 omnia
418 2595 552 2640 rarocare
570 2578 786 2638 adlaborabunt.
807 2577 990 2650 Quapropter,
1009 2592 1066 2651 quo
1078 2580 1169 2651 magis

130 2661 206 2722 iuter
220 2675 268 2720 eos
279 2669 379 2721 mutua
394 2665 520 2736 augescit
533 2662 769 2734 communicatio,
785 2676 819 2719 eo
832 2660 1012 2719 dissidiorum
1028 2666 1055 2718 et
1071 2661 1169 2719 confli-

129 2748 226 2804 ctuum
241 2745 342 2804 crescit
356 2746 476 2819 occosi0,
492 2747 637 2820 inquibus
651 2744 765 2804 nonnisi
775 2743 1167 2818 potentiorescallidioresque

129 2827 313 2900 superabunt.
330 2828 363 2886 Ut
378 2827 464 2900 igitur
480 2830 624 2902 turpitudo
636 2829 707 2886 haec
727 2832 755 2886 et
768 2827 855 2886 relnti
871 2826 1013 2900 pernicies
1026 2827 1168 2886 societatis

129 2912 271 2968 numanae
280 2909 446 2983 declinetur,
458 2927 638 2984 summopere
648 2912 808 2970 necessaria
822 2915 864 2968 est
875 2910 960 2967 tutela
969 2915 998 2967 et
1012 2911 1165 2970 auctoritas

129 2993 242 3052 divinae
251 2992 327 3052 illius
337 2993 571 3066 religionisque
583 3000 639 3054 tota
648 2999 755 3067 quanta
764 2993 847 3052 estin
858 2992 1007 3052 dilectione
1018 2993 1163 3065 fundatur,

128 3091 162 3134 ac
174 3085 341 3150 perpetuum
355 3076 461 3135 bellurn
472 3077 701 3136 individualismo
711 3083 740 3135 et
750 3077 904 3151 philautiae
912 3076 1042 3136 indicens
1053 3077 1164 3136 animos

129 3159 259 3219 caelestis
273 3159 398 3218 caritatis
412 3161 478 3233 igne
493 3161 605 3220 assidue
624 3161 700 3219 foret
712 3166 740 3219 et
754 3161 860 3219 dilatat.

174 3302 184 3344 l
201 3320 210 3341 ·
224 3301 280 3346 llaec
295 3307 327 3347 ert
342 3307 413 3346 autam
429 3301 473 3348 rita
489 3309 585 3363 uterne,
604 3309 628 3349 ut
643 3310 774 3363 cognoscam
788 3311 810 3349 te
820 3303 889 3348 solum
902 3303 970 3349 doum
986 3317 1061 3349 rerum
1070 3309 1093 3349 ot
1102 3318 1167 3363 (μου

130 3393 138 3414 ι
158 3375 236 3419 misisti
253 3375 324 3420 lesuin
341 3374 457 3421 Christum.
479 3397 487 3416 ι
507 3377 586 3423 lonttt.
604 3378 642 3422 ll.

172 3449 187 3492 2
207 3467 215 3488 ι
235 3449 279 3508 Ego
298 3465 335 3494 ero
351 3461 481 3498 mercretur
495 3467 573 3512 magna
590 3453 664 3498 nimis.
686 3475 694 3493 ·
713 3454 769 3497 Gru⁴
788 3454 826 3498 45.

172 3523 187 3567 5
207 3541 215 3562 ι
235 3523 308 3569 Estote
334 3539 384 3584 crgo
402 3541 439 3570 vrrs
456 3525 544 3587 perfecti
561 3529 617 3573 sieut
633 3535 654 3574 et
676 3528 739 3574 Pater
759 3535 829 3573 tester
843 3526 941 3573 caelestis
961 3527 1068 3589 periectas
1091 3532 1131 3572 est.
1152 3547 1161 3566 ι

172 3597 260 3641 Murra.
280 3598 302 3640 5.

173 3671 186 3713 d
207 3692 215 3710 o
236 3670 383 3736 Anrlaulahunt
409 3679 482 3734 gauter
505 3675 528 3719 in
550 3673 632 3722 lumine
658 3683 696 3720 tuo
712 3683 733 3724 et
754 3691 814 3738 regu
831 3678 853 3721 in
877 3677 991 3738 splendore
1007 3683 1066 3724 ortus
1090 3676 1129 3721 tui.
1150 3678 1161 3717 i

126 3745 154 3789 la.
173 3747 210 3788 tto.
982 3743 991 3750 ¹

481 3920 558 3963 alifis
577 3921 654 3965 iulus
670 3923 811 3966 aarum
