2767 4492
250 324 303 403 193
692 340 854 395 aramus

248 431 333 502 abac
347 424 485 502 implendi
495 442 538 500 oa,
551 442 623 502 prae
638 430 836 502 aparentibus
850 429 1093 503 praescribuntur.
1111 428 1144 490 Et
1157 430 1296 507 quioniam

248 513 378 573 educatio
393 514 424 571 in
442 515 550 571 tantum
565 512 631 574 tiliis
645 513 742 595 debita
756 519 798 573 est
813 516 1010 588 aparentibus
1026 562 1033 589 ,
1056 516 1088 575 in
1107 523 1250 590 quantum
1264 518 1296 577 hi

245 598 309 657 illos
332 602 514 671 genuerunt3
532 597 615 668 hinc,
641 597 708 655 licet
733 598 798 656 linis
814 598 923 672 patriae
946 600 1092 674 potestatis
1117 600 1154 659 sit
1168 600 1295 661 filionrnr

246 682 391 756 educatio,
409 687 504 741 nmen
518 698 605 740 causa
618 686 647 740 et
661 682 879 741 tundamentum
891 684 1074 757 generatione
1089 686 1251 745 continetur
1271 690 1292 744 ¹.

248 768 340 835 Quare
356 768 447 826 elucet
461 767 582 826 delirare
597 767 626 825 in
641 766 742 840 primis
763 767 955 842 llobbesiunr‚
978 770 1027 842 qui
1046 786 1109 828 cam
1134 772 1239 845 repetit
1257 787 1296 842 er

247 850 309 912 inre
324 851 459 911 victoriae
475 853 499 924 2,
516 857 656 927 quatenns
670 850 767 929 inians
782 853 976 925 aparentibus
990 854 1115 927 primurn
1125 860 1293 929 occupatur.

247 936 325 1005 Quod
340 936 365 995 si
379 935 419 996 ita
434 941 524 1009 essct,
552 934 690 995 obstetrix
707 936 874 1011 plerumque
889 938 964 996 hanc
987 938 1110 1013 patriam
1125 945 1296 1014 potestatem

246 1020 395 1097 acciperet,
416 1020 556 1095 siquidem
571 1021 633 1095 ipsa
647 1028 691 1079 est
705 1036 778 1093 onae
794 1020 874 1097 prius
893 1023 995 1081 ceteris
1008 1023 1146 1083 infantem
1162 1032 1293 1099 occupat.

246 1104 362 1166 Fallitur
376 1106 493 1179 insuper
514 1104 739 1179 Putiendoriius,
768 1106 817 1180 qui
832 1110 1000 1181 potestatem
1021 1107 1100 1165 illam
1125 1108 1240 1167 deducit
1257 1126 1296 1167 ex

246 1190 340 1248 debito
367 1187 531 1248 socialitatis
555 1195 583 1247 et
609 1189 692 1248 tacito
718 1189 844 1249 liliorum
875 1206 1013 1250 consensu
1030 1193 1055 1250 ὅ.
1081 1192 1181 1253 Peccat
1207 1194 1295 1253 etiarn

245 1276 369 1348 linens,
394 1274 443 1349 qui
459 1291 496 1333 cx
510 1274 569 1333 sola
592 1275 762 1334 educatione
778 1274 823 1337 ius
839 1276 946 1349 patriae
970 1278 1115 1353 potestatis
1140 1278 1252 1339 derivat
1267 1282 1294 1337 ⁴.

245 1359 302 1419 Etsi
317 1359 396 1419 enirn
410 1359 515 1417 idcirco
531 1358 623 1433 patria
644 1364 768 1431 potestas
783 1376 800 1418 a
815 1366 917 1419 natura
932 1360 1091 1437 tribuatur,
1116 1368 1147 1423 nt
1161 1370 1295 1437 parentes

245 1440 318 1517 proli
336 1440 501 1498 educandae
517 1440 690 1512 advigilent3
710 1446 803 1499 tamen
819 1440 848 1498 id
863 1440 998 1514 exprimit
1013 1442 1118 1515 finem,
1136 1442 1186 1516 qui
1200 1443 1295 1502 inteu-

246 1527 331 1598 ditur,
348 1541 405 1583 non
420 1540 487 1585 roro
504 1525 640 1596 radicem,
658 1541 695 1583 ex
710 1540 766 1599 qua
780 1525 826 1584 ius
840 1525 934 1599 ipsum
950 1526 1080 1601 pullulat.

283 1611 344 1670 137.
365 1612 494 1669 llensura
515 1610 600 1668 buius
615 1612 724 1683 patriae
744 1612 890 1683 potestatis
904 1610 1078 1669 desumenda
1099 1617 1142 1671 cst
1161 1629 1199 1673 ex
1212 1614 1290 1687 fine,

249 1697 317 1773 nui,
332 1702 364 1754 ut
378 1695 448 1768 dixi,
466 1696 496 1753 in
511 1710 637 1767 congrua
647 1695 814 1754 educatione
831 1694 972 1769 cernitur,
990 1701 1064 1755 etex
1078 1695 1141 1755 iure
1155 1698 1230 1771 quod
1243 1714 1293 1773 pa·

248 1788 343 1840 rentes
358 1780 464 1838 habent
478 1780 596 1853 regendi
608 1780 756 1853 familiam,
779 1787 919 1853 qnatenus
938 1780 1058 1839 societas
1078 1782 1217 1853 quaedam
1240 1788 1293 1841 est.

245 1863 279 1924 Et
291 1865 427 1939 quoniam
450 1880 534 1923 omne
552 1865 596 1923 ius
611 1866 769 1923 coactivum
786 1870 845 1936 est,
862 1871 891 1923 et
908 1865 1042 1939 pervicax
1059 1864 1181 1924 liliorum
1197 1868 1295 1925 rotun·

249 1954 292 2009 tas
307 1966 390 2008 curas
412 1955 563 2023 parentum
581 1950 697 2008 inutiles
716 1950 834 2009 reddere
854 1954 961 2025 posset;
981 1950 1048 2008 hinc
1065 1951 1187 2009 incultas
1206 1953 1294 2011 etiarn

248 2051 296 2094 eos
313 2036 468 2109 castigandi
484 2051 517 2093 ac
531 2034 561 2093 vi
578 2035 614 2092 ad
629 2034 819 2093 obediendum
835 2035 966 2107 adigendi
982 2035 1175 2108 parentibusa
1190 2044 1295 2095 natura
1380 2076 1381 2079 κ

246 2120 388 2179 tribuitur.
406 2120 466 2187 Qua
483 2120 514 2177 in
529 2136 561 2178 re
578 2120 679 2179 aetatis
696 2119 792 2193 aliqua
810 2119 883 2178 ratio
903 2120 1034 2177 habenda
1049 2126 1100 2177 cst.
1121 2120 1197 2189 Quae
1213 2121 1291 2180 cnirn

246 2204 276 2262 in
291 2205 384 2277 prima
398 2204 519 2277 pueritia
534 2204 649 2275 decent,
667 2219 733 2261 curn
755 2203 805 2262 sulii
818 2204 895 2263 nullo
910 2210 991 2277 pacto
1006 2206 1115 2263 ratione
1130 2210 1158 2263 et
1173 2206 1293 2265 consilio

245 2287 312 2346 duci
323 2295 439 2362 queunt,
452 2288 590 2348 dedecent
604 2305 673 2347 sane
683 2289 714 2347 in
730 2288 867 2347 adultiora
884 2294 983 2362 aetate,
1000 2305 1066 2347 curn
1077 2289 1136 2347 iarn
1150 2291 1220 2349 sutis
1231 2306 1292 2349 ma·

246 2377 310 2431 turo
328 2372 434 2431 iudicio
450 2379 585 2447 utuntnr3
603 2379 631 2431 et
645 2390 676 2431 se
690 2373 786 2448 aliquo
797 2374 897 2432 saltem
914 2380 995 2449 pacto
1009 2388 1108 2447 regere
1124 2374 1228 2433 valent.
1249 2376 1294 2433 ilt-

245 2474 302 2531 quc
326 2458 366 2516 ita
382 2458 627 2517 surccrescentibus
643 2458 766 2517 filiorum
789 2458 871 2517 annis
887 2458 978 2532 patria
991 2464 1114 2533 potestas
1131 2459 1230 2517 mitius
1245 2476 1294 2518 ex-

245 2542 367 2618 plicatur
386 2548 415 2602 et
430 2542 593 2616 angustius,
611 2543 701 2601 donec
720 2542 833 2601 tandem
849 2544 884 2600 ad
900 2556 947 2601 aas
958 2543 1107 2601 dumtaxat
1127 2559 1157 2602 se
1168 2544 1294 2617 porrigat

244 2627 378 2703 actiones,
397 2643 470 2703 quac
485 2642 597 2685 morum
612 2626 790 2685 honestatem
806 2632 834 2685 et
844 2627 969 2699 regimen
986 2628 1113 2686 familiae
1124 2628 1292 2702 respiciunt,

245 2712 276 2773 in
292 2728 379 2788 quam
392 2718 495 2772 natura
517 2728 570 2771 sua
584 2727 697 2787 semper
716 2717 848 2785 parentes
862 2718 1028 2786 potestatem
1045 2712 1150 2771 liabent
1166 2714 1191 2771 5.

289 2868 299 2919 l
319 2870 351 2920 ld
366 2889 412 2921 rem
429 2873 536 2920 Grotius:
556 2892 565 2915 ι
584 2871 729 2919 Generationo
744 2870 870 2934 parentibus
885 2872 918 2918 ius
933 2870 1053 2934 aequiritur
1069 2870 1092 2918 in
1108 2870 1204 2935 liberos3
1231 2872 1290 2918 niri-

243 2966 253 2998 t
272 2967 314 3015 qno
328 2951 418 3013 iuquam
439 2956 573 3014 parentum,
596 2950 653 3014 putri
673 2967 699 2997 uc
714 2950 796 3011 ruatri3
815 2948 853 2995 sud
872 2951 890 2996 si
909 2948 1043 2996 contendant
1063 2949 1120 2995 inter
1136 2966 1158 2995 so
1179 2949 1292 3012 imperia,

244 3045 253 3070 u
272 3027 392 3090 praefertur
413 3027 482 3089 putris
501 3027 618 3089 imperium
637 3028 665 3074 ob
679 3040 742 3073 maus
759 3026 914 3087 praestantium
939 3028 1000 3073 »Dc
1016 3026 1072 3073 iutro
1088 3024 1143 3073 uerti
1160 3030 1181 3073 et
1196 3024 1289 3085 pooiet.

243 3102 268 3167 2,
285 3118 305 3151 c.
321 3100 345 3149 ti.

287 3181 354 3228 21ie
370 3176 425 3228 Cive
442 3194 462 3227 c.
480 3176 504 3225 a.

288 3255 354 3305 bile
371 3258 458 3320 Officiis
473 3259 533 3305 tuom
552 3258 574 3304 et
588 3253 647 3305 ciete
662 3252 678 3303 l.
697 3251 729 3321 2,
745 3270 765 3303 o.
784 3249 807 3303 3.

287 3336 409 3380 &ocantur
423 3330 529 3379 eiusmodi
544 3332 578 3379 vel
593 3332 648 3379 liber
663 3338 720 3379 esset
741 3332 775 3381 vol
792 3326 934 3379 necessat-lua.
958 3326 1065 3379 Neutrum
1080 3325 1123 3379 tici
1140 3334 1219 3396 polest.
1244 3329 1291 3379 Nou

239 3409 344 3476 primam,
357 3405 408 3473 quir
422 3424 434 3455 a
449 3414 526 3455 centn
540 3413 610 3472 parto,
621 3410 706 3455 etiamsi
724 3408 789 3455 simul
799 3409 947 3471 consentiunt,
969 3410 1080 3455 retractari
1097 3413 1175 3471 potest.
1192 3410 1241 3455 Non
1259 3408 1292 3453 ul-

239 3489 320 3542 turum,
337 3485 388 3549 quin
402 3485 441 3547 qui
451 3484 572 3531 necesaria
587 3486 710 3531 consentire
727 3488 821 3549 tenetur,
839 3484 866 3529 ab
883 3484 955 3546 aliqua
976 3484 1114 3545 praecedeuti
1129 3484 1177 3547 lege
1193 3483 1293 3529 adruin-
1380 3524 1381 3527 ,

237 3564 306 3627 gitur,
322 3578 377 3626 quaa
391 3573 521 3607 consensum
535 3562 658 3623 antevertit,
675 3566 740 3623 atquo
755 3560 783 3606 ad
798 3561 870 3623 iprum
886 3559 1013 3622 ponendum
1028 3560 1117 3621 obligat.
1377 3554 1381 3569 ⁴

290 3640 304 3685 t
321 3640 391 3702 Opera
402 3652 466 3700 saepo
480 3638 545 3684 citato
559 3654 609 3701 pap.
626 3638 681 3684 275.

290 3708 305 3759 n
321 3716 378 3760 ilino
391 3714 448 3775 lopas
463 3714 538 3761 civile·
554 3712 661 3777 triplicem
676 3714 767 3763 dusaom
788 3726 871 3777 corum,
887 3710 924 3775 qui
939 3711 980 3761 rub
990 3712 1060 3777 patria
1077 3716 1183 3777 poldane
1200 3710 1294 3775 διφυί,

240 3782 375 3851 distinguere
389 3789 478 3853 eolont3
497 3790 554 3837 idest
573 3790 724 3851 infantiam,
747 3790 826 3853 quibus
847 3790 933 3837 nullum
948 3790 1030 3837 larium
1049 3790 1146 3837 cirillum
1165 3789 1297 3836 exucitium

241 3866 381 3929 conceditur3
398 3868 556 3929 impuberum,
572 3866 651 3929 quibus
665 3882 716 3931 pm
727 3871 814 3913 unum
824 3867 943 3931 tribuitur3
960 3872 982 3915 ot
995 3868 1124 3930 misorum,
1136 3866 1230 3929 quiusa
1244 3880 1297 3913 aur*

241 3936 311 4010 plinta
331 3940 420 4003 quidem
434 3940 512 4007 tropum
526 3943 617 4008 iudum,
639 3946 662 3992 ot
676 3958 721 4001 pou
737 3943 843 4011 complue
859 3943 987 4012 duamur,
1002 3944 1072 3995 donec
1092 3942 1181 4011 penitus
1197 3942 1298 3993 munci·

240 4016 330 4092 urr-
