2767 4492
219 247 275 316 122
676 263 804 310 sociere

213 349 427 425 scepticismum
441 349 653 418 obtrudendum
670 347 888 408 ratiocinatione
901 350 1035 422 utuntur,
1052 349 1137 422 atque
1152 345 1216 408 ideo
1230 349 1271 408 il··

213 435 272 495 lius
287 436 346 496 rim
356 439 385 494 et
393 434 535 509 principia
543 449 595 510 pro
605 435 689 493 certis
703 437 862 492 assumunt.
875 431 1064 492 seces-irritos
1073 437 1268 492 consenesc-

214 525 329 592 rerent,
345 533 399 580 nec
413 534 513 580 eorum
531 519 669 580 dubitatio
687 519 821 579 examine
839 517 978 576 niteretur
997 516 1175 591 mediorum,
1192 533 1266 592 quse

216 605 254 663 ad
268 604 496 678 cognoscendum
509 605 659 664 babemus.
675 605 802 678 Itemque
816 605 882 663 cu'm
907 601 1006 660 dicunt
1028 617 1082 662 nos
1096 617 1114 660 a
1128 618 1266 661 sensuum

216 687 354 749 relatione
367 688 475 764 decipi,
494 705 650 764 omnesque
664 690 839 762 cognitiones
853 687 952 746 inania
969 703 1032 746 osse
1045 687 1263 760 phantasmata,

217 788 275 834 noo
285 789 389 848 paucas
399 775 684 847 r'eritatesstotunnt3
701 774 839 832 nimirum
849 773 894 832 sui
905 773 1098 844 existentiam,
1109 771 1265 832 facultates

218 859 424 932 cognoscendi,
443 860 547 919 harum
564 859 838 934 repraesentationes
857 857 986 930 fallaces,
1007 856 1117 915 obiecta
1136 857 1181 915 bie
1203 869 1263 916 nou

217 943 434 1022 respondentia,
450 945 574 1018 alioque,
590 943 695 1018 nribus
709 943 844 1017 petitione
862 940 996 1016 principii
1010 947 1095 1014 otrus
1110 938 1266 1000 sententia·

218 1044 285 1088 rum
299 1045 396 1104 pugna
408 1045 527 1105 peccare
540 1030 710 1104 produntur.

255 1111 326 1176 Tum
338 1116 426 1176 etiam
436 1116 693 1190 argumentatione,
711 1123 743 1175 ut
757 1115 847 1188 aiunt,
864 1115 904 1174 oct
917 1115 1075 1189 manicone,
1092 1113 1266 1189 scepticisml

221 1201 379 1261 adsertores
403 1201 520 1275 coargui
537 1204 672 1276 possrrnt,
689 1215 756 1260 cum
781 1201 810 1260 in
835 1199 898 1275 ipsa
916 1199 1093 1260 dubitatione
1114 1215 1200 1272 cuam
1219 1199 1268 1258 ad·

220 1291 343 1360 struunt,
359 1287 485 1347 veritam
499 1286 700 1346 certitudinem
714 1286 869 1346 includant.
891 1285 1171 1361 condecentem
1185 1285 1267 1360 solet,

219 1372 362 1446 praestitit
374 1374 546 1448 Augustinus
566 1373 612 1432 bis
630 1369 741 1432 verbis:
760 1371 921 1444 «Regulam
941 1372 1047 1446 ipsam,
1064 1385 1152 1446 quam
1170 1369 1266 1444 rides,

223 1479 234 1508 ι
251 1457 369 1532 concipe
383 1457 437 1517 boc
449 1459 551 1517 modo:
567 1458 679 1531 omnis,
694 1457 744 1531 quii
761 1472 792 1516 ee
806 1455 985 1516 dubitantem
1002 1456 1151 1532 intelligit,
1161 1463 1269 1515 'verum
1301 1469 1305 1481 ·

223 1565 235 1591 ι
252 1541 393 1616 iutelligit,
413 1547 443 1601 et
456 1542 492 1601 de
505 1542 560 1600 hac
574 1557 607 1600 re
621 1556 709 1615 quarn
721 1541 854 1616 iutelligit
867 1547 961 1602 certus
976 1547 1031 1615 est3
1049 1542 1084 1601 de
1099 1556 1167 1601 vero
1181 1540 1271 1616 igitur

224 1649 235 1676 ι
253 1631 348 1684 cernis
361 1631 413 1686 est.
430 1627 529 1684 Omnis
544 1626 640 1700 igitur,
658 1627 708 1700 qui
723 1631 821 1685 utrum
835 1627 872 1685 sit
885 1627 990 1688 veritas
1005 1627 1125 1700 dubitat,
1137 1625 1168 1686 in
1183 1641 1214 1684 se
1228 1626 1271 1700 ip-

225 1733 235 1760 α
254 1726 286 1768 so
298 1710 387 1770 habet
399 1725 510 1785 rerum,
526 1712 604 1772 uude
618 1727 676 1771 non
690 1711 814 1785 dubitet;
830 1727 884 1772 nec
898 1713 989 1788 ullum
1005 1727 1105 1772 rerum
1119 1711 1176 1770 nisi
1197 1711 1272 1770 veri-

225 1819 237 1845 «
257 1800 313 1854 tate
328 1810 427 1854 verum
437 1802 490 1855 est.
506 1793 567 1856 Non
579 1796 675 1871 taque
689 1801 799 1871 oportet
813 1813 880 1856 eum
890 1797 925 1858 de
934 1797 1053 1858 veritate
1067 1796 1208 1870 dubitare,
1221 1795 1271 1871 qrri

224 1903 236 1930 a
252 1880 343 1953 potnit
356 1879 557 1956 undecumque
570 1881 703 1940 dubitare
719 1884 743 1940 ⁴.
758 1903 770 1933 υ
789 1881 924 1942 Similiter
942 1899 979 1942 ex
994 1882 1172 1942 dubitatione
1192 1881 1269 1956 ipsa,

221 1979 309 2037 quam
322 1965 439 2040 sceptici
455 1972 578 2040 tuentur,
587 1973 702 2042 sumpto
711 1967 861 2042 principio,
874 1968 1027 2040 monstrari
1040 1973 1133 2042 potest
1142 1982 1191 2026 eos
1205 1981 1273 2026 oon-

222 2047 359 2108 scientiae
374 2051 568 2110 testimouium
583 2052 787 2112 inconcussum
802 2052 925 2126 babere,
942 2057 1027 2127 etque
1042 2053 1106 2112 ideo
1121 2052 1208 2111 alicui
1223 2067 1272 2111 re·

222 2131 301 2191 ritati
314 2133 466 2200 confidere.
483 2136 514 2195 ld
525 2151 589 2196 vero
604 2137 937 2211 scepticismumevertit.
950 2137 1028 2204 Quod
1042 2137 1067 2196 si
1076 2135 1269 2197 conscientiae

223 2215 311 2274 etiam
329 2218 524 2278 testimonium
543 2221 756 2294 detrectabunt,
774 2226 842 2279 bruc
856 2236 895 2280 en
910 2220 966 2280 alia
987 2227 1067 2296 parto
1083 2237 1168 2280 suum
1185 2226 1273 2295 syste-

222 2314 272 2358 ma
285 2300 439 2376 destruent,
452 2314 602 2376 quooenue,
614 2304 785 2364 labefactata
800 2305 983 2378 conscientia,
994 2305 1058 2382 ipsa
1067 2306 1155 2365 etiam
1165 2303 1273 2364 corruit

221 2384 371 2444 dubitatio.
384 2385 456 2460 Ergo
465 2403 522 2461 quo
532 2403 563 2446 se
577 2404 701 2463 cumque
717 2394 837 2463 vertent,
849 2389 997 2464 proprium
1011 2398 1137 2466 systema
1146 2391 1272 2450 diruerit.

223 2469 355 2542 apposita
369 2469 462 2530 Victor
476 2471 591 2530 cousin:
611 2495 622 2525 «
636 2473 689 2541 Qui
703 2473 804 2547 reiicit,
816 2474 927 2548 iuquit,
939 2475 1130 2534 conscientiae
1146 2475 1273 2534 testimo·

228 2575 239 2603 ι
256 2553 348 2626 nium,
359 2554 386 2614 is
400 2555 553 2616 labefactat
566 2556 683 2631 qrridem
693 2559 859 2618 universam
875 2559 1095 2634 philosophiam,
1107 2559 1157 2620 sed
1167 2573 1225 2618 una
1235 2560 1274 2618 si-

225 2660 237 2688 ι
254 2637 316 2695 mul
328 2637 423 2712 ipsum
437 2641 621 2715 sceptismum
638 2643 749 2704 evertit.
766 2645 844 2702 lunc
857 2644 937 2704 enim
953 2643 1003 2704 ubi
1019 2653 1062 2704 eet
1084 2644 1208 2718 amplius
1224 2644 1276 2704 ius

226 2745 238 2773 α
255 2722 420 2782 dubitandi?
432 2725 575 2788 Dubitatio
589 2728 691 2787 saltem
705 2729 855 2788 dubitandi
875 2735 972 2788 actum
987 2730 1131 2804 subaudit,
1143 2730 1197 2790 boc
1211 2729 1277 2789 uni-

227 2829 238 2858 «
255 2821 290 2865 co
302 2807 560 2885 motivoinuixum,
574 2812 650 2887 quod
659 2813 789 2872 eiusdem
800 2813 977 2874 conscientia
991 2813 1142 2874 habeatur.
1159 2814 1192 2873 tlt
1201 2814 1275 2873 baec

226 2913 237 2942 ι
254 2890 317 2964 ipsa
332 2895 515 2968 conscientie,
531 2911 620 2970 quarn
634 2897 832 2970 scepticiemus
841 2899 943 2974 nequit
957 2915 1015 2959 non
1031 2915 1186 2974 agnoscere
1200 2903 1233 2958 ut
1242 2913 1276 2958 ee

226 2995 237 3028 ι
255 2975 392 3051 adstruat,
409 2979 513 3053 ipsum,
532 2981 600 3038 dum
615 2983 787 3057 agnoscitur,
805 2983 890 3058 plane
906 2984 1026 3044 destruit
1041 2987 1092 3044 ².»

260 3058 319 3126 Quo
334 3068 431 3120 autem
440 3069 533 3138 pacto,
550 3065 702 3126 subaudita
716 3069 891 3130 conscientia
900 3084 975 3145 quae
984 3069 1107 3130 dubium
1117 3069 1220 3131 saltem
1230 3083 1276 3130 re·

222 3142 304 3217 ierat,
333 3147 530 3222 scepticismus
543 3150 663 3211 refutari
676 3153 775 3228 possit,
791 3160 876 3229 atque
891 3155 928 3216 ad
942 3153 1130 3216 existentiam
1144 3155 1275 3230 aliquam

270 3368 282 3416 l
302 3372 354 3420 itt.
372 3371 400 3421 do
416 3389 472 3424 vero
487 3376 602 3436 satiatem
619 3394 639 3424 c.
658 3377 698 3442 57,
712 3395 735 3425 n.
747 3379 787 3426 75.

272 3446 289 3491 2
308 3468 317 3490 ι
336 3447 379 3504 Qui
395 3451 470 3512 rsjstte
485 3451 507 3498 ls
522 3453 658 3516 tdmoignsgo
674 3454 702 3500 de
717 3453 738 3501 la
755 3455 881 3503 conscience
896 3455 993 3521 obtima
1006 3459 1023 3506 il
1037 3465 1070 3507 ost
1083 3459 1138 3523 παὶ,
1150 3461 1210 3508 teuto
1224 3457 1278 3522 plri-

229 3537 241 3565 ο
257 3519 365 3588 losoplsie‚
377 3525 433 3572 mais
442 3541 470 3573 en
480 3534 551 3574 meme
566 3533 637 3590 temps
651 3528 672 3575 le
685 3530 820 3592 scepticisme
833 3531 958 3581 lar-memo.
971 3535 1011 3581 Car
1027 3537 1054 3582 orl
1071 3541 1105 3584 est
1120 3535 1177 3584 alors
1187 3537 1207 3582 lo
1219 3535 1280 3581 droit

232 3617 242 3639 ι
261 3597 289 3643 dc
304 3597 397 3677 doubs?
412 3603 493 3650 Douter
509 3601 563 3650 e’est
578 3621 683 3667 supposer
699 3621 727 3651 su
742 3607 814 3652 moins
830 3623 872 3670 que
887 3625 915 3655 on
933 3609 1006 3674 doum,
1024 3627 1064 3674 por
1080 3613 1212 3675 octonique
1228 3625 1281 3657 mo-

233 3690 242 3713 ·
262 3670 297 3734 lii,
307 3673 374 3734 qu’on
390 3692 419 3722 on
434 3693 447 3723 ι
462 3679 602 3743 ecnsdoaco3
619 3684 642 3726 et
657 3685 712 3727 cette
728 3683 863 3746 conscience,
881 3701 922 3747 que
938 3685 959 3732 le
975 3688 1112 3750 scepticisms
1128 3703 1156 3734 no
1172 3691 1225 3750 pent
1240 3699 1281 3750 prs

234 3765 244 3789 ι
263 3762 291 3793 ne
306 3763 346 3811 pos
360 3759 496 3802 munitus
511 3771 567 3818 pour
583 3755 601 3801 s'
611 3757 718 3804 rubricat
734 3758 765 3804 lui
781 3765 862 3823 meurs,
879 3777 906 3808 en
921 3761 937 3809 l’
947 3763 1081 3829 subdunt,
1098 3763 1119 3812 lo
1136 3779 1246 3814 rearorso.
1268 3779 1278 3806 ι

232 3823 318 3886 leem
331 3839 375 3879 ter
390 3829 415 3880 to
426 3832 573 3896 ptttomtto
588 3834 616 3886 de
630 3837 702 3883 dont.
720 3837 792 3889 Arent
805 3853 893 3902 propos.
