2767 4492
236 301 289 364 tet
564 313 792 362 mammemque
804 313 952 360 enecuere
1058 343 1066 354 .

589 499 723 569 cauus
737 441 920 568 ruarmo
995 447 1001 458 ’

493 721 534 769 ne
548 721 727 772 amuranus
741 720 793 771 nar
803 705 1016 772 naseacmvrs.

270 898 410 960 Attribnta
423 899 582 976 respectiva
598 899 803 976 nominantur,
820 918 894 977 quae
909 902 1075 962 relationem
1092 900 1129 960 ad
1142 915 1190 960 res
1204 911 1282 959 crea-

236 985 279 1046 tas
297 986 454 1046 involvunt.
474 985 534 1045 lam
554 1002 606 1062 age
626 986 656 1046 in
675 987 763 1047 rebus
784 987 888 1046 creatis
912 987 965 1046 tria
983 987 1163 1046 considerare
1182 1001 1282 1060 possu-

235 1085 313 1130 mus:
330 1071 521 1145 existentiam,
538 1073 673 1146 actiones,
690 1072 877 1133 directionem
893 1073 924 1131 in
939 1073 1035 1132 linem.
1052 1071 1090 1130 Dc
1105 1072 1162 1131 Deo
1181 1071 1278 1144 igitur,

235 1161 375 1230 quatenus
390 1155 460 1214 haec
475 1155 529 1214 tria
543 1155 669 1232 respicit,
694 1157 880 1216 disseremus.
895 1158 929 1215 At
944 1173 1010 1216 tero
1024 1156 1098 1216 Deus
1112 1155 1143 1215 in
1158 1157 1281 1215 existen

235 1240 305 1299 tiam
319 1245 516 1300 creaturarum
541 1241 635 1300 intluit
655 1243 799 1301 creatione
815 1247 843 1300 et
857 1241 1091 1314 conservatione,
1108 1241 1139 1299 in
1153 1240 1280 1300 actiones

234 1339 385 1399 concursu,
397 1325 429 1386 in
443 1325 533 1384 finem
547 1325 737 1400 providentia.
750 1326 789 1386 De
802 1327 849 1386 tris
863 1327 968 1402 itaque,
981 1326 1072 1387 tribus
1086 1324 1215 1384 articulis
1225 1324 1279 1383 eto·

235 1423 366 1483 quemue.

656 1581 826 1641 Anarcuuus
840 1582 862 1641 l.

341 1727 346 1736 ¹
460 1745 499 1812 lto
514 1767 616 1810 rerum
632 1752 778 1812 ormttooe
792 1759 818 1811 et
836 1750 1061 1813 mruecootiooe.

268 1917 333 1990 leti.
350 1917 390 1979 De
404 1921 555 1981 creationis
569 1937 628 1986 non
642 1922 832 1997 repugnantia
855 1921 1015 1982 abundem
1030 1921 1201 1994 Cosmologia
1223 1920 1281 1979 dis·

236 2005 387 2078 ceruimus,
404 2020 494 2079 coque
512 2007 605 2081 prima
620 2007 695 2066 actio
710 2012 762 2079 est,
779 2022 836 2080 qua
849 2007 924 2066 Deus
937 2007 967 2065 in
992 2023 1088 2068 rerum
1103 2023 1121 2064 a
1134 2021 1166 2065 se
1180 2005 1280 2064 distin·

236 2094 347 2148 clarum
360 2089 543 2150 existentiam
556 2098 700 2166 operatur.
717 2091 807 2151 Ceteri
821 2091 899 2150 enim
915 2091 1060 2164 influxus,
1077 2094 1215 2166 quotquot
1233 2104 1280 2148 co

235 2174 319 2248 gitari
335 2184 461 2248 possunt,
478 2177 650 2236 creationem
664 2180 850 2245 praeeuntem
864 2176 980 2250 habent,
997 2177 1146 2251 ipsamque
1160 2175 1219 2234 iam
1231 2191 1279 2250 po·

235 2257 320 2317 sitam
334 2265 554 2332 consequuntur.
567 2259 699 2320 Proxime
717 2259 827 2320 accedit
840 2260 1026 2333 conservatio,
1037 2276 1111 2334 quae
1125 2275 1200 2334 pene
1214 2274 1280 2318 cum
1378 2310 1379 2313 ,

236 2341 378 2402 amatione
393 2343 585 2418 contunditur,
601 2346 720 2420 eiusque
735 2344 824 2406 ueluti
834 2345 1047 2406 continuatione
1056 2349 1177 2405 constat.
1190 2343 1279 2412 Quare

236 2431 387 2503 utramque
401 2428 449 2490 hic
463 2444 522 2490 una
536 2429 746 2504 coniungimus.

749 2600 771 2662 l.

450 2771 529 2832 Actio
547 2772 678 2833 creatrice
691 2771 821 2848 proprio
839 2772 946 2835 coellet
961 2772 1063 2836 solius.

277 2939 336 3001 tet.
352 2940 430 3011 Quod
446 2943 560 3002 creandi
578 2944 622 3004 vis
634 2941 692 3004 Deo
707 2948 848 3020 competat
870 2950 1016 3020 tamquam
1035 2945 1161 3020 operatio
1185 2959 1281 3020 cupre

236 3039 302 3084 mae
315 3026 391 3085 illius
406 3043 508 3088 causae
518 3030 641 3104 propria,
655 3034 713 3089 tam
724 3031 907 3105 perspicuum
915 3038 967 3105 est,
979 3037 1011 3091 nt
1021 3031 1093 3090 nihil
1103 3046 1200 3105 supra.
1210 3031 1282 3091 Nam

240 3111 375 3184 operandi
391 3114 492 3172 modus
506 3114 647 3174 existendi
662 3117 780 3175 modum
794 3116 932 3190 sequitur.
955 3117 1086 3191 Operatio
1105 3117 1185 3175 enim
1199 3131 1217 3173 a
1230 3129 1282 3172 na·

238 3201 303 3254 tura
316 3195 515 3272 proficiscitur,
532 3204 616 3274 atque
630 3199 694 3260 ideo
709 3200 858 3275 principio,
870 3202 946 3261 uude
960 3201 1084 3276 protluit,
1096 3199 1280 3260 assimilatur.

237 3283 270 3340 tt
284 3297 351 3340 vcro
364 3280 439 3341 Deus
454 3283 584 3342 absolute
600 3284 725 3357 undique
739 3286 843 3358 gaudet
856 3286 1017 3359 existentia,
1030 3301 1103 3360 quae
1119 3301 1156 3344 ex
1168 3298 1203 3341 re
1215 3282 1283 3339 uul-

239 3363 268 3424 la
288 3365 343 3424 sihi
365 3371 483 3426 exmrua
501 3368 624 3427 nectitur
645 3374 694 3426 aut
712 3370 825 3442 pendet.
846 3370 918 3444 Ergo
937 3372 1000 3430 eius
1017 3370 1142 3445 operatio
1160 3366 1224 3426 talis
1242 3366 1285 3425 sit

237 3457 361 3526 oportet,
377 3457 410 3510 ut
423 3467 461 3510 ex
478 3451 556 3510 nulla
571 3469 603 3511 re
618 3457 700 3512 extra
718 3453 808 3512 Deum
822 3456 914 3528 posita
931 3461 1062 3515 nectatur
1082 3461 1131 3514 aut
1151 3452 1287 3528 pendeat.

238 3535 294 3607 nge
309 3551 386 3611 nunc
400 3535 532 3610 quisnon
546 3536 629 3609 videt,
646 3538 787 3597 actionem
802 3539 890 3612 illam,
904 3556 977 3614 quae
992 3541 1202 3615 praeiacentem
1223 3551 1288 3596 ma·

238 3619 339 3678 terium
355 3621 478 3695 postulat
492 3637 529 3680 ex
544 3637 633 3696 eaque
643 3623 748 3682 conflat
765 3624 911 3700 ellectum,
928 3627 1077 3685 relativam
1090 3639 1223 3687 essenon
1238 3622 1289 3681 an

240 3699 376 3778 solutam,
393 3705 498 3779 quippe
517 3707 640 3780 quaerei
656 3709 785 3782 cuidam,
803 3725 889 3782 quam
907 3711 1054 3783 subaudit,
1071 3708 1219 3784 alligetur?
1238 3707 1291 3764 Er·

237 3800 288 3859 go,
312 3786 368 3846 nisi
385 3788 475 3849 Deum
495 3789 606 3850 actione
629 3791 690 3850 eius
714 3799 832 3852 natiuae
852 3809 979 3868 congrua
999 3795 1122 3870 spoliare
1143 3792 1289 3867 uelimus,

237 3869 282 3930 vis
296 3869 452 3934 effectuum
465 3874 676 3937 educandorum
692 3891 709 3936 e
723 3875 813 3937 nihilo
828 3878 979 3940 tribuenda
992 3881 1047 3956 ipsi
1060 3886 1113 3942 est.
1217 3933 1238 3966 0
