2767 4492
402 314 486 382 'rans
501 301 849 386 namna-rsl'crroaoem
1103 327 1154 386 ii'

105 427 237 499 claretur,
258 439 328 498 opus
343 428 385 482 est
401 421 627 480 animadvertere
637 425 807 482 memoriam
821 441 857 484 ex
873 423 980 498 duplici
995 425 1051 484 alia
1065 426 1153 486 lacnl-

105 517 161 570 tate
183 511 324 584 pondero,
346 507 505 566 attentione
528 505 666 564 nimirum
689 513 718 565 et
739 510 927 570 associatione
948 511 1096 585 ideamm3
1117 515 1152 573 dc

104 597 209 670 quibus
223 595 317 669 aliqua
331 593 456 652 breviter
470 591 616 649 innuenda
632 597 715 665 suut3
733 599 885 667 antequam
895 596 1021 670 modum,
1038 613 1095 672 quo
1109 599 1152 658 illi

104 680 288 755 opitulantur,
311 679 508 752 explanamus,

140 765 183 823 7³.
204 765 324 824 attentio
340 763 529 823 communiter
542 762 656 820 deliniri
666 763 738 821 solet
747 763 920 822 uoluntaria
929 768 1077 840 quamam
1087 771 1150 830 ani-

101 850 146 908 nti
160 851 199 908 ad
214 850 355 908 obiectam
377 847 499 922 aliquod
522 847 689 922 applicatio.
715 847 769 905 Sed
784 848 920 920 quoniam
934 851 966 907 in
980 853 1149 924 cogitatione

102 936 202 1010 quavis
217 935 321 1009 gradus
337 933 438 1006 aliquis
455 931 618 990 attentionis
628 931 724 990 inesse
734 931 856 1004 ridetur,
871 932 943 992 haec
958 935 1088 1007 ampliori
1103 938 1149 995 de-

100 1021 231 1079 linitione
247 1018 369 1078 describi
383 1021 478 1090 posset
493 1017 540 1087 ita,
563 1020 593 1074 ut
608 1031 670 1074 esse
685 1015 797 1074 dicatur
812 1015 931 1076 directio
947 1019 1095 1093 quaedam
1109 1036 1151 1076 co-

99 1104 243 1178 gnitionis
264 1119 327 1178 qao
343 1102 463 1160 artinas
478 1109 553 1158 certo
569 1099 752 1157 adhaerescit
773 1098 887 1158 obiecto.
911 1101 980 1160 ilum
994 1119 1061 1163 vero
1076 1105 1149 1163 aius-

100 1191 179 1248 modi
189 1189 359 1262 cognitionis
369 1187 487 1245 directio
499 1185 671 1243 voluntatem
684 1184 728 1240 rel
739 1189 916 1244 antevertere
932 1188 976 1246 rol
990 1190 1071 1263 sequi
1086 1207 1150 1264 pos·

99 1275 155 1347 sit3
177 1274 293 1333 attentio
307 1271 472 1344 dispartitur
486 1269 517 1325 in
531 1283 610 1326 mere
622 1276 816 1342 spontaneam
830 1285 881 1327 seu
896 1270 1055 1341 directa-nr,
1077 1281 1105 1332 et
1120 1276 1150 1333 in

99 1358 307 1417 veteratoriam
318 1373 369 1414 seu
379 1355 529 1428 redonam.
542 1353 684 1426 Superior,
701 1353 863 1411 remissiore
873 1353 973 1412 saltem
983 1356 1077 1430 aliquo
1087 1374 1150 1430 gra-

100 1443 159 1515 du,
177 1439 333 1515 quamlibet
348 1437 547 1512 cogitationem
571 1437 676 1510 allicit,
697 1439 834 1510 posterior
852 1439 968 1497 nonnisi
989 1456 1056 1515 eas,
1077 1459 1150 1514 quae

101 1543 139 1586 ex
156 1525 307 1584 voluntatis
327 1523 562 1582 determinatione
584 1527 768 1594 peraguntur.
790 1522 823 1579 Ut
837 1522 958 1595 quisque
972 1524 1066 1597 videt,
1088 1527 1150 1586 eius

99 1611 224 1669 intensio
239 1609 433 1680 maximopere
455 1606 587 1664 subvenit
606 1607 642 1664 ad
664 1606 755 1664 claras
770 1609 798 1662 et
812 1606 959 1666 distinctas
979 1609 1058 1667 ideas
1074 1625 1149 1669 com-

98 1696 252 1770 parandae.
269 1693 327 1752 Nisi
342 1691 420 1749 enim
434 1690 563 1748 obtutum
584 1691 615 1748 in
635 1690 746 1748 oltiecto
769 1691 919 1764 diligenter
933 1693 1073 1767 ligamuS,
1101 1697 1150 1756 vix

99 1784 150 1839 aut
166 1779 264 1838 uarix
280 1777 395 1851 quidem
409 1774 480 1832 illud
495 1773 674 1847 perspicitur,
692 1773 738 1832 rel
753 1775 853 1832 saltem
869 1775 986 1836 coniusa
996 1779 1150 1839 admodum

97 1863 208 1922 ratione
223 1861 370 1934 cogitatur.
400 1858 470 1938 Quia
486 1873 552 1916 uero
568 1858 699 1931 plurilrus
713 1859 840 1918 intentus
855 1861 968 1920 animus
983 1863 1149 1934 debiliorem

98 1948 159 2007 vim
173 1947 301 2019 adiungit
315 1943 455 2018 singulte,
473 1942 578 2001 idcirco
595 1949 637 2000 est
656 1949 687 2001 nt
703 1960 758 2016 quo
773 1944 865 2018 magis
880 1946 1075 2020 multiplicitas
1090 1967 1148 2007 crc-

99 2032 153 2090 sclt
167 2031 285 2102 obiecti,
307 2047 340 2089 eo
355 2029 418 2102 plus
433 2043 484 2102 pro
500 2027 628 2100 partibus
644 2029 791 2087 minuatur
810 2030 945 2104 attentio,
967 2036 995 2089 et
1008 2032 1145 2091 ricis'sim.

99 2117 191 2185 Quare
204 2120 236 2173 ut
250 2114 431 2186 complexum
441 2112 584 2169 obiectum
594 2113 931 2187 disliucleperspiciatur,
943 2130 1014 2190 opus
1024 2122 1067 2176 est
1081 2133 1148 2176 ana-

98 2200 173 2274 lpsi,
190 2204 223 2256 ut
237 2196 399 2256 avocatione
415 2195 518 2252 mentis
534 2201 680 2269 separatae
695 2201 789 2269 partes
805 2213 932 2256 seorsum
947 2199 1074 2274 singulae
1088 2218 1147 2260 me-

99 2285 157 2342 lius
172 2281 397 2340 considerentur.
417 2279 502 2336 Porro
517 2279 583 2337 hinc
598 2280 702 2337 mentis
727 2282 816 2339 oritur
835 2283 996 2357 meditatio,
1016 2301 1089 2360 quae
1103 2288 1147 2344 ni-

97 2368 141 2426 lril
157 2373 199 2426 est
214 2364 291 2423 aliud
313 2379 400 2436 quam
420 2363 561 2436 profunda
584 2365 724 2437 quamam
746 2372 774 2424 ct
787 2365 888 2426 iterato
907 2369 1012 2427 mentis
1030 2372 1147 2428 attentio

97 2454 210 2512 obiecto
228 2451 384 2509 voluntarie
401 2449 537 2507 adhibita.
555 2449 722 2512 lluiusvero
734 2454 867 2526 frequens
878 2456 1043 2514 exercitatio
1055 2457 1146 2512 scicn-

98 2538 170 2596 tlam
184 2536 330 2596 etmentis
353 2535 577 2610 penetrationem
601 2537 700 2610 gignit.
723 2539 813 2606 Quare
837 2539 1031 2610 maximopere
1046 2555 1147 2612 procu·
1243 2581 1247 2586 -

97 2623 189 2681 rande
204 2626 264 2697 est,
286 2621 309 2680 si
331 2621 394 2694 quis
417 2621 551 2681 discendo
566 2623 704 2696 proficere
719 2625 796 2683 velit.
818 2623 896 2692 Quod
910 2627 941 2681 ut
954 2625 1023 2690 liat,
1044 2638 1147 2683 carison

97 2708 174 2766 unde
189 2707 311 2780 pendet,
332 2707 519 2764 animadverti
535 2707 647 2765 debent.
668 2709 773 2765 Earum
788 2714 883 2766 antem
898 2725 956 2766 rina
971 2715 1013 2766 est
1026 2709 1147 2766 viridior

99 2806 132 2849 ac
146 2791 285 2865 potentior
304 2791 377 2848 actio
398 2791 519 2861 obiecti,
541 2793 658 2862 eiusque
680 2792 841 2861 praesentia
856 2797 883 2846 et
898 2793 1019 2848 novitas.
1040 2792 1146 2847 lleinde

97 2875 243 2948 ‹lispositio
263 2872 403 2944 quaedam
418 2873 526 2944 animi,
548 2874 597 2944 qui
612 2873 642 2927 in
659 2872 926 2944 contemplationem
941 2873 1016 2929 hane
1030 2873 1144 2945 polius,

96 2973 184 3032 quam
200 2957 284 3012 eliam
300 2955 380 3010 valde
395 2955 588 3026 propendeat,
609 2954 654 3010 vel
669 2969 737 3024 erga
752 2955 914 3027 obiectum,
935 2956 965 3012 in
981 2972 1038 3031 quo
1052 2972 1146 3015 versa·

99 3047 162 3113 tur,
183 3038 256 3096 bone
271 3037 389 3093 allectus
405 3036 451 3093 sit.
473 3037 526 3093 Sed
545 3035 692 3108 potissima
715 3051 803 3096 causa
816 3039 999 3099 attentionem
1015 3044 1046 3101 in
1065 3041 1147 3099 noltis

97 3124 227 3184 alliciens
248 3121 278 3178 in
297 3119 440 3178 voluntate
456 3120 510 3177 sita
523 3126 586 3191 est,
613 3134 685 3192 quae
702 3120 809 3178 mirum
827 3124 857 3180 in
873 3125 989 3183 modum
1004 3128 1040 3184 ad
1055 3125 1147 3183 carisi-

98 3208 274 3268 derationem
293 3203 382 3262 animi
404 3203 440 3262 ab
462 3203 572 3262 obiecto
588 3203 781 3278 evocandam,
807 3206 853 3264 rel
867 3207 903 3265 ad
918 3209 995 3268 idem
1010 3223 1145 3267 revocan-

100 3295 163 3352 dam
181 3291 275 3366 pollet.

132 3377 176 3435 tt.
196 3377 234 3436 Λᾶ
255 3374 471 3434 associationem
490 3389 557 3434 vero
577 3375 707 3434 ideamm
726 3376 803 3451 quod
822 3377 940 3451 attinet,
956 3378 1011 3437 lroc
1031 3378 1147 3436 nomino

98 3473 250 3537 usurpatur
265 3459 410 3519 vinculum
426 3459 514 3534 illud,
532 3475 606 3534 quo,
623 3467 655 3520 ut
670 3462 849 3535 experientia
865 3467 1004 3536 testatur,
1021 3463 1103 3522 ideae
1118 3463 1149 3521 in

98 3547 181 3606 nobis
190 3546 261 3606 aliae
276 3562 312 3604 ex
328 3544 391 3603 aliis
401 3549 553 3604 nectuntur
563 3546 612 3618 ita,
626 3551 656 3604 ul
671 3562 730 3604 una
744 3546 863 3606 alteram
873 3553 1065 3621 consequatur
1074 3547 1148 3606 eius·

100 3647 155 3706 que
170 3632 341 3690 adminiculo
360 3636 517 3690 revocetur.
542 3633 616 3690 llaec
637 3647 699 3690 esso
718 3638 810 3705 potest
829 3634 874 3692 vel
894 3632 1031 3692 naturalis
1046 3633 1090 3691 vel
1104 3649 1149 3692 ar·

98 3715 237 3789 lritraria,
253 3721 336 3788 prout
349 3715 395 3774 vel
414 3716 451 3774 ab
467 3715 528 3790 ipsa
542 3715 583 3774 rei
598 3721 702 3775 natura
720 3717 765 3776 rel
785 3733 802 3774 a
820 3718 910 3776 lulrito
929 3717 1149 3777 tundamentum

100 3798 211 3871 accipit.
227 3799 353 3856 Primum
368 3799 493 3872 quidem,
512 3799 579 3872 quia
594 3815 660 3860 cum
674 3800 743 3860 ordo
757 3801 858 3860 idealis
873 3800 945 3860 reali
960 3802 1143 3877 respondeam

101 3881 169 3944 ltine
185 3883 216 3940 irt
233 3887 271 3950 ut,
285 3883 522 3958 quemadmodum
538 3899 583 3944 res
599 3886 766 3960 cognatione
782 3884 878 3960 aliqua
893 3891 921 3944 et
934 3902 1013 3946 nexu
1027 3886 1102 3946 inter
1117 3901 1147 3945 so

898 3969 915 4029 t
