2767 4492
258 345 310 404 338
633 367 635 371 ’
693 355 855 401 suenrus

256 441 443 512 biberamque
456 439 637 499 alliciendam
651 440 795 513 perpetuis
809 438 931 497 stimulis
944 443 1048 498 natura
1070 440 1226 515 compellit.
1241 441 1290 505 lie·

258 539 314 597 que
328 524 357 582 id
371 523 486 582 isliuctu
501 523 666 595 dumtaxat,
682 523 733 580 sed
746 523 809 596 ipso
826 537 939 595 quoque
956 523 1110 582 dictamine
1127 525 1233 584 nititur
1247 543 1289 586 ra-

258 608 355 680 lionis,
372 621 444 679 quae
459 606 495 666 ad
508 606 657 679 pacificam
672 609 702 664 et
715 605 874 664 ordinatam
892 605 1056 664 societatem
1069 612 1127 665 non
1140 608 1244 676 leolum
1255 623 1289 668 ex
1372 618 1381 639 ⁴

256 690 411 750 indiuiduis
426 690 475 749 sed
489 705 527 750 ex
546 688 710 748 nationibus
723 688 810 747 etiam
828 688 990 748 habendam
1010 690 1198 749 uehementer
1211 692 1290 752 incli-

256 778 316 832 nat.
332 773 391 834 llun
409 774 487 832 enim
505 772 586 832 aliter
603 773 728 846 perlecta
747 771 927 830 voluntatum
946 773 1095 831 corcordia
1113 777 1143 832 et
1161 774 1291 834 omnium

257 858 428 932 conspiratio
445 857 487 926 ad¹
499 856 630 916 eamdem
648 861 677 914 et
695 869 878 914 communem
897 854 1064 915 felicitatem
1084 856 1292 930 proetnaudam

258 942 380 1002 obtineri
393 945 494 1015 potest.

292 1027 366 1084 llaec
380 1039 453 1098 quae
466 1024 565 1083 leviter
578 1023 768 1083 consideranti
780 1024 871 1085 otiosa
884 1023 1058 1098 speculatio,
1074 1023 1232 1084 eminuerit
1245 1025 1292 1083 ad·

256 1108 433 1168 numeranda
446 1108 540 1181 putari
554 1111 657 1180 potest,
673 1120 732 1164 non
749 1106 790 1164 ita
807 1105 951 1164 videbitur
968 1107 1020 1179 iis,
1037 1107 1088 1180 qui
1105 1107 1290 1181 pmlundiore

257 1191 349 1250 studio
363 1205 480 1250 ameum
501 1189 644 1248 civilitatis
664 1189 807 1247 bumauae
828 1190 1066 1263 contemplantem.
1083 1191 1112 1249 Si
1131 1205 1201 1251 vera
1215 1190 1293 1264 loqui

256 1274 403 1346 uolumus,
419 1273 472 1332 elsi
486 1272 649 1332 rudioribus
663 1271 803 1330 aetatibus
817 1271 931 1330 nubum
944 1273 990 1330 vel
1004 1273 1063 1332 lere
1075 1274 1191 1332 nullum
1209 1275 1295 1334 buius

257 1371 377 1430 magnae
391 1356 609 1415 consociationis
622 1353 773 1426 resumam
784 1354 929 1427 extiterit3
943 1369 979 1413 ea
992 1360 1088 1414 tamen
1097 1371 1165 1414 curm
1178 1357 1295 1430 populo

255 1455 320 1499 urm
335 1439 446 1499 cultura
459 1438 597 1510 inchoari,
611 1437 744 1511 progredi
757 1442 786 1494 et
799 1437 964 1496 adolescere
972 1438 1036 1496 uisa
1048 1444 1101 1497 est.
1117 1437 1295 1511 &quamvis

256 1523 325 1582 uitio
339 1527 497 1596 temporum
512 1535 661 1594 nunquam
677 1533 775 1578 veram
788 1519 911 1577 lormam
925 1525 954 1578 et
967 1519 1099 1578 stabilem
1111 1521 1296 1581 uiolentiam

257 1605 397 1678 aldgerit3
413 1603 509 1677 aliqua
518 1603 734 1662 tumcnrutione
743 1602 835 1674 riguit
844 1602 1023 1676 temporibus
1035 1609 1096 1662 tum
1104 1605 1220 1664 mmani
1235 1609 1296 1664 turn

257 1687 331 1746 sacri
345 1687 469 1760 imperii,
484 1701 518 1745 ao
532 1700 610 1744 nunc
625 1685 713 1744 eliam
725 1684 892 1757 imperfecte
907 1684 1008 1743 saltem
1025 1687 1216 1745 adumbratur
1229 1702 1295 1748 con·

257 1786 342 1830 sensu
364 1776 392 1828 et
411 1769 664 1829 deliberationibus
685 1768 904 1840 praecipuorum
925 1773 1124 1840 regnorumet
1142 1775 1297 1843 systemate

256 1855 305 1914 illo
318 1854 441 1928 politico,
453 1867 511 1925 quo
525 1850 748 1924 aequilibrium,
764 1855 798 1909 ut
810 1854 913 1910 vocant
922 1864 1103 1926 eumaeum
1113 1852 1298 1926 potissimum
1379 1914 1380 1919 ,

256 1943 423 2011 procuratur
438 1938 463 1994 ⁴.

291 2021 351 2079 lam
365 2031 432 2076 vero
446 2017 471 2075 si
485 2017 515 2075 id
529 2017 669 2075 bacteuue
684 2016 821 2089 obtinuit,
837 2031 905 2075 uum
918 2017 1068 2076 namnum
1091 2017 1250 2078 relationes
1262 2020 1301 2079 ob
1366 2038 1381 2084 a

256 2103 405 2176 romonum
418 2099 582 2160 muudum
595 2105 623 2158 et
637 2100 930 2159 communicationum
950 2101 1124 2173 paucitatem
1144 2115 1205 2160 non
1228 2103 1301 2161 adeo

257 2182 472 2241 arctisriuculis
482 2181 689 2255 alligabantur3
701 2182 770 2255 quid
781 2182 990 2254 expectandum
1004 2182 1059 2241 erit
1074 2182 1221 2256 deinceps,
1233 2198 1301 2243 urm

257 2267 314 2324 ium
329 2265 564 2324 commerciorum
578 2265 736 2339 amplitudo
749 2279 848 2324 omnes
857 2265 917 2324 lere
930 2270 1029 2338 geues
1042 2265 1119 2324 iuter
1132 2280 1165 2324 se
1175 2266 1301 2325 nomene

256 2347 295 2407 rit
305 2343 336 2408 'ct
349 2349 590 2422 pyroscapuorum
611 2348 960 2421 tonsuramquesiarum
980 2347 1112 2407 celeritas
1131 2348 1302 2409 disiunctio

257 2445 323 2492 uem
336 2431 464 2490 locurum
481 2433 542 2490 lere
555 2445 671 2505 proruis
685 2431 840 2489 ademerit?
853 2431 904 2489 ilis
917 2430 993 2489 adde
1003 2431 1241 2490 recentissimum
1257 2433 1301 2491 in-

257 2519 373 2574 ventum
388 2514 543 2588 ulagraplu
557 2512 700 2586 electrici,
717 2528 774 2586 quo
787 2513 821 2571 lit
834 2517 866 2571 ut
879 2513 1029 2573 velocitate
1044 2513 1117 2573 lucis
1136 2514 1263 2575 notitiae
1275 2521 1304 2574 et

301 2683 312 2730 l
331 2683 401 2728 liuius
414 2681 538 2744 aequilibrli
555 2680 668 2728 notionem
681 2681 715 2727 sia
734 2671 919 2728 ambulatet:
939 2699 949 2722 ι
967 2681 1083 2743 L'Europe
1095 2679 1137 2727 lut
1151 2695 1185 2727 ιι
1206 2684 1306 2744 cyatho

259 2776 268 2800 ι
285 2755 400 2818 politiqes,
416 2771 448 2802 ιι
457 2771 520 2817 corpe
534 2756 562 2800 od
573 2758 621 2801 tout
634 2759 667 2800 eal
682 2754 712 2800 lio
721 2769 761 2817 par
770 2755 803 2801 lea
818 2755 923 2801 relation
937 2760 960 2801 el
969 2755 1042 2804 dirus
1054 2756 1145 2801 interea
1159 2755 1200 2801 des
1210 2755 1307 2802 ΝΜ

259 2850 267 2870 ι
286 2829 323 2891 qni
338 2828 438 2876 habitent
447 2833 502 2874 cetto
516 2829 586 2890 partio
601 2827 630 2873 ‹ln
640 2829 775 2888 monde.'Ce
784 2827 847 2874 rr'est
860 2828 919 2890 plus,
932 2843 1015 2876 domme
1029 2833 1102 2876 ulra
1116 2827 1169 2889 loia,
1190 2843 1227 2874 ιι
1245 2843 1308 2876 anes

259 2924 270 2962 ιγ
286 2901 363 2950 cunina
378 2903 405 2949 de
420 2903 492 2964 plicas
507 2902 619 2965 insoleus,
639 2902 693 2948 dont
713 2902 809 2950 ὠιιιιι
825 2918 849 2949 se
863 2904 947 2966 croyait
964 2919 1008 2965 peu
1022 2903 1140 2949 intlaesaee
1154 2917 1184 2948 ιι
1198 2907 1251 2949 sort
1268 2903 1309 2950 dc

259 2996 267 3018 ι
287 2980 359 3024 autres
372 2981 395 3022 ol
404 2991 427 3022 se
441 2977 526 3022 mellail
539 2980 648 3022 reremenl
663 2991 698 3022 en.
707 2976 774 3038 peine
783 2976 811 3023 de
824 2978 896 3038 ceqni
912 2993 941 3023 ue
954 2977 977 3022 la
993 2976 1090 3022 mucltail
1103 2991 1143 3038 pas
1161 2976 1309 3024 immediato-

260 3069 267 3092 ·
285 3053 353 3096 ment.
370 3048 508 3095 L'allentlon
523 3047 655 3097 contiunelle
675 3049 714 3096 des
728 3052 853 3097 mnreraina
869 3054 882 3096 l
897 3055 946 3097 toul
961 3066 986 3096 ce
1001 3051 1040 3112 qm'
1055 3065 1078 3096 re
1096 3065 1169 3112 passe,
1184 3049 1222 3097 lea
1237 3051 1310 3097 nini·

259 3143 268 3164 ι
286 3129 341 3170 atres
355 3123 452 3184 toujonrs
467 3123 575 3185 residens,
590 3123 622 3169 les
637 3124 781 3184 niqolialiuns
796 3123 950 3187 perpetualia,
966 3123 1016 3170 loni
1031 3121 1059 3169 de
1073 3117 1183 3185 l'ltu‘rops
1196 3125 1312 3172 ιιοδσιι

260 3217 268 3241 ι
287 3213 331 3244 uns
345 3201 421 3260 sepiae
436 3197 464 3244 de
479 3196 617 3260 republiqne,
634 3197 688 3243 dont
703 3197 736 3244 les
746 3198 855 3244 membres
869 3197 1031 3260 independens,
1046 3198 1102 3244 maia
1114 3197 1156 3243 tlt·
1165 3212 1209 3258 per
1224 3198 1311 3245 Plate-

260 3291 268 3314 ι
287 3277 321 3318 rel
334 3286 446 3333 commun,
462 3286 485 3317 ss
498 3271 624 3317 renuissent
637 3287 692 3333 pour
703 3287 717 3333 q
730 3272 849 3318 mainlenir
864 3271 953 3318 l’ordre
962 3276 984 3318 el
996 3271 1020 3318 la
1032 3265 1190 3317 lebetib'ss'esl
1204 3285 1235 3317 ιι
1243 3272 1287 3334 qni
1301 3284 1315 3317 a

259 3367 268 3388 ι
287 3345 360 3392 donni
373 3345 487 3392 ιιὶιιιιω
502 3347 582 3392 lustte
595 3345 692 3392 lamense
709 3344 758 3391 ideo
774 3345 801 3392 de
819 3345 842 3392 le
855 3345 945 3392 bulanu
960 3344 1076 3407 palliique,
1091 3360 1122 3392 ιι
1134 3343 1164 3390 de
1173 3344 1314 3408 l’kqnilibn

260 3441 269 3464 ι
288 3421 318 3467 du
328 3421 426 3482 pueroli.
443 3421 478 3466 On
492 3417 623 3482 entendpar
637 3419 658 3466 ll
672 3434 718 3476 up·
732 3420 862 3482 disposition
877 3417 915 3466 dea
934 3419 1012 3466 claues
1025 3434 1053 3467 ιι
1068 3432 1149 3481 moyen
1166 3419 1195 3465 da
1210 3419 1316 3482 hqnffle

261 3515 269 3537 ι
289 3509 372 3542 aucune
382 3495 500 3558 palasance
516 3509 544 3541 na
555 3509 579 3540 ea
593 3499 667 3541 lroure
682 3509 710 3541 eu
726 3497 771 3540 dtal
784 3495 965 3557 ‹le-prddominar
980 3493 1126 3556 absolonem,
1137 3498 1162 3538 ol
1171 3493 1202 3540 da
1217 3494 1280 3541 lain
1291 3493 1318 3540 l·

261 3589 269 3611 ι
287 3569 318 3615 loi
332 3584 374 3616 ιιι
389 3573 469 3617 tubes.
486 3572 518 3616 Le
532 3570 596 3616 droit
609 3569 648 3616 dee
663 3583 726 3627 psat.
744 3573 761 3614 t.
779 3569 803 3631 2,
818 3569 858 3618 lis.
874 3569 898 3631 b,
909 3568 944 3615 ab.
957 3569 981 3631 tt,
996 3567 1022 3632 ὅ.
1040 3569 1080 3614 ti.
1094 3567 1125 3613 Ul
1135 3566 1204 3616 heile
1218 3568 1318 3630 papi·

258 3646 323 3708 titur,
338 3645 445 3692 eiusmodi
459 3644 621 3706 aequilibrium,
633 3644 810 3706 quotiescumque
823 3644 872 3691 aine
887 3642 1159 3706 praesidioconseienlias
1173 3643 1318 3690 estubili-

257 3725 305 3782 tur,
323 3713 442 3770 aliud'non
456 3723 489 3766 est
502 3719 638 3782 quidquam,
656 3733 722 3780 ςιιιι
739 3718 832 3765 imita&
847 3718 953 3780 quaeadm
969 3719 1092 3780 spalmis
1113 3716 1319 3766 oonslilnlieulis

258 3793 328 3853 quoad
342 3797 440 3840 mutuam
455 3793 601 3840 resistentiam
614 3793 694 3840 virium
709 3793 866 3856 oppositarum,
882 3807 923 3840 neo
933 3792 1044 3858 effectum,
1056 3807 1123 3856 ςιιιι
1135 3791 1256 3856 intandb,
1267 3806 1320 3841 st·

260 3865 339 3926 tietur3
355 3867 398 3914 nisi
411 3867 554 3916 reverentiam
568 3869 611 3916 itali
626 3867 723 3919 (labiim
736 3872 860 3917 comisator
876 3865 989 3930 adiungat.
