2767 4492
207 325 261 384 ‘236
535 328 923 388 normarsrosnsrnannrs

207 421 315 480 tionem
328 416 487 488 includunt,
499 415 535 472 ad
545 413 737 488 operationem
751 412 875 471 hominis
890 411 1069 486 dirigendam
1084 419 1251 472 convertan-

207 510 270 576 tur,
288 502 392 562 iudicia
402 499 526 573 practica
536 514 586 556 seu
598 498 731 555 veritates
745 497 776 554 in
791 497 891 555 ordine
905 511 1018 555 morum
1034 496 1248 556 ministrabunt.

207 588 252 646 Sic
267 584 454 661 metaphysica
469 588 618 657 postquam
632 581 722 639 Deum
736 581 925 654 contemplata
945 586 998 652 est,
1014 581 1039 638 si
1054 581 1173 641 ulterius
1188 597 1251 654 gra-

209 671 302 730 diatur
322 671 356 728 ad
372 665 608 727 considerandum
626 664 695 737 quid
712 664 875 723 faciendum
890 664 974 723 nobis
988 664 1025 722 sit
1039 670 1071 722 ut
1083 665 1125 723 illi
1140 666 1252 724 assimi-

208 755 301 813 lemur
310 759 338 812 et
348 753 523 827 placeamus,
536 765 571 808 cx
583 747 758 822 speculativa
773 748 867 806 evadit
881 748 1008 821 practica
1022 753 1107 821 atque
1119 747 1151 806 in
1165 749 1252 808 liora-

210 838 267 897 lem
283 837 464 897 convertitur.
1236 891 1240 897 .

243 921 318 989 Quae
333 936 399 979 cunr
413 919 453 978 ita
468 919 541 992 sint,
558 917 703 991 sapienter
717 917 745 975 S·
762 918 882 975 Thomas
896 916 1053 990 generatim
1067 917 1189 976 essendi
1202 917 1252 976 dn·

206 1006 272 1079 plici
288 1006 333 1064 vla
348 1019 430 1079 posse
444 1003 591 1062 hominem
605 1003 636 1060 in
651 1003 843 1075 cognitionem
857 1017 955 1059 rerum
970 1001 1123 1059 devenire:
1137 1002 1253 1075 propria

207 1089 347 1148 industria
357 1095 384 1148 et
394 1087 567 1162 magisterio.
580 1086 630 1145 Est
644 1086 754 1162 dapne
767 1085 874 1144 nouas
891 1083 1065 1158 acquirendi
1081 1086 1251 1144 scientiam:

207 1189 287 1232 nans
310 1171 431 1247 qnando
454 1170 606 1230 naturalis
625 1171 703 1230 ratio
719 1187 774 1245 per
792 1170 919 1245 seipsam
937 1169 1050 1228 devenit
1067 1169 1101 1228 in
1117 1170 1253 1244 capnitio·

207 1273 275 1316 nem
291 1258 477 1331 ipnotornm,
499 1264 525 1314 et
546 1256 592 1313 llio
612 1254 718 1312 modus
733 1253 845 1313 dicitnr
864 1254 993 1312 inventio
1004 1273 1014 1326 ;
1032 1254 1110 1312 alias
1131 1254 1252 1328 qnando

208 1341 322 1399 ruenni
339 1339 477 1398 naturali
493 1339 605 1412 aliquis
625 1339 756 1397 caterina
776 1337 1026 1410 adminiculatur,
1042 1345 1068 1396 et
1084 1338 1132 1396 hic
1148 1339 1254 1398 andos

209 1425 321 1484 dicitnr
340 1424 498 1499 disciplina
513 1426 538 1481 l.

245 1511 374 1567 Attamen
390 1524 427 1567 ex
442 1525 475 1567 eo
491 1509 566 1582 qnod
582 1523 664 1566 mans
679 1507 806 1566 humana
821 1508 881 1566 suis
895 1506 1005 1565 viribus
1018 1512 1109 1580 potest
1124 1508 1255 1568 veritates

210 1593 320 1667 aliquas
335 1593 365 1651 in
380 1592 479 1651 ordine
499 1599 559 1650 tum
578 1592 751 1665 speculativo
774 1598 835 1649 tum
857 1591 981 1665 practico
1002 1591 1150 1664 detegere3
1171 1593 1255 1649 stulte

210 1680 364 1738 inlerretur
384 1679 516 1737 inutilem
537 1679 625 1736 luisse
647 1679 776 1736 divinam
792 1677 1011 1737 Revelationem.
1028 1679 1097 1735 Nam
1113 1675 1255 1736 Revelatia

210 1763 265 1821 duo
280 1775 385 1836 genere
400 1762 548 1820 veritatum
565 1761 695 1836 respicit,
712 1761 951 1835 supernaturales,
968 1762 1005 1818 ad
1020 1777 1090 1835 quas
1106 1777 1189 1819 mens
1204 1761 1256 1818 lru·

209 1862 297 1904 mana
312 1861 460 1918 assurgere
477 1845 592 1918 neauil;
609 1852 637 1904 et
651 1847 816 1919 naturales,
833 1846 868 1904 ad
883 1861 954 1920 quas
969 1861 1050 1903 mens
1064 1846 1190 1902 humana
1206 1845 1258 1902 ab·

210 1931 300 1987 solute
315 1929 455 2002 loquendo
471 1929 604 1986 devenire
620 1935 719 2002 potest.
738 1930 776 1987 lle
791 1928 892 2002 primis
908 1928 1067 1986 clarissima
1080 1936 1132 2000 est,
1149 1928 1255 1986 nedum

210 2013 328 2085 utilitas,
350 2013 399 2070 sed
414 2013 568 2070 necessitas
583 2013 774 2072 revelationis.
792 2013 819 2070 Si
834 2012 913 2071 enirn
928 2014 994 2072 illae
1010 2014 1067 2070 vim
1078 2012 1195 2070 rationis
1209 2028 1256 2070 su·

210 2103 330 2170 perant,
347 2111 384 2154 ex
399 2111 433 2153 ea
447 2097 572 2169 prolecto
587 2097 654 2154 oriri
671 2113 729 2155 non
742 2102 870 2170 possunt.
888 2095 941 2154 Sed
957 2112 1007 2170 pro
1022 2095 1104 2167 aliis,
1121 2095 1173 2154 etsi
1192 2110 1255 2153 non

214 2178 342 2238 absolute
357 2181 565 2253 necessarium,
582 2185 658 2238 certe
672 2181 727 2239 luit
741 2179 1041 2238 convenientissimum
1057 2187 1088 2239 ut
1102 2179 1200 2238 divina
1215 2194 1258 2236 re

211 2263 352 2322 volatione
367 2271 601 2337 proponerentur.
619 2265 688 2324 Nam
703 2265 734 2322 in
747 2265 802 2323 hoc
819 2265 918 2323 ordine
932 2279 989 2322 non
1005 2263 1113 2338 paucae
1128 2265 1259 2324 veritates

214 2347 413 2417 continentur,
431 2363 447 2406 a
462 2348 566 2422 qulbus
580 2349 709 2420 regimen
726 2349 800 2407 vitae
815 2348 930 2406 moralis
945 2348 1072 2407 maxime
1090 2348 1214 2421 pendet,
1230 2354 1259 2406 et

213 2436 309 2490 tamen
324 2431 511 2491 dilliclllimae
526 2439 593 2490 sunt
606 2435 756 2504 vestigata.
773 2434 851 2491 Unde
867 2434 949 2491 multi
964 2449 1063 2491 earum
1078 2433 1198 2491 scicntia
1213 2449 1257 2490 ca·

212 2520 308 2574 rorent
328 2521 443 2588 propter
461 2515 699 2588 impedimentum
713 2517 773 2572 sive
788 2516 869 2589 parvi
883 2515 1010 2589 ingenii,
1027 2517 1088 2574 sive
1110 2517 1260 2574 vecordiae

213 2597 386 2670 voluntatis,
402 2597 463 2656 sive
477 2597 697 2670 occupationum
718 2603 911 2668 externarum.
928 2599 1018 2657 lmmo
1032 2599 1073 2657 illi
1088 2599 1143 2672 ipsi
1159 2601 1208 2672 ani
1223 2599 1260 2656 ad

163 2752 168 2757 ,
214 2695 278 2739 eanr
291 2681 492 2753 pertingerent,
505 2686 631 2754 tempore
643 2680 804 2753 indigerent
818 2681 1081 2755 diutmno'propter
1095 2682 1223 2740 studium
1232 2687 1261 2740 et

212 2769 336 2822 aetatum
351 2763 537 2838 speculationi
552 2771 757 2838 opportunam;
776 2780 830 2823 nec
844 2765 948 2824 erroris
962 2765 1119 2824 mixturam
1133 2766 1260 2839 undique

213 2848 345 2920 vitarent,
358 2853 473 2920 propter
487 2847 613 2906 nativam
627 2849 733 2906 mentis
747 2848 923 2907 debilitatem
932 2854 962 2907 et
972 2849 1203 2921 phantasmatum
1214 2850 1270 2914 de,

213 2932 367 3004 captiones
385 2932 559 3004 Quapropter
573 2930 635 2989 iure
651 2933 808 3005 meritoque
824 2932 968 2990 concludit
981 2933 1009 2990 S.
1020 2933 1141 2991 Thomas
1156 2933 1261 2991 rationi

213 3021 436 3072 consentaneum
450 3019 479 3072 et
494 3015 676 3074 utilissimum
698 3017 786 3074 luisse
800 3021 832 3075 ut
844 3015 985 3074 eiusmodi
1004 3017 1140 3075 veritates
1162 3032 1262 3090 snper-

208 3094 337 3156 naturali
352 3097 438 3154 etiam
453 3097 638 3170 inspiratione
653 3100 812 3158 credendae
826 3098 991 3157 hominibus
1005 3100 1194 3158 traderentur.
1205 3100 1262 3157 Sa·

216 3181 341 3241 inbritcr·
356 3197 423 3256 erpo
441 3183 544 3241 divina
560 3183 690 3256 providit
711 3183 870 3242 Clementia
884 3191 920 3242 nt
937 3199 972 3242 ea
988 3184 1078 3242 etiarn
1093 3185 1263 3260 pancratio

213 3265 391 3339 incaestipare
405 3274 507 3340 posen,
527 3265 584 3340 fide
600 3267 724 3326 tenenda
738 3267 923 3341 praeciperet,
942 3275 977 3325 nt
993 3269 1035 3325 sic
1053 3285 1151 3328 amnes
1166 3268 1200 3326 de
1214 3268 1264 3340 [α-

214 3349 263 3406 citi
277 3357 389 3424 possent
408 3349 527 3409 divinae
542 3350 716 3424 appetitionis
730 3350 887 3428 participes
904 3367 962 3411 ease
974 3359 1001 3411 et
1018 3351 1127 3427 adeone
1143 3351 1265 3412 dabita-

216 3434 292 3494 iione
307 3443 333 3494 et
349 3450 448 3494 errore
464 3437 489 3494 2.

259 3575 272 3620 i
290 3580 397 3634 Quaestio
414 3581 443 3626 da
458 3582 572 3639 Haaralro
586 3583 627 3626 art.
643 3580 667 3625 l.
1174 3612 1185 3634 s

260 3650 275 3694 2
291 3653 378 3701 contra
395 3657 476 3703 Gentes
491 3655 531 3702 lib.
549 3655 573 3712 i,
594 3671 613 3702 c.
630 3655 653 3702 l.
671 3657 716 3703 lloe
731 3673 797 3720 snper
811 3664 938 3720 argumento
953 3659 1029 3707 conisa·
1042 3659 1159 3722 articulos,
1174 3659 1213 3722 qui
1226 3660 1267 3705 in·

213 3722 331 3770 veniuntur
344 3728 369 3773 in
385 3731 514 3776 varnrvns
530 3731 668 3792 Carnonlcl,
681 3731 781 3778 munia
797 3735 866 3795 Seria,
881 3735 925 3781 vol.
941 3736 971 3782 vl
985 3736 1076 3797 oV113
1093 3735 1174 3798 quibus
1188 3740 1223 3782 esi
1238 3735 1270 3780 ei-

214 3797 287 3846 lulus:
306 3801 373 3848 Delia
391 3807 488 3862 Pereia,
508 3807 593 3853 Utilitd
609 3807 671 3853 delia
688 3809 790 3872 Porcio,
808 3811 931 3871 rosim
946 3812 1002 3858 dell'
1012 3813 1188 3870 iaeepoenenio
1203 3811 1270 3857 neila

211 3876 362 3933 eoomimeolo
375 3879 412 3925 dei
426 3881 542 3940 pensiero.
562 3881 655 3928 Qnsnle
669 3882 736 3932 eliam
752 3899 828 3934 recem
844 3900 900 3951 opvs
912 3887 938 3935 Ρ.
954 3887 1056 3936 &lam
1077 3887 1129 3936 Soc·
1148 3885 1215 3938 leur
1231 3886 1271 3936 Do

142 3967 148 3977 ·
214 3951 238 4000 le
253 3951 338 4002 coner
353 3953 381 4004 de
397 3955 515 4019 inpensis
531 3957 651 4008 lemine.
