2767 4492
230 258 286 323 tto
673 275 836 321 emmaum
900 343 902 349 Α

231 378 262 423 se
279 360 413 434 spectatis
427 360 486 419 site
502 360 630 419 totaliter
650 359 710 441 sive
726 358 908 435 partialiter.
928 358 1116 421 Nihilominus
1140 360 1211 420 mec
1228 376 1273 435 po

231 452 317 506 testas
340 446 432 519 primo
448 451 477 504 et
496 462 546 517 per
567 461 598 503 se
618 451 750 503 concreta
770 444 897 503 redditur
917 444 949 503 in
967 446 1030 521 ipsa
1054 446 1269 521 communitate3

230 537 379 605 quatenns,
396 529 549 589 subaudita
562 529 781 602 congregatione
791 529 941 588 bominum
961 536 1077 604 propter
1087 532 1174 590 linem
1186 532 1273 605 politi·
1373 574 1374 585 ,

229 630 296 675 cnm
306 614 502 688 obtinendum,
515 630 566 689 per
580 630 611 673 se
624 614 744 673 resultat
762 620 908 688 amanam
919 616 1077 689 proprietas
1095 616 1234 675 naturalis
1244 617 1272 677 in

230 717 346 776 corpore
360 701 409 761 illo
423 701 524 760 morali
546 701 593 761 ius
607 700 757 760 ordinandi
782 700 908 774 singulos
922 701 1004 759 iuxta
1019 702 1194 775 exigentiam
1207 702 1272 762 boni

229 787 396 847 communis.
418 786 541 846 Societas
559 802 645 859 vero,
666 802 715 845 seu
736 786 887 846 multitudo
913 787 955 847 sic
971 795 1160 861 congregata,
1185 794 1273 862 potest
1373 854 1374 863 χ

231 875 396 935 anctoritate
411 873 460 931 illa
474 889 505 931 se
520 873 671 945 abdicare,
688 887 752 931 cam
769 873 962 933 transferendo
976 872 1008 932 in
1025 890 1112 933 unam
1125 890 1273 947 personam

230 966 280 1020 aut
297 975 387 1019 unum
401 959 621 1017 determinatum
645 963 778 1029 ooetum3
806 958 955 1017 autetiam
977 964 1069 1033 potest
1091 960 1164 1019 iusto
1180 960 1272 1034 aliquo

231 1046 310 1105 titulo
329 1060 364 1105 ea
382 1043 497 1118 spoliari
511 1050 596 1117 atque
614 1042 692 1116 adigi
706 1043 742 1101 ad
757 1042 949 1102 obedientiam
963 1050 1041 1103 certo
1056 1044 1171 1103 cuidam
1185 1044 1272 1119 impc-

229 1130 517 1193 rantiexbibendam.
540 1130 631 1198 Quiane
650 1144 754 1201 causa,
782 1143 855 1202 quae
876 1130 1064 1189 determinato
1083 1130 1211 1189 subiecto
1225 1146 1272 1189 au·

229 1217 387 1277 ctoritatem
401 1215 511 1289 alligit,
527 1221 572 1273 est
586 1229 701 1288 semper
716 1228 872 1273 consensus
886 1213 932 1273 vel
942 1214 1014 1273 liber
1028 1214 1073 1272 vel
1083 1215 1270 1275 necessarius.

229 1302 307 1363 linde
329 1300 483 1361 auctoritas
506 1299 598 1359 civilis
618 1314 670 1373 per
686 1314 717 1357 se
731 1304 846 1373 sumpta
860 1308 903 1357 est
921 1298 1084 1359 immediate
1105 1316 1123 1357 a
1144 1300 1218 1373 be03
1242 1300 1271 1359 in

229 1388 415 1447 determinato
429 1391 524 1445 autem
538 1384 666 1443 subiecto
680 1389 724 1443 est
738 1384 861 1443 mediate
881 1384 982 1456 alteo,
1000 1384 1164 1443 immediate
1177 1392 1273 1444 antem

228 1476 265 1535 ab
275 1475 448 1535 bominibus.
461 1473 639 1545 Quamquam
649 1471 828 1529 communior
838 1472 979 1531 sententia
991 1472 1055 1539 lert,
1067 1473 1269 1545 auctoritatem,

162 1580 167 1588 ·
228 1562 315 1621 etiarn
329 1565 413 1633 prout
432 1557 574 1632 peculiare
590 1555 752 1613 subiectum
769 1555 875 1627 allicit,
900 1571 966 1615 csse
979 1556 1143 1615 immediate
1164 1556 1269 1629 alleo;

228 1648 265 1707 ab
279 1645 443 1705 bominibus
455 1657 522 1702 uero
539 1647 649 1699 tantum
664 1640 807 1713 designari
821 1656 982 1714 personam.
996 1641 1029 1699 lli
1044 1641 1122 1699 enim
1137 1640 1271 1700 cuonone
1366 1647 1369 1666 ¹

228 1748 280 1793 sna
293 1732 448 1805 disponunt
461 1726 670 1803 quodammodo
684 1725 855 1799 materiam,
880 1726 931 1785 sod
952 1725 1025 1785 ltous
1047 1730 1090 1785 est
1110 1726 1159 1800 qui
1174 1724 1274 1785 tribuit
1366 1747 1368 1794 ;

226 1819 356 1877 sormam.
370 1817 416 1875 Sic
429 1816 540 1873 Suaren.
1111 1812 1116 1821 '

280 1904 340 1963 tam
363 1916 430 1959 aero
451 1914 536 1958 nemo
556 1914 614 1957 non
633 1898 710 1957 uidet
730 1897 869 1957 eiusmodi
884 1898 1042 1957 doctrinam
1065 1896 1137 1963 nibil
1162 1896 1271 1959 babere

227 2002 379 2049 commune
402 1989 453 2045 aut
476 1984 562 2043 altine
587 1999 653 2041 cum
678 1990 759 2056 pacto
786 1982 883 2041 sociali
913 1981 1126 2056 protestantium
1153 1982 1272 2056 scripto·
1367 2024 1374 2039 .

226 2090 301 2133 rum.
323 2071 402 2141 Quod
420 2074 453 2131 ut
472 2068 576 2128 clarius
591 2069 718 2141 eluceat,
741 2068 908 2143 praecipuas
936 2067 1082 2142 utriusque
1094 2066 1273 2130 ‹blerentias

226 2157 393 2231 murgiano.
1373 2142 1374 2153 '

280 2244 301 2303 l.
322 2244 423 2303 Suarca
437 2242 539 2316 repetit
553 2240 750 2300 auctoritatem
770 2240 866 2300 alteo.
891 2238 1010 2311 Contra,
1031 2243 1144 2312 pactum
1166 2236 1273 2297 sociale

227 2330 274 2389 ius
287 2329 417 2388 divinum
430 2328 546 2387 omniuo
560 2325 700 2398 eliminat,
716 2331 745 2385 et
758 2324 848 2387 solam
870 2323 992 2385 truncinis
1008 2321 1273 2384 libernm'rnlunta·

227 2420 286 2475 tem
301 2414 420 2473 inducit.
778 2430 779 2435 ¹

262 2500 294 2567 ll.
312 2500 414 2561 Suarea
428 2499 527 2559 statuit
539 2497 736 2557 anctoritatem
746 2512 806 2555 nou
816 2512 873 2555 csse
886 2496 920 2555 ta
933 2495 1059 2570 stupidis
1068 2495 1128 2555 sios
1139 2493 1268 2553 totaliter

226 2587 286 2647 siue
306 2585 491 2662 portiolam,-
511 2584 603 2641 tammo
617 2598 653 2641 ne
670 2582 705 2641 in
724 2582 789 2656 ipso
804 2580 924 2655 quidem
941 2581 1013 2641 rudi
1032 2580 1200 2649 collectione,
1217 2574 1269 2635 sed

227 2686 291 2729 cam
303 2670 441 2729 resultare
460 2669 491 2726 ei
505 2676 634 2726 aeluros
647 2683 683 2725 au
698 2667 907 2725 comaronitotc
921 2682 962 2725 ur
978 2678 1032 2738 sin,
1048 2664 1184 2723 nimirum
1199 2678 1271 2736 nua-

227 2762 309 2815 tenus
324 2754 451 2830 praecise
466 2753 586 2811 societas
603 2764 655 2825 est¹
677 2767 727 2809 sen
748 2758 844 2811 coetos
863 2751 1010 2810 bominum
1033 2754 1145 2825 propter
1159 2748 1271 2807 bouum

227 2856 378 2901 commune
399 2838 619 2899 coalescentium
635 2840 659 2895 i.
678 2837 788 2910 Contra,
812 2842 926 2911 pactum
947 2835 1051 2895 sociale
1071 2833 1272 2892 anctoritatem

227 2927 350 3001 concipit
364 2932 509 2998 tantoniam
524 2937 668 2980 summam
681 2922 790 2980 iurinm
801 2922 977 2993 singulorum
992 2920 1108 2994 civium,
1121 2934 1154 2979 ac
1170 2917 1270 2993 proin·

174 3086 179 3095 Ι
196 3080 199 3088 ,
226 3013 262 3071 de
275 3013 354 3070 illam
368 3008 523 3084 partialiter
538 3007 668 3066 attribuit
682 3006 803 3081 singulis
819 3006 985 3065 indirntnis.

261 3096 304 3157 ill.
323 3096 424 3172 Suarea
438 3093 505 3153 licet
517 3098 626 3151 asserat
645 3098 814 3165 potestatem
833 3107 850 3149 a
872 3090 1065 3151 consentiente
1086 3088 1274 3149 multitudino

225 3180 482 3243 indeterminatam
491 3192 642 3252 porsonam
654 3176 813 3249 transierri;
828 3182 922 3235 tomen
935 3176 1038 3234 latetur
1048 3190 1129 3249 posse
1140 3175 1274 3246 abnuan-

226 3266 262 3326 do
277 3267 353 3327 bunc
372 3278 543 3326 consensum
563 3276 626 3323 esse
647 3260 851 3334 necessarium,
875 3264 1014 3337 quotenos
1036 3258 1110 3321 iusto
1131 3256 1212 3318 titulo
1233 3256 1275 3319 ab

272 3470 283 3515 l
306 3470 361 3515 nlo
383 3468 421 3515 teti
437 3482 489 3529 erpo
511 3466 665 3513 communiinlo
679 3468 705 3511 ut
718 3464 757 3527 sic,
780 3468 813 3509 est
826 3462 879 3510 luen
893 3442 987 3527 potestne
1002 3478 1026 3509 ex
1042 3465 1119 3509 nnturn
1134 3460 1185 3522 nri,
1202 3459 1234 3506 ita
1250 3464 1282 3505 ui

226 3568 235 3590 ι
253 3562 297 3593 non
313 3546 343 3592 sil
357 3546 380 3591 in
390 3542 505 3591 hominnm
524 3543 670 3605 potestatoitn
684 3542 811 3603 congregari
826 3548 847 3587 et
862 3541 968 3603 impedire
983 3540 1189 3602 bonntpotostolem.
1212 3557 1221 3577 ι
1237 3538 1279 3583 De

222 3626 266 3683 lep.
281 3622 298 3669 l.
314 3622 338 3683 5,
354 3638 373 3668 c.
390 3623 414 3681 2,
430 3621 456 3685 ς
473 3622 495 3665 l.
508 3620 607 3666 lterum:
626 3620 676 3664 «t't
690 3618 728 3664 iltn
743 3618 887 3665 commonitos
901 3616 979 3663 habent
995 3615 1127 3679 praedictam
1139 3618 1278 3677 potestatem

227 3718 236 3741 ι
252 3714 296 3744 non
311 3705 344 3745 ost
358 3697 478 3743 necessario
488 3696 588 3765 specialis
602 3695 702 3741 voluutas
717 3694 839 3755 hominnm,
856 3693 892 3741 sod
910 3710 934 3741 es
950 3698 1026 3740 notura
1041 3692 1073 3740 rei
1087 3691 1231 3753 consequitur
1247 3695 1276 3739 et
1371 3680 1372 3711 ¹

227 3791 278 3821 uox
288 3773 424 3839 prouidentia
439 3772 538 3820 bnatoris
550 3778 647 3822 noiomo.
667 3792 677 3815 ι
695 3770 756 3821 titt.
774 3769 800 3834 §-
818 3770 840 3819 (i.
