<?xml version="1.0" encoding="UTF-8"?>
<!DOCTYPE html PUBLIC "-//W3C//DTD XHTML 1.0 Transitional//EN"
    "http://www.w3.org/TR/xhtml1/DTD/xhtml1-transitional.dtd">
<html xmlns="http://www.w3.org/1999/xhtml" xml:lang="en" lang="en">
 <head>
  <title>
</title>
<meta http-equiv="Content-Type" content="text/html;charset=utf-8" />
  <meta name='ocr-system' content='tesseract 3.04.00' />
  <meta name='ocr-capabilities' content='ocr_page ocr_carea ocr_par ocr_line ocrx_word'/>
</head>
<body>
  <div class='ocr_page' id='page_1' title='image "./institutionesph00libegoog_0880.png"; bbox 0 0 2767 4492; ppageno 0'>
   <div class='ocr_carea' id='block_1_1' title="bbox 230 257 831 334">
    <p class='ocr_par' dir='ltr' id='par_1_1' title="bbox 230 257 831 334">
     <span class='ocr_line' id='line_1_1' title="bbox 230 257 831 334; baseline -0.007 0"><span class='ocrx_word' id='word_1_1' title='bbox 230 271 280 334; x_wconf 83' lang='lat'>308</span> <span class='ocrx_word' id='word_1_2' title='bbox 403 257 410 268; x_wconf 72' lang='grc'><strong>’</strong></span> <span class='ocrx_word' id='word_1_3' title='bbox 666 280 831 331; x_wconf 76' lang='lat' dir='ltr'>assumam</span> 
     </span>
    </p>
   </div>
   <div class='ocr_carea' id='block_1_2' title="bbox 229 367 1362 3751">
    <p class='ocr_par' dir='ltr' id='par_1_2' title="bbox 229 367 1286 532">
     <span class='ocr_line' id='line_1_2' title="bbox 229 367 1286 445; baseline -0.005 -12"><span class='ocrx_word' id='word_1_4' title='bbox 229 372 430 444; x_wconf 84' lang='lat' dir='ltr'>subiiciuntur,</span> <span class='ocrx_word' id='word_1_5' title='bbox 441 375 469 430; x_wconf 89' lang='lat' dir='ltr'>et</span> <span class='ocrx_word' id='word_1_6' title='bbox 480 369 573 445; x_wconf 83' lang='lat' dir='ltr'>quoad</span> <span class='ocrx_word' id='word_1_7' title='bbox 585 371 702 443; x_wconf 90' lang='lat' dir='ltr'>negotia</span> <span class='ocrx_word' id='word_1_8' title='bbox 712 369 878 444; x_wconf 88' lang='lat' dir='ltr'>temporalia</span> <span class='ocrx_word' id='word_1_9' title='bbox 889 367 945 443; x_wconf 88' lang='lat' dir='ltr'>legi</span> <span class='ocrx_word' id='word_1_10' title='bbox 954 367 1032 428; x_wconf 84' lang='lat' dir='ltr'>civili</span> <span class='ocrx_word' id='word_1_11' title='bbox 1041 370 1174 444; x_wconf 78' lang='lat' dir='ltr'>subsunt,</span> <span class='ocrx_word' id='word_1_12' title='bbox 1185 370 1286 444; x_wconf 87' lang='lat' dir='ltr'>qrtoad</span> 
     </span>
     <span class='ocr_line' id='line_1_3' title="bbox 229 454 874 532; baseline -0.008 -15"><span class='ocrx_word' id='word_1_13' title='bbox 229 457 387 532; x_wconf 80' lang='lat' dir='ltr'>spiritualia</span> <span class='ocrx_word' id='word_1_14' title='bbox 402 456 513 529; x_wconf 76' lang='lat' dir='ltr'>iegibus</span> <span class='ocrx_word' id='word_1_15' title='bbox 529 461 557 515; x_wconf 90' lang='lat' dir='ltr'>et</span> <span class='ocrx_word' id='word_1_16' title='bbox 573 454 709 526; x_wconf 84' lang='lat' dir='ltr'>regimini</span> <span class='ocrx_word' id='word_1_17' title='bbox 723 454 874 514; x_wconf 83' lang='lat' dir='ltr'>Ecclesiae.</span> 
     </span>
    </p>

    <p class='ocr_par' dir='ltr' id='par_1_3' title="bbox 229 539 1359 1281">
     <span class='ocr_line' id='line_1_4' title="bbox 265 539 1282 616; baseline 0.001 -16"><span class='ocrx_word' id='word_1_18' title='bbox 265 543 327 601; x_wconf 80' lang='lat' dir='ltr'>tto.</span> <span class='ocrx_word' id='word_1_19' title='bbox 344 542 386 600; x_wconf 83' lang='lat' dir='ltr'>Ex</span> <span class='ocrx_word' id='word_1_20' title='bbox 400 541 454 600; x_wconf 89' lang='lat' dir='ltr'>bae</span> <span class='ocrx_word' id='word_1_21' title='bbox 469 540 599 600; x_wconf 91' lang='lat' dir='ltr'>absoluta</span> <span class='ocrx_word' id='word_1_22' title='bbox 610 539 754 598; x_wconf 83' lang='lat' dir='ltr'>Ecclesiae</span> <span class='ocrx_word' id='word_1_23' title='bbox 767 545 797 598; x_wconf 88' lang='lat' dir='ltr'>et</span> <span class='ocrx_word' id='word_1_24' title='bbox 810 541 904 600; x_wconf 85' lang='lat' dir='ltr'>Status</span> <span class='ocrx_word' id='word_1_25' title='bbox 919 540 1030 615; x_wconf 76' lang='lat' dir='ltr'>politici</span> <span class='ocrx_word' id='word_1_26' title='bbox 1044 539 1282 616; x_wconf 87' lang='lat' dir='ltr'>independonlia,</span> 
     </span>
     <span class='ocr_line' id='line_1_5' title="bbox 229 625 1283 701; baseline -0.001 -14"><span class='ocrx_word' id='word_1_27' title='bbox 229 627 348 687; x_wconf 87' lang='lat' dir='ltr'>relativa</span> <span class='ocrx_word' id='word_1_28' title='bbox 362 627 502 701; x_wconf 85' lang='lat' dir='ltr'>quaedam</span> <span class='ocrx_word' id='word_1_29' title='bbox 517 626 666 700; x_wconf 85' lang='lat' dir='ltr'>utriusque</span> <span class='ocrx_word' id='word_1_30' title='bbox 687 625 878 699; x_wconf 78' lang='lat' dir='ltr'>dependentia</span> <span class='ocrx_word' id='word_1_31' title='bbox 895 625 1001 686; x_wconf 87' lang='lat' dir='ltr'>diversi</span> <span class='ocrx_word' id='word_1_32' title='bbox 1019 627 1133 699; x_wconf 85' lang='lat' dir='ltr'>generis</span> <span class='ocrx_word' id='word_1_33' title='bbox 1148 625 1283 686; x_wconf 86' lang='lat' dir='ltr'>resultat.</span> 
     </span>
     <span class='ocr_line' id='line_1_6' title="bbox 229 711 1284 786; baseline 0 -14"><span class='ocrx_word' id='word_1_34' title='bbox 229 713 300 772; x_wconf 91' lang='lat' dir='ltr'>Nam</span> <span class='ocrx_word' id='word_1_35' title='bbox 314 727 381 771; x_wconf 83' lang='lat' dir='ltr'>cunr</span> <span class='ocrx_word' id='word_1_36' title='bbox 397 711 494 772; x_wconf 91' lang='lat' dir='ltr'>iideles</span> <span class='ocrx_word' id='word_1_37' title='bbox 504 717 537 778; x_wconf 78' lang='lat' dir='ltr'>¹et</span> <span class='ocrx_word' id='word_1_38' title='bbox 552 711 711 785; x_wconf 83' lang='lat' dir='ltr'>peculiares</span> <span class='ocrx_word' id='word_1_39' title='bbox 724 711 854 786; x_wconf 83' lang='lat' dir='ltr'>Episcopi</span> <span class='ocrx_word' id='word_1_40' title='bbox 870 712 948 776; x_wconf 81' lang='lat' dir='ltr'>cives</span> <span class='ocrx_word' id='word_1_41' title='bbox 962 713 1021 770; x_wconf 90' lang='lat' dir='ltr'>sint</span> <span class='ocrx_word' id='word_1_42' title='bbox 1038 713 1219 785; x_wconf 88' lang='lat' dir='ltr'>singularum</span> <span class='ocrx_word' id='word_1_43' title='bbox 1236 730 1284 772; x_wconf 75' lang='lat' dir='ltr'>so</span> 
     </span>
     <span class='ocr_line' id='line_1_7' title="bbox 231 795 1283 871; baseline 0 -15"><span class='ocrx_word' id='word_1_44' title='bbox 231 797 365 856; x_wconf 75' lang='lat' dir='ltr'>cicladum</span> <span class='ocrx_word' id='word_1_45' title='bbox 380 795 410 856; x_wconf 93' lang='lat' dir='ltr'>iu</span> <span class='ocrx_word' id='word_1_46' title='bbox 421 797 526 871; x_wconf 85' lang='lat' dir='ltr'>quibus</span> <span class='ocrx_word' id='word_1_47' title='bbox 535 796 651 868; x_wconf 73' lang='lat' dir='ltr'>degunt,</span> <span class='ocrx_word' id='word_1_48' title='bbox 664 795 776 868; x_wconf 87' lang='lat' dir='ltr'>legibus</span> <span class='ocrx_word' id='word_1_49' title='bbox 784 795 917 855; x_wconf 82' lang='lat' dir='ltr'>civilibus</span> <span class='ocrx_word' id='word_1_50' title='bbox 926 797 990 854; x_wconf 88' lang='lat' dir='ltr'>eius</span> <span class='ocrx_word' id='word_1_51' title='bbox 998 796 1173 870; x_wconf 89' lang='lat' dir='ltr'>reipublicae</span> <span class='ocrx_word' id='word_1_52' title='bbox 1184 799 1283 870; x_wconf 80' lang='lat' dir='ltr'>quoad</span> 
     </span>
     <span class='ocr_line' id='line_1_8' title="bbox 230 879 1283 955; baseline -0.002 -13"><span class='ocrx_word' id='word_1_53' title='bbox 230 882 345 955; x_wconf 88' lang='lat' dir='ltr'>negotia</span> <span class='ocrx_word' id='word_1_54' title='bbox 360 897 438 940; x_wconf 93' lang='lat' dir='ltr'>mere</span> <span class='ocrx_word' id='word_1_55' title='bbox 454 879 620 955; x_wconf 89' lang='lat' dir='ltr'>temporalia</span> <span class='ocrx_word' id='word_1_56' title='bbox 635 880 836 953; x_wconf 89' lang='lat' dir='ltr'>subiiciuutur,</span> <span class='ocrx_word' id='word_1_57' title='bbox 848 896 953 954; x_wconf 85' lang='lat' dir='ltr'>eosque</span> <span class='ocrx_word' id='word_1_58' title='bbox 967 880 1009 939; x_wconf 88' lang='lat' dir='ltr'>sic</span> <span class='ocrx_word' id='word_1_59' title='bbox 1023 881 1084 954; x_wconf 86' lang='lat' dir='ltr'>regi</span> <span class='ocrx_word' id='word_1_60' title='bbox 1094 881 1223 940; x_wconf 86' lang='lat' dir='ltr'>Ecclesia</span> <span class='ocrx_word' id='word_1_61' title='bbox 1237 883 1283 940; x_wconf 90' lang='lat' dir='ltr'>iu-</span> 
     </span>
     <span class='ocr_line' id='line_1_9' title="bbox 231 964 1359 1038; baseline 0 -13"><span class='ocrx_word' id='word_1_62' title='bbox 231 966 288 1026; x_wconf 89' lang='lat' dir='ltr'>bet.</span> <span class='ocrx_word' id='word_1_63' title='bbox 307 967 409 1025; x_wconf 86' lang='lat' dir='ltr'>Contra</span> <span class='ocrx_word' id='word_1_64' title='bbox 422 966 605 1038; x_wconf 74' lang='lat' dir='ltr'>magistratus</span> <span class='ocrx_word' id='word_1_65' title='bbox 620 980 721 1023; x_wconf 88' lang='lat' dir='ltr'>omnes</span> <span class='ocrx_word' id='word_1_66' title='bbox 735 969 765 1023; x_wconf 89' lang='lat' dir='ltr'>et</span> <span class='ocrx_word' id='word_1_67' title='bbox 784 964 880 1023; x_wconf 86' lang='lat' dir='ltr'>fideles</span> <span class='ocrx_word' id='word_1_68' title='bbox 896 964 1039 1038; x_wconf 82' lang='lat' dir='ltr'>Principes</span> <span class='ocrx_word' id='word_1_69' title='bbox 1057 965 1168 1038; x_wconf 88' lang='lat' dir='ltr'>legibus</span> <span class='ocrx_word' id='word_1_70' title='bbox 1183 966 1281 1025; x_wconf 85' lang='lat' dir='ltr'>Eccle-</span> <span class='ocrx_word' id='word_1_71' title='bbox 1358 1008 1359 1035; x_wconf 43' lang='lat' dir='ltr'>r</span> 
     </span>
     <span class='ocr_line' id='line_1_10' title="bbox 232 1049 1359 1125; baseline -0.003 -13"><span class='ocrx_word' id='word_1_72' title='bbox 232 1053 291 1112; x_wconf 89' lang='lat' dir='ltr'>siaa</span> <span class='ocrx_word' id='word_1_73' title='bbox 306 1051 423 1125; x_wconf 85' lang='lat' dir='ltr'>eiusque</span> <span class='ocrx_word' id='word_1_74' title='bbox 437 1050 575 1110; x_wconf 86' lang='lat' dir='ltr'>ministris</span> <span class='ocrx_word' id='word_1_75' title='bbox 590 1049 711 1110; x_wconf 88' lang='lat' dir='ltr'>subiecti</span> <span class='ocrx_word' id='word_1_76' title='bbox 726 1056 795 1108; x_wconf 92' lang='lat' dir='ltr'>sunt</span> <span class='ocrx_word' id='word_1_77' title='bbox 809 1050 903 1123; x_wconf 87' lang='lat' dir='ltr'>quoad</span> <span class='ocrx_word' id='word_1_78' title='bbox 917 1050 1031 1123; x_wconf 87' lang='lat' dir='ltr'>negotia</span> <span class='ocrx_word' id='word_1_79' title='bbox 1045 1050 1215 1122; x_wconf 90' lang='lat' dir='ltr'>spiritualia.</span> <span class='ocrx_word' id='word_1_80' title='bbox 1237 1051 1285 1109; x_wconf 83' lang='lat' dir='ltr'>Sic</span> <span class='ocrx_word' id='word_1_81' title='bbox 1358 1056 1359 1115; x_wconf 50' lang='grc' dir='ltr'>ᾗ</span> 
     </span>
     <span class='ocr_line' id='line_1_11' title="bbox 232 1134 1285 1211; baseline -0.004 -15"><span class='ocrx_word' id='word_1_82' title='bbox 232 1151 361 1211; x_wconf 79' lang='lat' dir='ltr'>quaeque</span> <span class='ocrx_word' id='word_1_83' title='bbox 376 1141 499 1210; x_wconf 91' lang='lat' dir='ltr'>potestas</span> <span class='ocrx_word' id='word_1_84' title='bbox 512 1135 541 1194; x_wconf 94' lang='lat' dir='ltr'>iu</span> <span class='ocrx_word' id='word_1_85' title='bbox 552 1151 604 1195; x_wconf 89' lang='lat' dir='ltr'>sno</span> <span class='ocrx_word' id='word_1_86' title='bbox 614 1150 718 1210; x_wconf 90' lang='lat' dir='ltr'>genere</span> <span class='ocrx_word' id='word_1_87' title='bbox 729 1149 864 1209; x_wconf 90' lang='lat' dir='ltr'>suprema</span> <span class='ocrx_word' id='word_1_88' title='bbox 873 1140 926 1208; x_wconf 84' lang='lat' dir='ltr'>est,</span> <span class='ocrx_word' id='word_1_89' title='bbox 938 1141 967 1193; x_wconf 87' lang='lat' dir='ltr'>et</span> <span class='ocrx_word' id='word_1_90' title='bbox 977 1134 1050 1193; x_wconf 93' lang='lat' dir='ltr'>miro</span> <span class='ocrx_word' id='word_1_91' title='bbox 1061 1139 1204 1194; x_wconf 90' lang='lat' dir='ltr'>concentu</span> <span class='ocrx_word' id='word_1_92' title='bbox 1214 1149 1285 1194; x_wconf 88' lang='lat' dir='ltr'>cum</span> 
     </span>
     <span class='ocr_line' id='line_1_12' title="bbox 232 1221 436 1281; baseline -0.01 0"><span class='ocrx_word' id='word_1_93' title='bbox 232 1222 289 1281; x_wconf 87' lang='lat' dir='ltr'>alia</span> <span class='ocrx_word' id='word_1_94' title='bbox 302 1221 436 1281; x_wconf 90' lang='lat' dir='ltr'>sbciatur.</span> 
     </span>
    </p>

    <p class='ocr_par' dir='ltr' id='par_1_4' title="bbox 233 1304 1360 2479">
     <span class='ocr_line' id='line_1_13' title="bbox 268 1304 1285 1380; baseline -0.002 -16"><span class='ocrx_word' id='word_1_95' title='bbox 268 1305 412 1380; x_wconf 88' lang='lat' dir='ltr'>Sapienter</span> <span class='ocrx_word' id='word_1_96' title='bbox 426 1305 502 1364; x_wconf 87' lang='lat' dir='ltr'>ltanc</span> <span class='ocrx_word' id='word_1_97' title='bbox 517 1320 578 1364; x_wconf 88' lang='lat' dir='ltr'>renr</span> <span class='ocrx_word' id='word_1_98' title='bbox 588 1305 854 1379; x_wconf 84' lang='lat' dir='ltr'>explieatNicolaus</span> <span class='ocrx_word' id='word_1_99' title='bbox 863 1305 937 1378; x_wconf 88' lang='lat' dir='ltr'>Papa</span> <span class='ocrx_word' id='word_1_100' title='bbox 951 1305 981 1364; x_wconf 93' lang='lat' dir='ltr'>in</span> <span class='ocrx_word' id='word_1_101' title='bbox 996 1304 1099 1363; x_wconf 89' lang='lat' dir='ltr'>litteris</span> <span class='ocrx_word' id='word_1_102' title='bbox 1113 1305 1149 1363; x_wconf 91' lang='lat' dir='ltr'>ad</span> <span class='ocrx_word' id='word_1_103' title='bbox 1159 1305 1285 1376; x_wconf 66' lang='lat' dir='ltr'>llielrae</span> 
     </span>
     <span class='ocr_line' id='line_1_14' title="bbox 233 1390 1285 1466; baseline -0.002 -17"><span class='ocrx_word' id='word_1_104' title='bbox 233 1391 290 1450; x_wconf 89' lang='lat' dir='ltr'>lom</span> <span class='ocrx_word' id='word_1_105' title='bbox 304 1391 504 1466; x_wconf 88' lang='lat' dir='ltr'>imperatorem</span> <span class='ocrx_word' id='word_1_106' title='bbox 519 1390 564 1449; x_wconf 88' lang='lat' dir='ltr'>bis</span> <span class='ocrx_word' id='word_1_107' title='bbox 580 1391 696 1450; x_wconf 89' lang='lat' dir='ltr'>verbis:</span> <span class='ocrx_word' id='word_1_108' title='bbox 719 1391 815 1448; x_wconf 78' lang='lat' dir='ltr'>«Cum</span> <span class='ocrx_word' id='word_1_109' title='bbox 830 1390 865 1449; x_wconf 90' lang='lat' dir='ltr'>ad</span> <span class='ocrx_word' id='word_1_110' title='bbox 881 1405 980 1448; x_wconf 82' lang='lat' dir='ltr'>uerum</span> <span class='ocrx_word' id='word_1_111' title='bbox 997 1395 1112 1448; x_wconf 84' lang='lat' dir='ltr'>rentum</span> <span class='ocrx_word' id='word_1_112' title='bbox 1128 1395 1189 1461; x_wconf 86' lang='lat' dir='ltr'>est,</span> <span class='ocrx_word' id='word_1_113' title='bbox 1206 1391 1285 1447; x_wconf 88' lang='lat' dir='ltr'>ultra</span> 
     </span>
     <span class='ocr_line' id='line_1_15' title="bbox 236 1475 1360 1550; baseline -0.003 -14"><span class='ocrx_word' id='word_1_114' title='bbox 236 1499 247 1529; x_wconf 79' lang='grc' dir='ltr'><strong><em>ι</em></strong></span> <span class='ocrx_word' id='word_1_115' title='bbox 265 1477 319 1536; x_wconf 91' lang='lat' dir='ltr'>sibi</span> <span class='ocrx_word' id='word_1_116' title='bbox 334 1492 386 1536; x_wconf 87' lang='lat' dir='ltr'>nec</span> <span class='ocrx_word' id='word_1_117' title='bbox 401 1476 554 1550; x_wconf 88' lang='lat' dir='ltr'>imperator</span> <span class='ocrx_word' id='word_1_118' title='bbox 572 1477 636 1536; x_wconf 90' lang='lat' dir='ltr'>iura</span> <span class='ocrx_word' id='word_1_119' title='bbox 651 1476 834 1536; x_wconf 82' lang='lat' dir='ltr'>Ponttocatus</span> <span class='ocrx_word' id='word_1_120' title='bbox 852 1475 993 1549; x_wconf 87' lang='lat' dir='ltr'>arripuit,</span> <span class='ocrx_word' id='word_1_121' title='bbox 1009 1490 1063 1534; x_wconf 91' lang='lat' dir='ltr'>nec</span> <span class='ocrx_word' id='word_1_122' title='bbox 1085 1475 1218 1535; x_wconf 82' lang='lat' dir='ltr'>Pontilex</span> <span class='ocrx_word' id='word_1_123' title='bbox 1231 1491 1284 1533; x_wconf 90' lang='lat' dir='ltr'>ne-</span> <span class='ocrx_word' id='word_1_124' title='bbox 1359 1478 1360 1483; x_wconf 77' lang='grc'>’</span> 
     </span>
     <span class='ocr_line' id='line_1_16' title="bbox 237 1559 1285 1636; baseline 0.003 -22"><span class='ocrx_word' id='word_1_125' title='bbox 237 1587 247 1614; x_wconf 67' lang='lat' dir='ltr'>r</span> <span class='ocrx_word' id='word_1_126' title='bbox 265 1577 331 1620; x_wconf 91' lang='lat' dir='ltr'>meu</span> <span class='ocrx_word' id='word_1_127' title='bbox 347 1561 526 1635; x_wconf 89' lang='lat' dir='ltr'>imperatoris</span> <span class='ocrx_word' id='word_1_128' title='bbox 541 1562 698 1636; x_wconf 87' lang='lat' dir='ltr'>usurpavit.</span> <span class='ocrx_word' id='word_1_129' title='bbox 720 1562 860 1628; x_wconf 83' lang='lat' dir='ltr'>Quoniam</span> <span class='ocrx_word' id='word_1_130' title='bbox 874 1561 951 1619; x_wconf 88' lang='lat' dir='ltr'>idem</span> <span class='ocrx_word' id='word_1_131' title='bbox 967 1561 1109 1618; x_wconf 86' lang='lat' dir='ltr'>mediator</span> <span class='ocrx_word' id='word_1_132' title='bbox 1123 1559 1174 1618; x_wconf 77' lang='lat' dir='ltr'>liei</span> <span class='ocrx_word' id='word_1_133' title='bbox 1188 1566 1219 1617; x_wconf 90' lang='lat' dir='ltr'>et</span> <span class='ocrx_word' id='word_1_134' title='bbox 1233 1559 1285 1632; x_wconf 81' lang='lat' dir='ltr'>bo·</span> 
     </span>
     <span class='ocr_line' id='line_1_17' title="bbox 236 1643 1284 1719; baseline -0.006 -13"><span class='ocrx_word' id='word_1_135' title='bbox 236 1670 247 1699; x_wconf 78' lang='grc' dir='ltr'><strong><em>ι</em></strong></span> <span class='ocrx_word' id='word_1_136' title='bbox 264 1647 386 1719; x_wconf 80' lang='lat' dir='ltr'>minum,</span> <span class='ocrx_word' id='word_1_137' title='bbox 400 1647 484 1706; x_wconf 90' lang='lat' dir='ltr'>bomo</span> <span class='ocrx_word' id='word_1_138' title='bbox 495 1647 620 1705; x_wconf 78' lang='lat' dir='ltr'>cbristus</span> <span class='ocrx_word' id='word_1_139' title='bbox 634 1647 722 1719; x_wconf 88' lang='lat' dir='ltr'>lesus,</span> <span class='ocrx_word' id='word_1_140' title='bbox 734 1646 776 1704; x_wconf 91' lang='lat' dir='ltr'>sie</span> <span class='ocrx_word' id='word_1_141' title='bbox 791 1646 902 1704; x_wconf 90' lang='lat' dir='ltr'>actibus</span> <span class='ocrx_word' id='word_1_142' title='bbox 918 1645 1041 1718; x_wconf 91' lang='lat' dir='ltr'>propriis</span> <span class='ocrx_word' id='word_1_143' title='bbox 1050 1651 1079 1702; x_wconf 90' lang='lat' dir='ltr'>et</span> <span class='ocrx_word' id='word_1_144' title='bbox 1092 1643 1284 1716; x_wconf 82' lang='lat' dir='ltr'>dignitatibus</span> 
     </span>
     <span class='ocr_line' id='line_1_18' title="bbox 237 1729 1286 1804; baseline -0.005 -14"><span class='ocrx_word' id='word_1_145' title='bbox 237 1731 405 1791; x_wconf 70' lang='lat' dir='ltr'>«distinctis</span> <span class='ocrx_word' id='word_1_146' title='bbox 423 1731 518 1790; x_wconf 85' lang='lat' dir='ltr'>oldaia</span> <span class='ocrx_word' id='word_1_147' title='bbox 537 1730 853 1804; x_wconf 17' lang='lat' dir='ltr'>potestatisiutriusque</span> <span class='ocrx_word' id='word_1_148' title='bbox 875 1730 1028 1800; x_wconf 84' lang='lat' dir='ltr'>discrerit,</span> <span class='ocrx_word' id='word_1_149' title='bbox 1049 1729 1164 1802; x_wconf 91' lang='lat' dir='ltr'>propria</span> <span class='ocrx_word' id='word_1_150' title='bbox 1182 1729 1286 1786; x_wconf 82' lang='lat' dir='ltr'>rolens</span> 
     </span>
     <span class='ocr_line' id='line_1_19' title="bbox 237 1810 1287 1894; baseline 0.003 -26"><span class='ocrx_word' id='word_1_151' title='bbox 237 1839 247 1868; x_wconf 72' lang='grc' dir='ltr'>ι</span> <span class='ocrx_word' id='word_1_152' title='bbox 265 1816 428 1875; x_wconf 88' lang='lat' dir='ltr'>medicinali</span> <span class='ocrx_word' id='word_1_153' title='bbox 443 1813 603 1874; x_wconf 88' lang='lat' dir='ltr'>bumilitate</span> <span class='ocrx_word' id='word_1_154' title='bbox 618 1829 734 1872; x_wconf 88' lang='lat' dir='ltr'>sursum</span> <span class='ocrx_word' id='word_1_155' title='bbox 748 1810 854 1881; x_wconf 80' lang='lat' dir='ltr'>efferri,</span> <span class='ocrx_word' id='word_1_156' title='bbox 866 1829 923 1872; x_wconf 91' lang='lat' dir='ltr'>uon</span> <span class='ocrx_word' id='word_1_157' title='bbox 937 1813 1062 1872; x_wconf 91' lang='lat' dir='ltr'>bumana</span> <span class='ocrx_word' id='word_1_158' title='bbox 1071 1814 1209 1894; x_wconf 88' lang='lat' dir='ltr'>superbia</span> <span class='ocrx_word' id='word_1_159' title='bbox 1223 1829 1287 1871; x_wconf 87' lang='lat' dir='ltr'>rur·</span> 
     </span>
     <span class='ocr_line' id='line_1_20' title="bbox 237 1898 1287 1972; baseline 0.005 -20"><span class='ocrx_word' id='word_1_160' title='bbox 237 1925 247 1952; x_wconf 65' lang='lat' dir='ltr'>a</span> <span class='ocrx_word' id='word_1_161' title='bbox 265 1916 314 1958; x_wconf 90' lang='lat' dir='ltr'>sus</span> <span class='ocrx_word' id='word_1_162' title='bbox 328 1899 358 1957; x_wconf 92' lang='lat' dir='ltr'>in</span> <span class='ocrx_word' id='word_1_163' title='bbox 374 1899 519 1960; x_wconf 80' lang='lat' dir='ltr'>internum</span> <span class='ocrx_word' id='word_1_164' title='bbox 538 1899 683 1972; x_wconf 78' lang='lat' dir='ltr'>demergi3</span> <span class='ocrx_word' id='word_1_165' title='bbox 706 1905 738 1955; x_wconf 94' lang='lat' dir='ltr'>ut</span> <span class='ocrx_word' id='word_1_166' title='bbox 752 1905 782 1957; x_wconf 90' lang='lat' dir='ltr'>et</span> <span class='ocrx_word' id='word_1_167' title='bbox 800 1898 949 1957; x_wconf 88' lang='lat' dir='ltr'>christiani</span> <span class='ocrx_word' id='word_1_168' title='bbox 964 1899 1151 1971; x_wconf 88' lang='lat' dir='ltr'>imperatores</span> <span class='ocrx_word' id='word_1_169' title='bbox 1171 1913 1226 1971; x_wconf 92' lang='lat' dir='ltr'>pro</span> <span class='ocrx_word' id='word_1_170' title='bbox 1239 1913 1287 1957; x_wconf 75' lang='lat' dir='ltr'>ae</span> 
     </span>
     <span class='ocr_line' id='line_1_21' title="bbox 237 1983 1289 2056; baseline 0.003 -19"><span class='ocrx_word' id='word_1_171' title='bbox 237 2007 248 2037; x_wconf 75' lang='lat' dir='ltr'>r</span> <span class='ocrx_word' id='word_1_172' title='bbox 266 1991 347 2044; x_wconf 85' lang='lat' dir='ltr'>terna</span> <span class='ocrx_word' id='word_1_173' title='bbox 361 1983 420 2041; x_wconf 87' lang='lat' dir='ltr'>vita</span> <span class='ocrx_word' id='word_1_174' title='bbox 436 1983 618 2042; x_wconf 88' lang='lat' dir='ltr'>l‘ootilicibus</span> <span class='ocrx_word' id='word_1_175' title='bbox 632 1983 813 2056; x_wconf 83' lang='lat' dir='ltr'>indigerent,</span> <span class='ocrx_word' id='word_1_176' title='bbox 829 1989 858 2042; x_wconf 86' lang='lat' dir='ltr'>et</span> <span class='ocrx_word' id='word_1_177' title='bbox 873 1983 1091 2056; x_wconf 83' lang='lat' dir='ltr'>Pontilicospro</span> <span class='ocrx_word' id='word_1_178' title='bbox 1110 1997 1200 2041; x_wconf 89' lang='lat' dir='ltr'>cursu</span> <span class='ocrx_word' id='word_1_179' title='bbox 1216 1989 1289 2042; x_wconf 89' lang='lat' dir='ltr'>tem-</span> 
     </span>
     <span class='ocr_line' id='line_1_22' title="bbox 237 2067 1285 2144; baseline 0.003 -22"><span class='ocrx_word' id='word_1_180' title='bbox 237 2069 407 2144; x_wconf 80' lang='lat' dir='ltr'>«peralium</span> <span class='ocrx_word' id='word_1_181' title='bbox 427 2067 621 2126; x_wconf 92' lang='lat' dir='ltr'>tantummodo</span> <span class='ocrx_word' id='word_1_182' title='bbox 642 2083 739 2127; x_wconf 90' lang='lat' dir='ltr'>rerum</span> <span class='ocrx_word' id='word_1_183' title='bbox 760 2068 961 2142; x_wconf 89' lang='lat' dir='ltr'>imperialibus</span> <span class='ocrx_word' id='word_1_184' title='bbox 980 2067 1092 2140; x_wconf 89' lang='lat' dir='ltr'>legibus</span> <span class='ocrx_word' id='word_1_185' title='bbox 1113 2073 1285 2140; x_wconf 80' lang='lat' dir='ltr'>uterentur3</span> 
     </span>
     <span class='ocr_line' id='line_1_23' title="bbox 238 2149 1290 2226; baseline 0.005 -22"><span class='ocrx_word' id='word_1_186' title='bbox 238 2157 406 2225; x_wconf 74' lang='lat' dir='ltr'>«quatenus</span> <span class='ocrx_word' id='word_1_187' title='bbox 423 2149 579 2226; x_wconf 88' lang='lat' dir='ltr'>spiritualis</span> <span class='ocrx_word' id='word_1_188' title='bbox 600 2152 673 2210; x_wconf 92' lang='lat' dir='ltr'>actio</span> <span class='ocrx_word' id='word_1_189' title='bbox 695 2168 712 2210; x_wconf 93' lang='lat' dir='ltr'>a</span> <span class='ocrx_word' id='word_1_190' title='bbox 731 2152 895 2210; x_wconf 91' lang='lat' dir='ltr'>carnalibus</span> <span class='ocrx_word' id='word_1_191' title='bbox 915 2151 1033 2210; x_wconf 86' lang='lat' dir='ltr'>distaret</span> <span class='ocrx_word' id='word_1_192' title='bbox 1051 2151 1238 2224; x_wconf 83' lang='lat' dir='ltr'>iucursibus,</span> <span class='ocrx_word' id='word_1_193' title='bbox 1258 2157 1290 2210; x_wconf 88' lang='lat' dir='ltr'>et</span> 
     </span>
     <span class='ocr_line' id='line_1_24' title="bbox 238 2235 1289 2310; baseline 0.005 -22"><span class='ocrx_word' id='word_1_194' title='bbox 238 2257 248 2288; x_wconf 67' lang='lat' dir='ltr'>a</span> <span class='ocrx_word' id='word_1_195' title='bbox 266 2237 328 2294; x_wconf 92' lang='lat' dir='ltr'>ideo</span> <span class='ocrx_word' id='word_1_196' title='bbox 349 2235 475 2294; x_wconf 89' lang='lat' dir='ltr'>militans</span> <span class='ocrx_word' id='word_1_197' title='bbox 490 2235 545 2295; x_wconf 89' lang='lat' dir='ltr'>lleo</span> <span class='ocrx_word' id='word_1_198' title='bbox 563 2236 683 2298; x_wconf 89' lang='lat' dir='ltr'>minime</span> <span class='ocrx_word' id='word_1_199' title='bbox 698 2253 729 2296; x_wconf 90' lang='lat' dir='ltr'>se</span> <span class='ocrx_word' id='word_1_200' title='bbox 747 2238 869 2310; x_wconf 85' lang='lat' dir='ltr'>negotiis</span> <span class='ocrx_word' id='word_1_201' title='bbox 887 2237 1083 2296; x_wconf 90' lang='lat' dir='ltr'>soecularibus</span> <span class='ocrx_word' id='word_1_202' title='bbox 1102 2235 1289 2310; x_wconf 83' lang='lat' dir='ltr'>implicarec,·</span> 
     </span>
     <span class='ocr_line' id='line_1_25' title="bbox 236 2319 1291 2397; baseline 0.002 -21"><span class='ocrx_word' id='word_1_203' title='bbox 236 2343 249 2368; x_wconf 78' lang='lat' dir='ltr'>u</span> <span class='ocrx_word' id='word_1_204' title='bbox 266 2334 299 2377; x_wconf 92' lang='lat' dir='ltr'>ac</span> <span class='ocrx_word' id='word_1_205' title='bbox 311 2319 438 2378; x_wconf 89' lang='lat' dir='ltr'>vicissim</span> <span class='ocrx_word' id='word_1_206' title='bbox 453 2335 511 2379; x_wconf 92' lang='lat' dir='ltr'>nou</span> <span class='ocrx_word' id='word_1_207' title='bbox 525 2320 572 2378; x_wconf 89' lang='lat' dir='ltr'>ille</span> <span class='ocrx_word' id='word_1_208' title='bbox 586 2321 672 2380; x_wconf 89' lang='lat' dir='ltr'>rebus</span> <span class='ocrx_word' id='word_1_209' title='bbox 687 2321 793 2380; x_wconf 82' lang='lat' dir='ltr'>divinis</span> <span class='ocrx_word' id='word_1_210' title='bbox 805 2322 969 2397; x_wconf 83' lang='lat' dir='ltr'>praesidere</span> <span class='ocrx_word' id='word_1_211' title='bbox 979 2321 1132 2389; x_wconf 83' lang='lat' dir='ltr'>videretur,</span> <span class='ocrx_word' id='word_1_212' title='bbox 1145 2321 1194 2395; x_wconf 88' lang='lat' dir='ltr'>qni</span> <span class='ocrx_word' id='word_1_213' title='bbox 1211 2325 1291 2380; x_wconf 77' lang='lat' dir='ltr'>esset</span> 
     </span>
     <span class='ocr_line' id='line_1_26' title="bbox 238 2404 845 2479; baseline 0.003 -18"><span class='ocrx_word' id='word_1_214' title='bbox 238 2426 249 2456; x_wconf 78' lang='grc' dir='ltr'>ι</span> <span class='ocrx_word' id='word_1_215' title='bbox 267 2404 387 2477; x_wconf 88' lang='lat' dir='ltr'>negotiis</span> <span class='ocrx_word' id='word_1_216' title='bbox 402 2404 594 2464; x_wconf 87' lang='lat' dir='ltr'>saecularibus</span> <span class='ocrx_word' id='word_1_217' title='bbox 610 2405 773 2479; x_wconf 87' lang='lat' dir='ltr'>implicatus</span> <span class='ocrx_word' id='word_1_218' title='bbox 789 2407 814 2463; x_wconf 78' lang='lat'>⁴.</span> <span class='ocrx_word' id='word_1_219' title='bbox 834 2429 845 2456; x_wconf 73' lang='grc' dir='ltr'>ι</span> 
     </span>
    </p>

    <p class='ocr_par' dir='ltr' id='par_1_5' title="bbox 236 2489 1362 3751">
     <span class='ocr_line' id='line_1_27' title="bbox 270 2489 1362 2564; baseline 0.003 -18"><span class='ocrx_word' id='word_1_220' title='bbox 270 2489 332 2547; x_wconf 73' lang='lat' dir='ltr'>tlt.</span> <span class='ocrx_word' id='word_1_221' title='bbox 350 2489 494 2549; x_wconf 86' lang='lat' dir='ltr'>Praeterea</span> <span class='ocrx_word' id='word_1_222' title='bbox 509 2504 575 2548; x_wconf 89' lang='lat' dir='ltr'>curn</span> <span class='ocrx_word' id='word_1_223' title='bbox 588 2496 710 2564; x_wconf 83' lang='lat' dir='ltr'>utraque</span> <span class='ocrx_word' id='word_1_224' title='bbox 726 2491 879 2549; x_wconf 84' lang='lat' dir='ltr'>auctoritas</span> <span class='ocrx_word' id='word_1_225' title='bbox 893 2490 1001 2550; x_wconf 91' lang='lat' dir='ltr'>bonum</span> <span class='ocrx_word' id='word_1_226' title='bbox 1016 2491 1140 2551; x_wconf 88' lang='lat' dir='ltr'>bominis</span> <span class='ocrx_word' id='word_1_227' title='bbox 1155 2491 1292 2549; x_wconf 81' lang='lat' dir='ltr'>intendat</span> <span class='ocrx_word' id='word_1_228' title='bbox 1361 2524 1362 2535; x_wconf 61' lang='lat'>2</span> 
     </span>
     <span class='ocr_line' id='line_1_28' title="bbox 236 2574 1291 2650; baseline -0.002 -14"><span class='ocrx_word' id='word_1_229' title='bbox 236 2574 308 2636; x_wconf 92' lang='lat' dir='ltr'>etad</span> <span class='ocrx_word' id='word_1_230' title='bbox 318 2575 445 2634; x_wconf 86' lang='lat' dir='ltr'>divinam</span> <span class='ocrx_word' id='word_1_231' title='bbox 455 2574 573 2648; x_wconf 88' lang='lat' dir='ltr'>gloriam</span> <span class='ocrx_word' id='word_1_232' title='bbox 584 2575 614 2634; x_wconf 94' lang='lat' dir='ltr'>in</span> <span class='ocrx_word' id='word_1_233' title='bbox 624 2591 675 2634; x_wconf 89' lang='lat' dir='ltr'>suo</span> <span class='ocrx_word' id='word_1_234' title='bbox 685 2575 785 2634; x_wconf 92' lang='lat' dir='ltr'>ordine</span> <span class='ocrx_word' id='word_1_235' title='bbox 795 2577 945 2649; x_wconf 72' lang='lat' dir='ltr'>reieratun</span> <span class='ocrx_word' id='word_1_236' title='bbox 955 2576 1056 2634; x_wconf 91' lang='lat' dir='ltr'>ambae</span> <span class='ocrx_word' id='word_1_237' title='bbox 1067 2575 1291 2650; x_wconf 83' lang='lat' dir='ltr'>mutuapraesi·</span> 
     </span>
     <span class='ocr_line' id='line_1_29' title="bbox 236 2659 1293 2734; baseline 0 -16"><span class='ocrx_word' id='word_1_238' title='bbox 236 2661 284 2718; x_wconf 89' lang='lat' dir='ltr'>dia</span> <span class='ocrx_word' id='word_1_239' title='bbox 298 2659 353 2718; x_wconf 89' lang='lat' dir='ltr'>sibi</span> <span class='ocrx_word' id='word_1_240' title='bbox 366 2659 489 2718; x_wconf 90' lang='lat' dir='ltr'>invicem</span> <span class='ocrx_word' id='word_1_241' title='bbox 506 2660 686 2734; x_wconf 92' lang='lat' dir='ltr'>suppeditare</span> <span class='ocrx_word' id='word_1_242' title='bbox 702 2661 826 2732; x_wconf 79' lang='lat' dir='ltr'>debent,</span> <span class='ocrx_word' id='word_1_243' title='bbox 843 2668 875 2720; x_wconf 94' lang='lat' dir='ltr'>ut</span> <span class='ocrx_word' id='word_1_244' title='bbox 889 2662 931 2719; x_wconf 90' lang='lat' dir='ltr'>sic</span> <span class='ocrx_word' id='word_1_245' title='bbox 949 2667 1004 2719; x_wconf 90' lang='lat' dir='ltr'>tota</span> <span class='ocrx_word' id='word_1_246' title='bbox 1013 2660 1134 2720; x_wconf 77' lang='lat' dir='ltr'>sociems</span> <span class='ocrx_word' id='word_1_247' title='bbox 1150 2662 1293 2734; x_wconf 80' lang='lat' dir='ltr'>utrinque</span> 
     </span>
     <span class='ocr_line' id='line_1_30' title="bbox 236 2743 1296 2819; baseline 0.002 -17"><span class='ocrx_word' id='word_1_248' title='bbox 236 2743 333 2802; x_wconf 88' lang='lat' dir='ltr'>adiuta</span> <span class='ocrx_word' id='word_1_249' title='bbox 341 2745 372 2802; x_wconf 94' lang='lat' dir='ltr'>iu</span> <span class='ocrx_word' id='word_1_250' title='bbox 384 2745 470 2803; x_wconf 87' lang='lat' dir='ltr'>linem</span> <span class='ocrx_word' id='word_1_251' title='bbox 480 2759 497 2801; x_wconf 94' lang='lat' dir='ltr'>a</span> <span class='ocrx_word' id='word_1_252' title='bbox 506 2744 562 2802; x_wconf 81' lang='lat' dir='ltr'>lieo</span> <span class='ocrx_word' id='word_1_253' title='bbox 575 2746 775 2818; x_wconf 88' lang='lat' dir='ltr'>praestitutum</span> <span class='ocrx_word' id='word_1_254' title='bbox 784 2753 998 2819; x_wconf 85' lang='lat' dir='ltr'>promoveatur.</span> <span class='ocrx_word' id='word_1_255' title='bbox 1011 2746 1081 2804; x_wconf 85' lang='lat' dir='ltr'>ilinc</span> <span class='ocrx_word' id='word_1_256' title='bbox 1092 2744 1223 2802; x_wconf 88' lang='lat' dir='ltr'>Ecclesia</span> <span class='ocrx_word' id='word_1_257' title='bbox 1231 2746 1296 2804; x_wconf 83' lang='lat' dir='ltr'>Sta-</span> 
     </span>
     <span class='ocr_line' id='line_1_31' title="bbox 236 2828 1294 2902; baseline 0.003 -17"><span class='ocrx_word' id='word_1_258' title='bbox 236 2834 297 2885; x_wconf 89' lang='lat' dir='ltr'>tum</span> <span class='ocrx_word' id='word_1_259' title='bbox 320 2828 468 2902; x_wconf 84' lang='lat' dir='ltr'>politicum</span> <span class='ocrx_word' id='word_1_260' title='bbox 486 2828 565 2886; x_wconf 89' lang='lat' dir='ltr'>iuvat</span> <span class='ocrx_word' id='word_1_261' title='bbox 585 2829 764 2888; x_wconf 81' lang='lat' dir='ltr'>informando</span> <span class='ocrx_word' id='word_1_262' title='bbox 779 2830 888 2888; x_wconf 89' lang='lat' dir='ltr'>civium</span> <span class='ocrx_word' id='word_1_263' title='bbox 906 2845 1026 2898; x_wconf 88' lang='lat' dir='ltr'>mores,</span> <span class='ocrx_word' id='word_1_264' title='bbox 1048 2830 1245 2888; x_wconf 82' lang='lat' dir='ltr'>reverentiam</span> <span class='ocrx_word' id='word_1_265' title='bbox 1263 2835 1294 2888; x_wconf 85' lang='lat' dir='ltr'>et</span> 
     </span>
     <span class='ocr_line' id='line_1_32' title="bbox 236 2911 1295 2988; baseline 0.003 -17"><span class='ocrx_word' id='word_1_266' title='bbox 236 2911 446 2971; x_wconf 86' lang='lat' dir='ltr'>observantiam</span> <span class='ocrx_word' id='word_1_267' title='bbox 456 2912 562 2972; x_wconf 83' lang='lat' dir='ltr'>iunium</span> <span class='ocrx_word' id='word_1_268' title='bbox 577 2913 758 2988; x_wconf 77' lang='lat' dir='ltr'>inculcando,</span> <span class='ocrx_word' id='word_1_269' title='bbox 774 2913 900 2972; x_wconf 92' lang='lat' dir='ltr'>iubendo</span> <span class='ocrx_word' id='word_1_270' title='bbox 909 2914 1101 2973; x_wconf 89' lang='lat' dir='ltr'>obedientiam</span> <span class='ocrx_word' id='word_1_271' title='bbox 1117 2930 1187 2987; x_wconf 90' lang='lat' dir='ltr'>erga</span> <span class='ocrx_word' id='word_1_272' title='bbox 1197 2915 1295 2988; x_wconf 87' lang='lat' dir='ltr'>legiti-</span> 
     </span>
     <span class='ocr_line' id='line_1_33' title="bbox 236 2997 1296 3070; baseline 0.003 -15"><span class='ocrx_word' id='word_1_273' title='bbox 236 2997 1296 3070; x_wconf 79' lang='lat' dir='ltr'>mamauctoritatemadomnemvirtutemotordinisnroralisiocrernen-</span> 
     </span>
     <span class='ocr_line' id='line_1_34' title="bbox 238 3081 1296 3158; baseline 0.004 -18"><span class='ocrx_word' id='word_1_274' title='bbox 238 3087 299 3141; x_wconf 89' lang='lat' dir='ltr'>tum</span> <span class='ocrx_word' id='word_1_275' title='bbox 309 3087 336 3142; x_wconf 90' lang='lat' dir='ltr'>et</span> <span class='ocrx_word' id='word_1_276' title='bbox 352 3081 468 3141; x_wconf 91' lang='lat' dir='ltr'>tutelam</span> <span class='ocrx_word' id='word_1_277' title='bbox 476 3083 658 3142; x_wconf 86' lang='lat' dir='ltr'>cohortando.</span> <span class='ocrx_word' id='word_1_278' title='bbox 672 3084 766 3142; x_wconf 85' lang='lat' dir='ltr'>Status</span> <span class='ocrx_word' id='word_1_279' title='bbox 775 3099 842 3142; x_wconf 83' lang='lat' dir='ltr'>vero</span> <span class='ocrx_word' id='word_1_280' title='bbox 853 3084 984 3158; x_wconf 82' lang='lat' dir='ltr'>politicus</span> <span class='ocrx_word' id='word_1_281' title='bbox 993 3100 1031 3142; x_wconf 85' lang='lat' dir='ltr'>ex</span> <span class='ocrx_word' id='word_1_282' title='bbox 1039 3089 1117 3158; x_wconf 90' lang='lat' dir='ltr'>parte</span> <span class='ocrx_word' id='word_1_283' title='bbox 1128 3099 1182 3142; x_wconf 91' lang='lat' dir='ltr'>sua</span> <span class='ocrx_word' id='word_1_284' title='bbox 1191 3084 1296 3144; x_wconf 83' lang='lat' dir='ltr'>Eccle-</span> 
     </span>
     <span class='ocr_line' id='line_1_35' title="bbox 237 3167 1298 3242; baseline 0.001 -16"><span class='ocrx_word' id='word_1_285' title='bbox 237 3167 296 3226; x_wconf 88' lang='lat' dir='ltr'>siae</span> <span class='ocrx_word' id='word_1_286' title='bbox 305 3167 498 3241; x_wconf 84' lang='lat' dir='ltr'>opitulabitur,</span> <span class='ocrx_word' id='word_1_287' title='bbox 506 3167 685 3227; x_wconf 87' lang='lat' dir='ltr'>elusiuribus</span> <span class='ocrx_word' id='word_1_288' title='bbox 697 3168 814 3228; x_wconf 75' lang='lat' dir='ltr'>tumlam</span> <span class='ocrx_word' id='word_1_289' title='bbox 825 3169 1023 3242; x_wconf 65' lang='lat' dir='ltr'>impertienda</span> <span class='ocrx_word' id='word_1_290' title='bbox 1032 3169 1061 3226; x_wconf 79' lang='lat' dir='ltr'>ri</span> <span class='ocrx_word' id='word_1_291' title='bbox 1071 3169 1258 3228; x_wconf 77' lang='lat' dir='ltr'>aduersarios</span> <span class='ocrx_word' id='word_1_292' title='bbox 1266 3175 1298 3228; x_wconf 84' lang='lat' dir='ltr'>et</span> 
     </span>
     <span class='ocr_line' id='line_1_36' title="bbox 237 3251 1298 3327; baseline 0.004 -17"><span class='ocrx_word' id='word_1_293' title='bbox 237 3251 349 3326; x_wconf 83' lang='lat' dir='ltr'>impios,</span> <span class='ocrx_word' id='word_1_294' title='bbox 360 3252 409 3326; x_wconf 81' lang='lat' dir='ltr'>qui</span> <span class='ocrx_word' id='word_1_295' title='bbox 419 3252 558 3311; x_wconf 88' lang='lat' dir='ltr'>Ecclesiae</span> <span class='ocrx_word' id='word_1_296' title='bbox 568 3253 759 3312; x_wconf 87' lang='lat' dir='ltr'>ministerium</span> <span class='ocrx_word' id='word_1_297' title='bbox 769 3253 938 3327; x_wconf 87' lang='lat' dir='ltr'>impediunt,</span> <span class='ocrx_word' id='word_1_298' title='bbox 948 3253 1298 3326; x_wconf 75' lang='lat' dir='ltr'>reprimend03sterneu·</span> 
     </span>
     <span class='ocr_line' id='line_1_37' title="bbox 238 3335 1298 3411; baseline 0.002 -16"><span class='ocrx_word' id='word_1_299' title='bbox 238 3337 273 3396; x_wconf 91' lang='lat' dir='ltr'>do</span> <span class='ocrx_word' id='word_1_300' title='bbox 281 3337 357 3396; x_wconf 87' lang='lat' dir='ltr'>viam</span> <span class='ocrx_word' id='word_1_301' title='bbox 367 3345 395 3395; x_wconf 91' lang='lat' dir='ltr'>et</span> <span class='ocrx_word' id='word_1_302' title='bbox 405 3335 713 3411; x_wconf 88' lang='lat' dir='ltr'>mediasuppeditundo</span> <span class='ocrx_word' id='word_1_303' title='bbox 723 3338 831 3411; x_wconf 87' lang='lat' dir='ltr'>quibus</span> <span class='ocrx_word' id='word_1_304' title='bbox 840 3338 924 3396; x_wconf 83' lang='lat' dir='ltr'>facile</span> <span class='ocrx_word' id='word_1_305' title='bbox 933 3337 1100 3411; x_wconf 86' lang='lat' dir='ltr'>etexpedite</span> <span class='ocrx_word' id='word_1_306' title='bbox 1109 3337 1298 3397; x_wconf 82' lang='lat' dir='ltr'>salutiferam</span> 
     </span>
     <span class='ocr_line' id='line_1_38' title="bbox 239 3421 1297 3498; baseline 0.002 -18"><span class='ocrx_word' id='word_1_307' title='bbox 239 3437 321 3481; x_wconf 89' lang='lat' dir='ltr'>suam</span> <span class='ocrx_word' id='word_1_308' title='bbox 336 3421 476 3481; x_wconf 88' lang='lat' dir='ltr'>actionem</span> <span class='ocrx_word' id='word_1_309' title='bbox 488 3421 611 3481; x_wconf 89' lang='lat' dir='ltr'>Ecclesia</span> <span class='ocrx_word' id='word_1_310' title='bbox 623 3438 759 3481; x_wconf 83' lang='lat' dir='ltr'>exercere</span> <span class='ocrx_word' id='word_1_311' title='bbox 775 3423 875 3496; x_wconf 80' lang='lat' dir='ltr'>possit3</span> <span class='ocrx_word' id='word_1_312' title='bbox 893 3423 925 3481; x_wconf 94' lang='lat' dir='ltr'>in</span> <span class='ocrx_word' id='word_1_313' title='bbox 940 3437 1064 3495; x_wconf 89' lang='lat' dir='ltr'>summa,</span> <span class='ocrx_word' id='word_1_314' title='bbox 1081 3422 1176 3480; x_wconf 81' lang='lat' dir='ltr'>liamli</span> <span class='ocrx_word' id='word_1_315' title='bbox 1189 3425 1297 3498; x_wconf 84' lang='lat' dir='ltr'>magni</span> 
     </span>
     <span class='ocr_line' id='line_1_39' title="bbox 238 3506 1297 3583; baseline 0.002 -18"><span class='ocrx_word' id='word_1_316' title='bbox 238 3506 405 3580; x_wconf 80' lang='lat' dir='ltr'>exequendo</span> <span class='ocrx_word' id='word_1_317' title='bbox 424 3507 594 3564; x_wconf 88' lang='lat' dir='ltr'>senteutiam</span> <span class='ocrx_word' id='word_1_318' title='bbox 609 3521 665 3579; x_wconf 82' lang='lat' dir='ltr'>ntra</span> <span class='ocrx_word' id='word_1_319' title='bbox 675 3507 897 3579; x_wconf 86' lang='lat' dir='ltr'>gloriosissimus</span> <span class='ocrx_word' id='word_1_320' title='bbox 912 3508 961 3566; x_wconf 95' lang='lat' dir='ltr'>ille</span> <span class='ocrx_word' id='word_1_321' title='bbox 977 3507 1131 3581; x_wconf 89' lang='lat' dir='ltr'>imperator</span> <span class='ocrx_word' id='word_1_322' title='bbox 1151 3522 1184 3566; x_wconf 86' lang='lat' dir='ltr'>se</span> <span class='ocrx_word' id='word_1_323' title='bbox 1205 3509 1297 3583; x_wconf 79' lang='lat' dir='ltr'>Copi-</span> 
     </span>
     <span class='ocr_line' id='line_1_40' title="bbox 240 3589 1300 3666; baseline 0.005 -18"><span class='ocrx_word' id='word_1_324' title='bbox 240 3589 588 3650; x_wconf 83' lang='lat' dir='ltr'>tuloribasinscribebat:</span> <span class='ocrx_word' id='word_1_325' title='bbox 606 3590 732 3649; x_wconf 84' lang='lat' dir='ltr'>Karalus</span> <span class='ocrx_word' id='word_1_326' title='bbox 748 3591 797 3650; x_wconf 84' lang='lat' dir='ltr'>lloi</span> <span class='ocrx_word' id='word_1_327' title='bbox 810 3592 986 3666; x_wconf 80' lang='lat' dir='ltr'>protiorac,</span> <span class='ocrx_word' id='word_1_328' title='bbox 1003 3590 1145 3650; x_wconf 75' lang='lat' dir='ltr'>Ecclesiae</span> <span class='ocrx_word' id='word_1_329' title='bbox 1154 3592 1300 3666; x_wconf 75' lang='lat' dir='ltr'>descrrwr</span> 
     </span>
     <span class='ocr_line' id='line_1_41' title="bbox 240 3670 1088 3751; baseline 0.006 -20"><span class='ocrx_word' id='word_1_330' title='bbox 240 3681 265 3731; x_wconf 86' lang='lat' dir='ltr'>ct</span> <span class='ocrx_word' id='word_1_331' title='bbox 279 3675 313 3732; x_wconf 85' lang='lat' dir='ltr'>in</span> <span class='ocrx_word' id='word_1_332' title='bbox 328 3674 463 3733; x_wconf 83' lang='lat' dir='ltr'>oartrtibus</span> <span class='ocrx_word' id='word_1_333' title='bbox 473 3673 650 3748; x_wconf 84' lang='lat' dir='ltr'>Apostolicac</span> <span class='ocrx_word' id='word_1_334' title='bbox 663 3675 739 3733; x_wconf 83' lang='lat' dir='ltr'>sodis</span> <span class='ocrx_word' id='word_1_335' title='bbox 749 3670 941 3751; x_wconf 66' lang='lat' dir='ltr'>fidelissimus</span> <span class='ocrx_word' id='word_1_336' title='bbox 956 3675 1088 3736; x_wconf 82' lang='lat' dir='ltr'>adiutor.</span> 
     </span>
    </p>
   </div>
   <div class='ocr_carea' id='block_1_3' title="bbox 284 3849 1180 3918">
    <p class='ocr_par' dir='ltr' id='par_1_6' title="bbox 284 3849 1180 3918">
     <span class='ocr_line' id='line_1_42' title="bbox 284 3849 1180 3918; baseline 0.015 -24"><span class='ocrx_word' id='word_1_337' title='bbox 284 3849 295 3894; x_wconf 86' lang='lat' dir='ltr'>l</span> <span class='ocrx_word' id='word_1_338' title='bbox 314 3851 345 3897; x_wconf 83' lang='lat' dir='ltr'>lto</span> <span class='ocrx_word' id='word_1_339' title='bbox 359 3851 438 3914; x_wconf 77' lang='lat' dir='ltr'>quibus</span> <span class='ocrx_word' id='word_1_340' title='bbox 449 3851 474 3900; x_wconf 81' lang='lat' dir='ltr'>lt</span> <span class='ocrx_word' id='word_1_341' title='bbox 490 3855 571 3902; x_wconf 84' lang='lat' dir='ltr'>mentio</span> <span class='ocrx_word' id='word_1_342' title='bbox 587 3853 610 3902; x_wconf 83' lang='lat' dir='ltr'>iu</span> <span class='ocrx_word' id='word_1_343' title='bbox 623 3856 718 3918; x_wconf 78' lang='lat' dir='ltr'>Capite:</span> <span class='ocrx_word' id='word_1_344' title='bbox 731 3869 778 3907; x_wconf 83' lang='lat' dir='ltr'>coll</span> <span class='ocrx_word' id='word_1_345' title='bbox 789 3868 819 3906; x_wconf 81' lang='lat' dir='ltr'>to</span> <span class='ocrx_word' id='word_1_346' title='bbox 829 3869 905 3907; x_wconf 73' lang='lat' dir='ltr'>nob!</span> <span class='ocrx_word' id='word_1_347' title='bbox 920 3859 963 3908; x_wconf 81' lang='lat' dir='ltr'>ete.</span> <span class='ocrx_word' id='word_1_348' title='bbox 976 3857 998 3906; x_wconf 84' lang='grc'>0.</span> <span class='ocrx_word' id='word_1_349' title='bbox 1015 3856 1121 3906; x_wconf 78' lang='lat' dir='ltr'>Distinet.</span> <span class='ocrx_word' id='word_1_350' title='bbox 1139 3857 1180 3907; x_wconf 83' lang='lat' dir='ltr'>oo.</span> 
     </span>
    </p>
   </div>
   <div class='ocr_carea' id='block_1_4' title="bbox 0 0 1403 4492">
    <p class='ocr_par' dir='ltr' id='par_1_7' title="bbox 0 0 1403 4492">
     <span class='ocr_line' id='line_1_43' title="bbox 0 0 1403 4492; baseline 0 0"><span class='ocrx_word' id='word_1_351' title='bbox 0 0 1403 4492; x_wconf 95' lang='lat' dir='ltr'> </span> 
     </span>
    </p>
   </div>
  </div>
 </body>
</html>
