2767 4492
425 373 499 420 slus
514 371 632 420 1111111
642 373 865 422 -rsrcnosoom
1117 361 1169 424 189

228 544 352 617 'langere
365 543 444 602 enim
457 547 485 602 et
501 544 588 616 tangi,
604 541 660 602 nisi
676 555 789 616 corpus,
804 542 885 601 nulla
896 547 989 616 potest
1002 559 1058 603 res.

157 711 248 770 Altera
262 708 334 770 ratio
349 719 411 783 est,
428 711 496 785 quia
509 710 618 770 iunctio
632 710 703 782 illa,
720 724 808 782 quam
827 709 965 783 adstruit,
982 712 1169 774 occidentalis

120 811 220 855 revera
234 801 294 868 est,
311 811 369 854 nou
383 795 599 854 substantiatis.
615 795 708 862 Quare
724 793 895 851 sententiam
909 794 1031 853 Platonis
1044 797 1167 856 redinte-

120 895 202 953 grare
218 879 337 951 videtur,
353 879 496 952 opinantis
511 878 640 937 animum
655 877 791 949 coniungi
806 877 927 951 corpori,
939 883 972 936 ut
985 893 1080 938 sessor
1095 896 1168 954 equo

121 969 170 1023 aut
183 963 423 1038 quemadmodum
440 970 529 1021 nauta
542 963 609 1021 nari
630 961 823 1034 coniungitur.
844 962 941 1020 lotam
956 963 1034 1021 enim
1049 964 1168 1023 coniun-

121 1048 245 1106 ctionem
259 1051 287 1106 et
300 1047 462 1107 societatem
478 1061 580 1121 corpus
595 1046 670 1105 inter
686 1051 715 1104 et
733 1045 862 1103 animum
875 1045 906 1104 iu
926 1047 980 1105 boo
991 1053 1111 1105 tantum
1125 1062 1167 1106 re

120 1131 209 1206 ponit,
219 1131 293 1205 quod
308 1131 421 1188 animus
435 1136 500 1204 agat
513 1130 543 1189 iu
558 1145 670 1202 corpus,
679 1135 708 1188 et
721 1130 848 1189 vicissim
864 1145 967 1205 corpus
979 1130 1010 1189 iu
1026 1132 1165 1191 animum.

120 1215 222 1274 utnon
236 1216 323 1274 etiam
337 1213 368 1273 in
383 1213 524 1272 sententia
537 1213 661 1272 Platonis
676 1213 769 1271 locum
786 1213 881 1271 babet.
901 1215 972 1274 Nam
987 1217 1182 1288 quemadmo·

121 1298 302 1356 dumuarim
314 1302 403 1356 nauta
416 1297 557 1370 gubernat
569 1302 597 1355 et
612 1296 648 1354 ad
662 1311 781 1355 cursum
795 1295 908 1370 dirigit,
925 1298 966 1356 ita
978 1299 1107 1358 vicissim
1121 1315 1172 1358 ua·

121 1383 166 1442 vis
179 1387 298 1440 11111111
310 1381 397 1454 vehit3
414 1386 442 1438 et
456 1380 698 1455 quemadmodum
711 1396 805 1439 sessor
818 1395 925 1452 equum
938 1381 1059 1440 habenis
1071 1384 1168 1442 mode·

122 1471 203 1525 ratur
215 1470 243 1524 et
253 1464 411 1524 calcaribus
421 1465 530 1538 pungit,
544 1464 583 1523 itu
597 1464 725 1522 vicissim
740 1479 832 1539 equus
846 1479 986 1524 sessorem
1003 1466 1098 1524 trabit.
1115 1468 1172 1525 llu-

125 1554 173 1608 tua
186 1549 273 1622 igitur
286 1547 433 1622 utriusque
449 1547 521 1606 actio
541 1563 591 1620 per
611 1548 757 1606 Platonem
771 1547 934 1621 inducitur,
950 1565 1004 1608 nec
1021 1555 1117 1610 tamen
1131 1552 1172 1610 id·

124 1634 200 1692 circo
214 1649 273 1691 uua
287 1633 416 1706 exsurgit
429 1631 587 1690 substantia
603 1637 652 1690 aut
667 1647 758 1690 uuum
772 1632 876 1705 agendi
895 1632 1078 1707 patiendique
1097 1636 1174 1708 prin·

124 1719 241 1792 cipium.
258 1718 374 1778 Ratione
388 1717 475 1790 igitur
487 1717 560 1790 pari,
573 1717 626 1775 etsi
641 1717 671 1775 in
683 1721 836 1791 systemate
846 1717 974 1776 influxus
982 1718 1095 1792 physici
1107 1725 1170 1778 mu·

124 1808 173 1862 tua
186 1803 259 1862 actio
274 1802 446 1874 adstruitur3
468 1801 545 1859 baud
560 1806 655 1860 tamen
670 1805 822 1876 propterea
840 1816 909 1859 vera
927 1807 956 1859 et
975 1803 1170 1864 substantialis

122 1887 239 1960 iunctio,
252 1901 326 1960 quae
341 1886 372 1945 in
386 1885 482 1944 animo
493 1899 560 1943 cum
571 1899 688 1959 corpore
701 1884 786 1957 riget,
800 1883 970 1958 explicatur.
987 1886 1077 1945 lmmo
1087 1886 1175 1946 etiam

124 1970 303 2044 abrumpitur
320 1969 433 2043 potius;
457 1969 532 2027 ootio
551 1969 711 2042 siquidem,
728 1974 761 2025 nt
780 1968 836 2026 dici
856 1968 946 2041 solet,
964 1970 1091 2044 sequitur
1105 1986 1171 2030 erse.

124 2055 243 2114 Proinde
257 2053 446 2112 substantiam
459 2053 518 2110 iam
532 2053 703 2110 existentem
721 2057 750 2109 et
763 2052 933 2125 completam
951 2053 1100 2127 subaudit,
1113 2071 1173 2115 non

124 2139 278 2198 constituit.
296 2138 324 2196 Sl
338 2137 426 2209 igitur
440 2152 542 2209 corpus
557 2137 624 2208 agit,
637 2143 665 2192 et
680 2136 794 2195 animus
809 2137 867 2209 agit
880 2151 932 2210 per
945 2137 1022 2196 vires
1037 2139 1092 2196 sibi
1108 2155 1173 2212 pro-

124 2223 220 2295 prias,
238 2235 291 2278 nec
310 2219 346 2277 ab
365 2234 425 2276 uno
445 2219 527 2276 alteri
548 2221 794 2284 communicatas;
811 2225 965 2294 utrumque
985 2222 1175 2281 substantiam

126 2305 257 2364 etlormat
271 2301 457 2377 completam,
474 2301 518 2360 sui
533 2301 613 2375 iuris,
631 2307 659 2360 ot
674 2303 770 2376 quoad
785 2304 927 2392 existendi
942 2305 1082 2379 principia
1095 2307 1175 2366 iudc-

125 2389 309 2464 pendentem.

162 2473 217 2532 Nec
233 2487 299 2530 roro
314 2472 471 2530 audiendus
486 2477 560 2531 esset
574 2473 623 2548 qui
642 2473 749 2533 diceret
767 2473 902 2548 platonici
920 2474 1082 2547 systematis
1097 2488 1174 2531 com-

125 2557 302 2632 parationem
316 2557 382 2615 inde
398 2557 494 2630 vitari,
512 2558 587 2631 quod
602 2558 717 2616 animus
733 2573 751 2616 a
766 2563 869 2617 natura
884 2559 921 2616 sit
935 2558 971 2616 ad
985 2557 1127 2630 agendum
1141 2557 1174 2616 iu

127 2658 243 2716 corpore
258 2642 423 2702 destinatus.
441 2644 509 2703 Nam
526 2643 572 2702 rel
583 2652 703 2702 naturae
713 2643 831 2702 nomine
841 2641 1065 2715 intelligiturllel
1075 2642 1175 2701 volun·

127 2731 179 2800 tas;
196 2726 387 2786 ethaeorum
402 2731 553 2786 externum
569 2728 675 2800 aliquid
695 2727 741 2799 sit,
758 2741 822 2785 rem
837 2725 1009 2784 intrinsecus
1024 2741 1081 2783 non
1097 2741 1174 2784 com·
1251 2767 1258 2780 .

126 2815 226 2869 mutat.
242 2813 274 2870 llt
288 2827 356 2870 saue
372 2812 396 2870 si
410 2811 460 2870 liei
474 2812 606 2871 voluntas
623 2811 769 2868 bominem
784 2809 910 2881 aliquem
920 2808 1074 2866 destinaret
1087 2814 1120 2867 ut
1136 2813 1177 2867 to

126 2903 154 2954 to
169 2910 237 2952 suae
252 2895 326 2978 yitae
338 2899 463 2966 tempore
474 2895 541 2952 navi
552 2895 697 2962 assisteret
706 2892 752 2948 vel
764 2891 903 2950 insideret
913 2905 996 2964 equo,
1008 2903 1080 2949 num
1089 2891 1178 2952 istaec

126 2976 276 3037 destinatio
286 2976 516 3033 coniunctionem
525 2974 605 3032 illam
616 2973 837 3032 substantialem
848 2974 986 3033 efiiceret?
1000 2975 1050 3033 llel
1059 2982 1180 3038 naturae

125 3060 242 3120 nomine
257 3057 497 3130 intelligituripse
508 3057 771 3130 animusquateuus
793 3058 978 3131 capacitatem
986 3060 1073 3118 habet
1081 3067 1110 3120 et
1119 3063 1180 3121 rim

126 3143 267 3204 influeudi
280 3142 311 3200 iu
326 3156 446 3216 corpus;
463 3147 547 3214 atque
562 3143 633 3200 baec
647 3142 682 3200 de
700 3155 810 3200 sessore
825 3143 930 3216 etiam,
947 3150 1078 3216 respectu
1093 3146 1177 3219 equi,
1255 3173 1258 3180 ·

126 3234 155 3287 et
168 3228 204 3287 de
217 3227 423 3301 gubernatore,
439 3231 569 3299 respectu
583 3225 665 3284 uaris
679 3225 736 3285 dici
750 3230 877 3299 possunt.
905 3227 1026 3300 Uterque
1042 3227 1121 3285 enim
1134 3243 1178 3286 rc·

126 3327 194 3370 vera
208 3311 262 3369 hac
277 3314 413 3384 potestate
427 3315 554 3383 ornatur,
572 3314 604 3368 ut
618 3308 689 3368 alter
704 3309 821 3383 navim,
838 3309 910 3368 alter
924 3325 1031 3383 equum
1045 3325 1180 3369 conscen-

54 3427 56 3430 -
125 3395 182 3467 dat,
199 3394 296 3469 ibique
311 3409 392 3453 suam
407 3399 539 3453 exerceat
553 3393 703 3454 actionem.

162 3478 231 3536 ilinc
247 3479 303 3537 alia
318 3478 478 3537 absurditas
493 3479 639 3552 sequitur:
666 3479 744 3554 quod
759 3479 837 3539 notio
853 3479 927 3538 vitae
942 3494 959 3537 a
973 3493 1108 3553 corpore,
1131 3481 1179 3540 cui

127 3563 254 3636 iungitur
269 3563 390 3636 animus,
407 3563 523 3622 omnino
538 3563 676 3622 exularet.
693 3565 764 3624 iiam
779 3568 872 3624 motor
882 3562 1067 3622 alteriusuon
1080 3565 1175 3624 estin·

129 3646 283 3706 trinsecum
303 3647 476 3723 principium
495 3649 694 3723 operationum
715 3649 796 3722 eius,
812 3648 864 3707 sed
880 3647 1092 3723 extrinsecum,
1109 3665 1178 3723 qua·

129 3733 212 3788 teum
231 3731 325 3804 ipsum
339 3733 623 3793 movetactioneuou
643 3734 822 3796 immaneute
837 3733 888 3791 sed
904 3736 1088 3806 transeunte,
1104 3750 1179 3807 quae

128 3813 307 3874 uimlrumin
322 3816 449 3876 subiecto
462 3818 609 3891 perficitur
622 3818 756 3878 disnncto
765 3817 916 3877 etdirerso
931 3815 968 3873 ab
983 3823 1128 3889 operante.
1144 3819 1178 3877 lt

128 3911 215 3970 uero,
235 3902 267 3957 ut
281 3913 367 3973 supra
380 3899 505 3962 diximus
518 3947 525 3974 ,
541 3902 619 3963 notio
632 3901 708 3965 vitae
721 3902 754 3964 iu
767 3917 801 3965 oo
814 3901 907 3976 posita
925 3903 987 3974 est,
1007 3901 1084 3974 quod
1103 3902 1171 3963 sub·
