2767 4492
489 315 696 361 1111111111
1069 299 1118 363 1119

82 395 127 455 sed
147 411 229 456 caeca
242 397 368 473 quadam
386 397 442 457 fide
456 403 611 473 conamen
631 399 712 458 nuilla
725 403 801 460 certe
816 399 940 474 cognitio
962 397 1118 474 posterior,

80 493 150 552 quae
162 479 237 540 illinc
249 482 386 556 emergit,
400 482 546 542 evidenter
559 483 697 557 eluceret;
715 482 945 558 qnandoquidem
960 481 1041 542 nuta
1055 497 1119 558 per·

79 563 159 623 lectio
171 565 202 623 in
214 581 348 640 processu
374 566 509 626 scientiae
522 567 642 642 reperiri
656 573 761 641 polest,
778 583 835 642 qua
853 573 931 628 caret
944 566 1119 642 principium

79 647 148 706 unde
160 649 210 708 illa
223 651 378 710 derivatim.
390 651 473 725 Atqui
488 650 529 710 ita
537 651 655 710 evidens
664 665 761 710 rerum
769 652 870 711 notitia
887 657 1009 710 amente
1018 651 1119 710 buma-

78 745 112 789 na
123 733 264 808 exulabit,
286 735 437 810 omniaque
452 735 489 794 ad
503 735 674 810 caligantem
687 735 840 808 quamdam
854 735 941 794 fidem
957 735 1118 796 testimonio

77 820 191 876 namrae
204 817 333 879 habitam
347 821 529 879 reducentur.
552 819 631 886 Quod
645 817 749 891 dogma
766 819 924 892 perniciem
943 819 1069 878 scientiis
1078 819 1118 878 af·

75 897 168 958 ferens
182 915 221 960 ex
234 901 387 962 Reidianae
405 903 519 963 scholae
536 903 674 962 instinctu
684 907 769 975 atque
779 902 873 962 1111111
888 903 1064 964 formalismo
1073 917 1118 962 re·

75 997 143 1040 vera
156 983 294 1042 dimanat.
310 985 341 1043 fd
354 987 449 1061 itaque
466 986 629 1045 reficientes
643 986 829 1044 observamus
843 985 873 1044 in
890 986 991 1060 primis
1010 984 1119 1045 seland

72 1070 171 1124 acirim
180 1067 395 1144 primigenium,
414 1087 452 1129 ex
462 1086 519 1143 quo
530 1083 614 1129 mens
627 1068 732 1128 seriem
742 1083 858 1126 suarum
869 1069 1062 1142 cognitionum
1074 1069 1119 1128 in·

73 1148 170 1221 choat,
188 1150 218 1209 in
233 1153 385 1212 veracitate
401 1154 569 1211 facultatum
583 1159 745 1211 nosoarum
760 1151 909 1224 cogitanda
922 1154 1039 1213 minime
1055 1169 1117 1212 ver-

72 1231 136 1290 sari.
149 1233 224 1294 Haec
233 1237 313 1294 enim
327 1231 451 1309 cognitio
461 1236 601 1308 quaedam
609 1241 652 1292 est
666 1235 788 1306 reflexa,
800 1250 872 1308 quae
884 1235 969 1294 aliam
978 1237 1116 1296 directam

71 1324 258 1387 praeeuntem
267 1318 403 1391 exquirit.
417 1318 472 1375 Sed
482 1317 624 1374 eiusmodi
632 1317 742 1390 primus
752 1323 832 1376 actus
844 1318 985 1377 obiectum
997 1319 1073 1378 aliud
1082 1320 1119 1378 ab

72 1400 162 1457 animi
174 1401 361 1458 facultatibus
373 1400 518 1458 diversum
533 1398 660 1473 respicit,
674 1398 841 1473 quodquafe
851 1401 888 1458 sil
900 1401 930 1458 in
939 1401 1121 1474 psychologia

70 1482 291 1555 vestigabimus.
305 1483 447 1541 dertittrdo
462 1489 560 1541 autem
568 1483 728 1541 veracitatis
739 1483 906 1542 facultatum
915 1489 1076 1542 nostramm
1089 1484 1121 1543 in

71 1565 174 1624 celeris
189 1565 403 1639 cognitionibus
416 1566 485 1624 latet
498 1565 650 1639 implicita,
664 1581 698 1625 ac
707 1573 806 1641 postea
819 1565 975 1628 reflexione
986 1565 1076 1626 animi
1091 1567 1122 1626 in

70 1649 317 1716 semelredeunn's
328 1649 1062 1723 1111111111111111111111111111111111111111ᾱὶ
1074 1667 1119 1712 re-

72 1731 175 1791 flexam
192 1733 401 1806 cognitionem,
418 1734 505 1792 etiam
519 1748 586 1792 cum
596 1735 690 1793 redito
705 1733 753 1793 illo
763 1735 853 1794 animi
864 1735 1049 1809 fitexplicita,
1061 1750 1118 1796 non

75 1831 135 1875 csse
149 1823 248 1876 acuum
262 1831 364 1877 caetae
380 1818 461 1890 fidei,
478 1817 529 1876 sed
549 1819 710 1878 evidentem
728 1819 857 1879 veritatis
869 1819 1017 1878 cuiusdam
1035 1819 1119 1880 intui-

74 1903 139 1959 tum.
149 1902 344 1974 eognoscendi
350 1902 428 1960 enim
435 1901 583 1962 facultates
592 1918 643 1977 per
653 1918 685 1961 se
695 1917 753 1961 non
763 1903 833 1976 falli,
844 1903 1017 1977 principium
1027 1903 1116 1977 quod·

73 1985 136 2043 dam
154 1994 199 2047 est
212 2003 266 2062 per
279 2003 310 2046 se
324 1994 440 2060 notum,
458 1987 534 2061 quod
549 1989 684 2047 terminos
698 1988 889 2047 consideranti
908 1987 1053 2047 evidenter
1067 2004 1116 2062 ap·
1162 2029 1165 2044 .

71 2079 157 2142 paret.
175 2072 206 2130 si
227 2072 304 2129 enim
320 2067 494 2130 contrarium
509 2072 642 2145 lingitur,
665 2072 840 2145 inopertam
860 2077 1047 2144 conceptuum
1065 2087 1116 2146 pu·

70 2167 155 2225 gnam
169 2155 202 2213 fit
218 2155 327 2229 lapsos,
341 2155 460 2230 ipsaque
478 2155 685 2228 cognoscitivae
696 2153 838 2213 facultatis
853 2156 929 2214 notio
938 2155 1113 2214 obliteratur.

104 2237 148 2296 70.
168 2239 254 2310 llaec,
266 2254 340 2312 quae
349 2239 385 2298 de
394 2238 635 2297 demonstratione
648 2237 784 2311 diximus,
805 2237 1115 2298 definitionibusetiam

71 2321 277 2382 accommodari
286 2323 475 2382 debentium
484 2323 508 2381 si
519 2321 616 2382 omnia
624 2322 819 2382 definitionem
830 2323 987 2396 exigerent,
994 2337 1076 2380 mens
1085 2322 1116 2380 in

70 2405 225 2480 infinitum,
241 2413 274 2466 ut
288 2407 378 2479 aium,
396 2407 558 2465 definiendo
572 2407 751 2481 procederet,
765 2421 959 2480 necunquam
974 2407 1010 2464 ad
1023 2404 1117 2477 operis
1215 2469 1219 2480 ¹

70 2491 175 2552 exitum
184 2491 344 2552 deveniret.
353 2491 397 2550 111
410 2507 467 2564 quo
476 2483 796 2550 illudibsurdissimum
805 2493 1035 2576 consequeretur,
1052 2491 1083 2545 ul
1092 2487 1116 2548 si

69 2577 142 2636 notio
155 2577 278 2652 quaevis
293 2592 343 2651 per
352 2577 424 2640 alias
434 2576 568 2635 clariores
581 2576 769 2636 describenda
784 2581 867 2647 esset,
881 2573 1008 2634 delinitio
1020 2571 1114 2632 omnis

71 2666 97 2716 et
109 2661 262 2736 descriptio
277 2661 313 2720 de
327 2661 421 2720 medio
435 2661 595 2734 pelleretur.
613 2661 651 2720 Ne
670 2661 760 2735 igitur
772 2659 804 2718 in
819 2659 895 2717 hanc
911 2658 1116 2718 absurditatem

70 2743 243 2818 delabamur,
251 2746 392 2804 fateamur
403 2750 512 2817 oportet
526 2745 636 2817 aliquos
645 2745 708 2802 dari
721 2747 876 2814 conceptus
884 2742 1054 2814 primitivos,
1067 2743 1117 2812 qui

70 2841 160 2899 perse
178 2829 251 2889 clari
266 2829 324 2887 sint
337 2837 366 2887 et
380 2834 518 2902 patentes.
531 2827 567 2884 ili
582 2832 679 2884 autem
696 2831 729 2882 ut
743 2823 952 2892 intelligantur,
970 2835 1027 2878 non
1040 2819 1118 2877 aliud

71 2914 224 2986 exquirunt
237 2911 294 2969 nisi
308 2917 342 2968 ut
356 2909 487 2967 obtutum
501 2908 745 2976 attentionemque
760 2902 866 2958 mentis
880 2903 910 2958 io
924 2900 995 2973 ipsis
1013 2899 1118 2972 defiga-

70 3009 144 3070 mus,
157 2997 211 3053 sed
225 2994 251 3050 si
261 2992 377 3049 deliniri
387 2991 507 3060 vellent,
519 3003 577 3045 non
587 2986 723 3042 clariores
737 2982 993 3056 distinctionesque,
1006 2983 1055 3041 scd
1069 2982 1118 3040 ob·

70 3080 213 3138 muriores
228 3087 262 3132 ac
272 3073 365 3145 magis
380 3071 492 3128 confusi
506 3053 669 3127 evaderent.
687 3066 734 3125 Sic
747 3065 893 3124 incassum
903 3081 987 3126 caeco
996 3072 1063 3125 nato
1073 3079 1117 3125 co·

70 3161 140 3222 fores
150 3157 298 3229 definires,
310 3156 360 3230 qni
370 3158 470 3213 conon
478 3151 557 3212 ntdlo
566 3151 706 3225 negotioa
718 3148 829 3209 vidente
839 3149 1060 3223 distinguuntur.
1073 3149 1118 3210 Sic

72 3247 154 3305 etiam
176 3245 283 3302 frustm
298 3239 444 3299 notionem
458 3237 532 3296 entis
548 3235 747 3310 explicandam
763 3247 923 3294 assumeres
941 3233 1017 3310 apud
1032 3249 1114 3308 sum,

73 3331 118 3401 qui
134 3333 255 3403 negaret
275 3339 306 3385 se
319 3323 478 3396 intelligere
492 3321 561 3397 quid
581 3321 618 3380 sit
631 3335 692 3380 ens.
710 3321 780 3380 Nam
799 3333 999 3394 quamcunque
1017 3318 1116 3378 defini-

78 3412 179 3472 tionem
193 3411 325 3485 afferres,
346 3411 418 3468 baec
432 3408 556 3483 profecto
574 3405 741 3466 subaudiret
754 3405 812 3464 iam
833 3409 932 3464 notum
948 3407 1117 3477 conceptum

74 3498 143 3555 eolis
157 3498 208 3572 qui
222 3502 319 3571 utpote
332 3492 563 3570 generalissimus
571 3493 602 3552 in
612 3491 715 3552 ceteris
728 3489 820 3550 latitat
829 3494 858 3548 el
867 3489 897 3548 in
907 3489 995 3550 alium
1007 3487 1115 3562 simpli·

75 3579 176 3642 ciorem
188 3581 293 3641 resolvi
306 3581 416 3654 nequit.
580 3613 584 3622 ·

108 3665 147 3722 bd
164 3681 226 3726 rem
247 3664 455 3725 Pallavicinus:
480 3663 632 3723 «doncetti
653 3660 777 3721 evidenti
798 3659 833 3718 ed
849 3658 1020 3719 indefinibili
1044 3673 1114 3718 sono

78 3769 89 3794 a
106 3749 191 3819 quelli
199 3751 253 3810 cbe
263 3750 371 3809 cadono
380 3752 452 3808 sotto
460 3747 479 3806 l'
487 3748 652 3807 immediata
660 3745 826 3821 esperienza
835 3744 898 3803 defl'
904 3743 1050 3804 intelletto.
1062 3742 1115 3802 Per

80 3854 89 3878 v
106 3834 227 3908 esempio
244 3833 374 3906 ilcaldo,
385 3832 414 3893 la
425 3831 607 3904 biancberra‚
620 3845 679 3892 non
692 3841 815 3905 possam
825 3827 992 3892 dicffiaratsi
1001 3829 1114 3899 conpat-
