2767 4492
421 310 495 364 ctas
509 309 645 362 etmat-
653 308 860 366 maccabaeis

498 478 501 488 '
520 475 689 538 instamus
704 475 758 536 llll.

413 644 452 704 tto
466 645 640 708 amarantis
655 652 681 704 ct
696 645 859 720 rcttaciotw.

151 815 193 878 tt.
210 816 238 876 Si
260 816 420 892 perpendas
443 816 502 878 vina
525 816 604 876 vocis
629 815 805 878 conscientia
824 816 902 876 idem
920 821 964 876 ast
984 823 1068 895 atque
1088 837 1157 885 coos

112 900 253 977 scientio,
271 917 322 962 sen
337 901 457 962 scientia
475 916 548 976 quae
562 916 629 962 cum
645 917 731 960 sensu
745 900 836 974 ipsius
851 901 971 964 subiecti
986 903 1101 966 scientis
1115 923 1158 968 so·

112 985 211 1044 cietur.
230 986 321 1056 Quare
336 985 398 1046 aius
413 988 492 1044 actus
509 986 719 1062 perceptionem
739 986 830 1060 ipsius
851 985 972 1046 subiecti
987 988 1155 1063 cogitantis,

110 1083 172 1144 seu,
188 1075 220 1129 nt
233 1070 289 1136 dici
304 1069 384 1143 solet,
404 1078 442 1124 τοῦ
457 1085 507 1144 opo
523 1069 638 1144 (dctt'io)
653 1068 779 1128 involvat
793 1084 909 1131 necesse
923 1076 980 1145 est,
997 1073 1032 1132 ad
1048 1072 1158 1149 ipsum-

110 1154 210 1230 quaid
225 1155 301 1228 quod
316 1155 503 1229 deprehendit
517 1155 623 1212 reterre
638 1153 731 1215 debet.
753 1156 841 1226 ltque
859 1154 914 1216 boc
932 1171 1016 1216 omne
1031 1157 1100 1232 quia
1113 1174 1157 1216 re·

109 1239 171 1297 ditu
187 1240 309 1313 quodam
324 1239 354 1296 in
370 1239 559 1308 nosmetipsos
574 1252 763 1309 exercemus,
779 1237 843 1296 ideo
861 1240 1024 1306 consciendi
1038 1242 1158 1302 facultas

108 1323 233 1380 describi
249 1327 349 1396 potest:
365 1323 410 1380 cis
426 1337 489 1396 quc
503 1321 632 1394 cogitans
647 1320 681 1380 io
690 1321 821 1395 scipsum
835 1322 922 1396 radis,
932 1339 1018 1400 sepas
1030 1341 1159 1400 suosque

108 1405 341 1478 modificationes
355 1405 535 1466 internoscat.

146 1489 324 1550 Conscientia
338 1503 450 1564 semper
462 1488 628 1548 relationem
645 1490 860 1564 quamdamutt
869 1493 1022 1566 cognitam,
1035 1492 1091 1552 sibi
1105 1495 1157 1556 im·

107 1574 204 1648 plicat,
221 1579 306 1647 atque
322 1573 386 1632 ideo
400 1573 437 1632 ad
452 1573 511 1632 vim
527 1573 749 1633 intellectualem
763 1574 863 1648 animi,
881 1591 940 1637 non
960 1591 1028 1647 sero
1043 1576 1079 1636 ad
1094 1594 1157 1637 sen-

107 1659 191 1720 silem
207 1657 337 1732 pertinet.
354 1659 424 1718 llam
438 1657 581 1732 perceptio
596 1657 742 1718 relationis
761 1674 826 1718 cum
838 1659 932 1718 ideam
942 1662 1158 1734 generalemin-

106 1743 211 1815 aolvat,
234 1741 429 1802 sensibilitatis
450 1741 565 1816 propria
590 1756 652 1800 esse
674 1757 733 1800 non
751 1748 852 1816 potest.
876 1743 1050 1820 Quapropter
1073 1747 1159 1808 bruta

106 1825 282 1898 animantia,
302 1830 397 1902 utpote
413 1824 599 1884 intellectuali
619 1825 648 1884 ai
669 1826 819 1900 destituta,
842 1828 1018 1888 conscientia
1040 1831 1157 1891 omnino

106 1916 218 1970 vacant.
243 1910 316 1978 Quin
337 1910 424 1969 etiam
446 1910 531 1972 borno
553 1909 691 1984 quamdiu
704 1910 735 1968 in
758 1910 881 1970 infantia
898 1918 1035 1986 moratur,
1052 1915 1083 1975 in
1099 1930 1157 1989 qua

107 1994 324 2057 sensibilitatem
343 2000 455 2054 tanturn
474 1999 503 2052 et
518 1994 752 2068 imaginationem
773 2001 897 2069 exercet,
919 1998 1094 2064 couscientia
1107 1998 1152 2060 sui

108 2079 236 2154 privatur
251 2084 279 2137 et
292 2079 429 2140 instinctu
444 2083 554 2138 tantum
565 2079 686 2138 ducitur.
704 2080 738 2138 lt
751 2095 819 2138 cum
831 2080 867 2138 ad
876 2095 940 2140 eam
952 2081 1066 2142 devenit
1080 2089 1155 2145 aeta·

106 2166 174 2234 tem,
193 2162 223 2220 in
235 2178 292 2236 qua
305 2163 381 2220 vires
404 2161 608 2222 intellectuales
623 2163 738 2236 evolvit,
754 2164 958 2229 conscientiam
978 2179 1155 2240 quoquaca-

106 2245 208 2320 plicat,
225 2261 299 2319 quae
314 2246 455 2320 gradatim
469 2245 602 2305 distincta
615 2247 709 2321 magis
720 2247 869 2323 magisque
878 2250 982 2321 eradit,
991 2251 1060 2312 dum
1069 2252 1154 2326 plene

106 2330 258 2390 adolescat.

50 2424 56 2430 ·
145 2414 189 2474 80.
211 2415 328 2474 Factum
344 2415 556 2477 tundamentate
575 2420 603 2476 et
621 2417 748 2491 primam
768 2420 958 2481 conscientiae
972 2436 1031 2480 non
1051 2424 1103 2492 eet,
1120 2425 1153 2478 ut
1193 2456 1196 2463 ·

106 2499 252 2559 contendit
274 2499 384 2573 cousin,
400 2500 618 2574 pbacnomenou
633 2502 747 2576 aliquod
764 2503 807 2567 bis
823 2505 913 2564 tribus
927 2503 1017 2562 soluti
1030 2503 1153 2576 comple

106 2599 177 2650 num
189 2583 351 2645 elementis:
363 2585 444 2644 linito
455 2585 540 2660 (quod
555 2587 682 2648 subiecto
692 2589 844 2662 cogitante,
855 2595 1031 2661 externoque
1040 2586 1150 2648 obiecto

104 2667 301 2743 contineatur),
315 2670 440 2745 infinie,
460 2675 489 2730 et
510 2678 642 2748 respectu
660 2690 718 2749 quo
738 2675 810 2733 baec
824 2675 881 2733 duo
901 2678 1000 2734 mutuo
1019 2673 1145 2735 releren-

105 2760 151 2814 tur
165 2753 189 2820 ⁴,
208 2754 261 2814 Sed
271 2756 451 2828 perceptione
466 2759 635 2830 conductus,
654 2774 712 2830 qua
727 2758 889 2819 subiectum
903 2775 934 2816 se
948 2765 1015 2816 actu
1024 2757 1151 2830 cogitans

103 2845 133 2898 et
148 2839 211 2898 ideo
226 2840 352 2898 existens
367 2840 563 2914 apprehendit.
575 2842 646 2898 Nam
656 2841 692 2896 ad
708 2837 923 2898 inlinitumnon
936 2855 990 2913 ope
1005 2841 1151 2900 conscien-

105 2925 161 2984 tiae
176 2923 225 2982 sed
240 2923 358 2983 rationis
373 2924 559 2996 assurgimus,
573 2937 646 2994 quae
662 2921 845 2982 existentiam
860 2923 986 2996 supremi
997 2922 1071 2982 entis
1081 2921 1155 2981 limi-

104 3013 165 3068 tun
194 3005 320 3076 expertis
346 3019 382 3062 ex
411 3003 605 3078 contingentia
630 3002 741 3060 entium
759 3002 905 3071 finitorum
927 3005 1050 3067 deducit.
1079 3006 1150 3074 Oua·

98 3093 217 3167 propter
236 3088 383 3147 incassum
401 3085 433 3143 in
450 3087 543 3158 primo
559 3089 626 3142 ectu
645 3084 836 3148 conscientiae
855 3090 883 3148 id
904 3091 1059 3164 quaeritur,
1077 3091 1153 3164 quod

101 3173 221 3236 alterius
236 3169 380 3234 facultatis
394 3168 538 3228 obiectum
553 3167 708 3228 constituit.
721 3168 829 3233 inliniti
843 3173 931 3246 igitur
948 3174 1009 3235 sine
1025 3173 1156 3233 absoluta

99 3260 159 3322 site
177 3256 297 3324 relativa
316 3253 460 3330 perceptio
480 3253 517 3320 ab
541 3259 607 3314 actia
626 3253 818 3315 conscientiae
839 3257 957 3319 omnino
974 3257 1148 3320 mmoranda

145 3458 155 3502 i
179 3458 230 3503 aba
246 3455 286 3502 tait
302 3454 450 3506 fundamental
461 3454 488 3501 de
504 3455 525 3502 Ιι
541 3455 669 3502 cananense
685 3459 719 3500 est
733 3469 762 3500 ιιι
777 3454 923 3520 pbtnombne,
942 3457 1043 3520 eumpse
1058 3455 1086 3503 tle
1102 3455 1157 3504 trois

100 3554 110 3577 ι
128 3537 216 3596 mamm,
234 3534 319 3582 saveir:
338 3533 359 3578 lo
373 3533 417 3578 moi
435 3537 456 3578 ci
471 3531 492 3578 lc
509 3547 553 3578 non
571 3533 624 3594 moi,
644 3531 732 3593 manis,
745 3531 835 3596 limitas,
851 3533 919 3596 finis3
938 3533 965 3580 de
981 3533 1040 3596 piae,
1052 3532 1156 3580 l'ldeede

101 3629 109 3657 ι
129 3610 222 3672 quelque
238 3615 299 3662 sabe
316 3610 388 3673 cheu,
405 3609 431 3660 de
446 3609 537 3673 l'iniini,
553 3609 580 3658 de
594 3609 673 3656 l'unite
689 3614 731 3658 ato.
749 3614 771 3656 et
787 3610 814 3656 de
829 3611 879 3674 plaia
895 3627 974 3659 encore
988 3610 1054 3658 l'ilte
1064 3609 1094 3658 ala
1104 3625 1154 3674 rep-

101 3705 110 3730 e
127 3691 178 3748 port
193 3685 223 3732 du
239 3687 282 3740 moi
300 3690 322 3734 et
336 3685 366 3735 siu
382 3686 501 3748 naemei,
520 3685 539 3732 ι’
551 3685 673 3732 est—l-dire
689 3685 719 3731 du
735 3683 775 3731 ini
791 3683 804 3732 l
818 3685 834 3734 l'
845 3686 911 3740 ipiiai
930 3687 968 3750 qai
983 3686 1005 3737 le
1020 3688 1154 3742 watiessart

99 3781 108 3804 ι
128 3761 166 3823 qui
182 3761 198 3808 l’
208 3761 320 3828 esplique3
338 3777 362 3808 oe
378 3766 428 3808 sont
443 3761 464 3808 la
479 3761 512 3808 les
528 3761 581 3808 trois
597 3766 688 3826 emas,
705 3761 759 3808 dont
773 3777 797 3808 se
811 3778 912 3826 composa
927 3762 954 3811 le
965 3761 1006 3823 tait
1018 3762 1151 3820 tundamen-

99 3857 107 3880 ι
127 3836 158 3887 tel
175 3836 201 3886 sle
217 3837 239 3886 le
255 3836 390 3886 conmissae.
412 3857 420 3880 ι
440 3839 532 3892 lotrad.
542 3839 563 3894 ,d
579 3839 650 3889 t'ttst.
666 3836 695 3886 de
711 3838 736 3889 itt
748 3839 811 3900 phil.
828 3837 870 3910 leq.
889 3839 912 3887 θ.
