2767 4492
525 313 580 358 sau
595 314 772 360 ouranocm
1111 305 1163 364 205

114 413 169 473 per
184 398 486 484 tamenpraodicabrm
493 397 643 460 includunt
652 402 735 460 extra
744 398 889 462 notionem
899 401 1162 478 subiectipositum,

115 483 204 560 elque
220 485 442 560 superadditum.

531 656 700 716 dacremus
717 655 749 715 ll.

247 826 355 886 Utrum
364 825 551 902 principium
569 825 693 900 aliquod
709 823 757 894 sit,
774 825 814 884 ad
827 827 1037 904 quadrasque

550 918 730 972 reuocentur.

146 1083 197 1142 71.
215 1083 340 1142 assernit
359 1082 513 1142 beibnitius
531 1082 680 1141 ratiocinia
698 1081 808 1141 duobus
826 1082 913 1141 veluti
932 1085 1045 1158 magnis
1066 1101 1162 1161 snper·

107 1169 188 1228 strui
204 1169 362 1243 principiis,
378 1184 501 1243 quonum
513 1182 605 1226 unum
614 1168 652 1226 sit
665 1167 782 1225 effatum
792 1167 1031 1229 contradictionis:
1043 1187 1159 1246 neapo

109 1260 166 1312 teat
181 1253 264 1312 Mem
277 1255 369 1313 simut
382 1270 439 1313 etse
454 1261 551 1311 etnca
563 1267 631 1324 ease·
645 1251 765 1310 alterum
780 1265 846 1310 vero
860 1254 1074 1326 pronuntiatum
1081 1257 1163 1314 ratic
1225 1311 1228 1318 .

107 1339 159 1396 nis
186 1339 366 1398 sufficientis:
390 1337 470 1395 nillil
484 1344 524 1394 est
546 1336 737 1394 aduocatione
751 1335 911 1409 sufficienti
925 1338 950 1394 t,
972 1337 1065 1397 Primo
1079 1339 1164 1399 inniti

106 1422 215 1481 docuit
227 1423 361 1480 veritates
374 1420 559 1488 necessarias,
576 1435 627 1478 seu
641 1420 746 1480 iudicia
757 1420 907 1494 analytica
918 1423 1071 1495 posteriore
1084 1425 1157 1482 veri-

108 1511 190 1566 tates
206 1507 411 1580 contingentes,
428 1505 593 1563 seuiudicia
603 1520 675 1579 qnae
685 1505 845 1579 syntbetica
855 1506 1076 1565 nominavimus.
1089 1508 1163 1567 llaec

107 1590 251 1651 Leibnitii
273 1591 400 1650 doctrina
413 1605 472 1649 non
496 1589 629 1648 distincta
642 1589 712 1648 satis
726 1595 777 1663 est,
794 1594 822 1648 et
836 1591 930 1665 quoad
944 1591 1098 1650 secundam
1113 1607 1162 1666 po·

111 1675 263 1736 tissimum
276 1679 395 1749 pmtem,
411 1674 468 1733 nisi
481 1674 512 1733 in
525 1674 634 1733 bonum
651 1689 767 1734 sensum
783 1679 955 1749 torqueatur,
982 1675 1160 1736 subabsurda

110 1761 206 1819 etiam
228 1775 291 1820 esse
309 1759 428 1819 ridetur.
452 1759 549 1819 lotam
567 1759 655 1832 igitur
673 1759 869 1835 quaestionem
884 1760 1044 1820 accuratius
1058 1776 1162 1836 expen-

113 1845 230 1904 damus.
292 1887 298 1894 ·

151 1932 244 2005 Atque
267 1929 412 2005 inprimis
431 1928 501 1989 illud
520 1930 618 1989 sedulo
632 1929 814 2004 cogitandum
829 1936 880 1988 est:
897 1941 954 1990 non
968 1930 1087 2005 perinde
1101 1933 1157 2006 pri·

111 2030 197 2074 mum
210 2030 303 2074 unum
316 2013 423 2089 inquiri
432 2027 514 2089 posse
528 2015 711 2090 principium,
724 2015 806 2090 quasi
820 2015 915 2089 ipsum
930 2020 1040 2074 tantum
1061 2023 1160 2076 notum

113 2100 152 2158 sit
164 2103 281 2175 propter
304 2115 345 2172 se,
362 2099 498 2158 aliarero
518 2099 615 2158 omnia
629 2115 666 2158 ex
690 2115 724 2158 eo
745 2099 887 2174 postulant
905 2099 1102 2166 demonstrari.
1127 2103 1158 2161 ld

111 2185 195 2242 enim
209 2189 305 2258 aperte
318 2188 466 2258 repugnas
482 2197 540 2241 non
554 2183 637 2242 modo
652 2183 720 2257 quia
730 2183 983 2258 iudiciaanalytica
993 2185 1157 2246 immediate

112 2268 311 2342 percipiuntur
326 2268 476 2328 intellectis
490 2268 627 2340 terminis,
644 2268 692 2326 sed
709 2268 795 2327 etiam
810 2269 886 2342 quia,
901 2273 934 2326 ut
943 2269 1013 2328 alias
1024 2269 1159 2343 diximus,
1262 2285 1265 2291 ·

110 2355 229 2414 institui
241 2354 342 2430 nequit
354 2354 541 2427 rauoeinatio,
557 2353 628 2428 quin
642 2358 726 2416 antea
739 2369 796 2412 non
811 2369 904 2429 pauca
919 2355 949 2413 in
965 2360 1107 2414 certorum
1131 2361 1160 2414 ct

110 2439 291 2499 evidentium
305 2454 424 2499 numero
437 2439 607 2499 habeantur.
626 2438 736 2497 Saltem
750 2438 826 2498 enim
841 2439 948 2499 indicia
962 2439 1026 2511 duo,
1043 2454 1116 2512 quae
1129 2439 1160 2498 in

110 2525 310 2584 ratiocinando
323 2525 545 2598 praemissarum
567 2539 685 2583 munere
706 2525 872 2598 fungantur,
895 2530 961 2583 ante
979 2523 1160 2582 ratiocinium

112 2610 237 2683 quodam
253 2609 363 2669 admitti
381 2609 495 2683 debent
511 2616 544 2668 ut
561 2608 634 2668 nibil
652 2609 746 2668 dicam
760 2609 796 2668 dc
814 2607 962 2683 principiis
981 2607 1026 2682 iis,
1047 2607 1078 2668 in
1099 2609 1160 2683 qui-

111 2693 167 2754 bus
187 2695 252 2770 ipsa
269 2695 456 2754 ratiocinandi
478 2695 570 2754 torma
583 2695 728 2754 tundatur.
754 2694 843 2752 Verus
863 2695 949 2766 igitur
973 2709 1083 2767 sensus,
1104 2709 1159 2768 qua

110 2781 239 2854 primum
254 2779 367 2853 aliquod
380 2780 552 2853 principium
567 2779 695 2838 absolute
709 2783 738 2836 et
746 2777 942 2836 universaliter
952 2779 1115 2850 vestigatur,
1134 2779 1159 2836 ia

113 2864 200 2923 unice
214 2879 277 2922 esse
291 2863 454 2921 adaunot
467 2869 574 2921 certum
590 2867 731 2920 statuatur
744 2859 891 2932 iudicium,
908 2861 983 2932 quod
998 2861 1104 2919 ceteris.
1113 2877 1160 2919 ve-

110 2947 156 3006 lut
164 2947 338 3021 implicitum
352 2946 398 3018 sit,
407 2951 436 3004 et
448 2947 610 3018 generalem
620 2944 811 3003 conditionem
820 2943 962 3016 exprimat
971 2959 1043 3016 quae
1052 2943 1081 3002 in
1091 2959 1160 3016 quo-

111 3033 157 3090 ris
174 3045 294 3088 assensu
306 3029 410 3086 mentis
426 3028 622 3086 subandiatur.

144 3113 314 3184 Quaestione
328 3111 377 3181 stc,
385 3111 535 3184 proposita,
549 3115 638 3176 claret
651 3107 826 3184 principium
837 3109 975 3170 eiusmodi
991 3111 1158 3186 pervulgato

117 3197 260 3260 contineri
275 3196 504 3255 cotraduictionis
517 3196 610 3256 effato:
632 3194 734 3269 aequit
753 3193 869 3268 aliquid
887 3195 1048 3256 simulasse
1065 3203 1159 3256 utnon

114 3300 183 3345 asse.
199 3283 232 3341 Et
246 3296 315 3341 sane
328 3281 353 3340 ai
368 3281 431 3340 idea
445 3281 518 3340 entis
532 3281 563 3340 in
577 3280 703 3355 quolibet
717 3285 854 3354 conceptu
868 3280 1158 3356 latetimplicita,pro-

115 3371 190 3430 tecto
202 3369 234 3427 in
247 3367 326 3428 omui
340 3366 445 3427 indicio
458 3367 628 3442 implicitum
642 3367 730 3425 latere
744 3365 827 3424 debet
841 3366 979 3426 iudicium
992 3365 1072 3440 illud,
1084 3368 1158 3442 quod

116 3469 154 3514 ex
167 3454 232 3514 idea
246 3453 319 3512 entia
333 3452 495 3512 immediate
505 3452 696 3526 consequitur.
708 3450 790 3525 atqui
805 3451 859 3510 tale
873 3457 915 3510 est
930 3451 1158 3512 contradictionis

115 3539 299 3614 principium.
316 3539 386 3598 llam
400 3553 452 3613 per
461 3537 556 3612 ipsum
570 3536 642 3596 nibil
657 3535 734 3595 alind
747 3537 912 3595 enuntiatur
926 3537 982 3596 nisi
1000 3552 1158 3612 repugnan-

118 3623 158 3682 tia
168 3638 242 3698 quae
254 3623 331 3696 riget
341 3623 415 3681 inter
429 3627 514 3681 enaet
522 3623 584 3682 eius
601 3621 790 3696 negationem,
808 3635 980 3695 nempenoa
992 3637 1053 3694 ena
1073 3622 1158 3697 idque

118 3708 342 3782 generalissime,
350 3713 434 3782 prout
443 3709 479 3766 ad
487 3723 602 3768 onmem
610 3721 708 3767 rerum
722 3705 851 3766 ordinem
864 3722 894 3766 se
907 3705 1056 3781 protendit.
1083 3707 1160 3768 Unda

161 3894 173 3944 r
194 3895 272 3948 mm
287 3896 314 3942 a·
330 3896 438 3943 aaa„
452 3893 514 3942 ran.
532 3894 629 3943 suana
644 3893 671 3958 q.
689 3869 719 3942 si
738 3897 761 3942 a
776 3909 821 3955 sq.
839 3895 881 3956 op.
899 3897 916 3940 t.
934 3893 959 3956 a,
976 3893 1011 3942 aa.
1029 3893 1109 3942 cenat.
