2767 4492
217 263 268 328 ιιι
653 271 815 322 masmar

213 381 296 439 sitatc
310 376 403 452 ligari:
419 375 461 449 ul,
473 369 497 434 si
512 374 605 434 ordini
621 374 777 433 adhaerere
790 373 868 448 velit,
879 367 994 432 mentiri
1008 384 1066 432 non
1080 367 1197 446 debeat,
1215 368 1271 432 sin

212 464 379 536 mentiatur,
397 462 531 521 continuo
545 460 685 519 desciscat
704 459 740 518 ab
756 459 864 518 ordine.
880 461 970 533 litque
989 459 1061 517 baec
1074 457 1204 516 delinitio
1219 459 1271 518 οι·-

212 549 311 608 ficiam
327 546 442 622 respicit
452 545 481 603 in
497 543 648 617 abstracta
666 558 735 601 narn
749 543 774 602 si
789 549 921 603 concrete
932 542 1099 617 accipiatur,
1111 543 1173 618 ipsa
1182 543 1268 602 actio

213 633 262 694 vel
273 632 392 690 actionis
411 629 542 702 omissio,
560 629 596 686 ad
611 643 697 702 quarn
714 628 893 703 obligamur,
909 629 1038 688 oiilciurn
1052 627 1268 687 nominabitur.

249 718 293 776 il.
311 717 343 776 Ut
358 715 440 774 facile
455 714 586 786 insertur,
600 713 738 786 cilicium,
750 712 825 771 sicut
842 713 929 772 etiarn
944 713 979 772 de
994 712 1058 772 iure
1072 713 1210 785 diximus,
1223 728 1270 771 ex

213 802 312 862 ordine
324 808 485 884 generatum
496 799 549 856 boc
560 803 656 856 tamen
666 812 812 873 processu,
824 803 857 856 ut
865 798 891 857 si
903 797 1031 857 absoluto
1041 797 1141 856 ordine
1151 803 1269 855 utrum·

214 903 268 961 qne
283 891 436 961 spectetur,
454 882 582 942 cilicium
599 883 787 955 praecedatur
802 883 905 942 aiore.
922 883 954 942 ln
969 886 1080 941 tantum
1094 881 1171 940 euim
1182 897 1267 940 crea-

139 1010 143 1017 ·
215 978 293 1030 turae
308 969 460 1029 rationales
475 967 577 1026 ciliciis
593 967 817 1041 adstringuntur,
831 969 862 1027 in
877 973 1017 1042 quantum
1027 967 1156 1027 Densius
1170 966 1265 1026 habet

216 1053 387 1130 subiiciendi
407 1069 456 1112 cas
477 1052 580 1126 ordini,
598 1067 683 1126 qrrem
699 1053 761 1111 eius
775 1053 917 1128 sapientia
931 1052 1028 1111 dictat.
1045 1052 1138 1121 Quare
1151 1049 1265 1110 onlolo·

212 1139 274 1213 gice
286 1144 314 1198 et
328 1137 456 1198 absolute
471 1137 550 1212 prius
566 1142 609 1195 est
622 1136 683 1210 ius,
702 1136 804 1196 deinde
817 1137 955 1211 cilicium,
972 1136 1109 1196 nimirum
1123 1134 1203 1210 prius
1218 1140 1266 1194 est

212 1224 258 1283 ius
273 1224 302 1282 in
319 1223 384 1296 ileo,
401 1223 503 1281 deinde
518 1221 646 1280 cilicium
660 1221 692 1281 in
706 1223 854 1281 creaturis.
875 1221 941 1282 ilixi
955 1222 1041 1298 prius
1061 1221 1110 1280 ias
1131 1221 1166 1278 ia
1188 1219 1264 1295 ileo&

212 1307 483 1383 quiaDcusiuribus
499 1313 609 1366 tantum
620 1307 779 1380 instruitur,
791 1307 894 1366 oillciis
905 1321 1074 1366 reveranon
1085 1304 1259 1365 devincitur.

212 1395 270 1454 ilion
286 1395 363 1452 enirn
379 1393 554 1468 superiorem
568 1393 664 1466 babet,
676 1409 694 1452 a
704 1409 760 1466 quo
774 1393 866 1466 legem
877 1397 905 1452 et
916 1391 1117 1466 obligationem
1128 1391 1260 1466 accipiat,

211 1495 266 1538 nec
280 1479 316 1562 ad
332 1479 419 1537 linem
435 1478 560 1552 aliquem
575 1477 791 1551 adipiscendum
806 1476 962 1550 ordinatur,
976 1477 1026 1535 sed
1035 1475 1096 1549 ipse
1105 1479 1148 1535 est
1162 1491 1263 1549 supre

211 1579 276 1622 rnna
290 1564 424 1622 dominus
439 1569 467 1621 et
482 1563 548 1621 finis
563 1568 591 1621 et
606 1577 708 1622 norma
722 1577 819 1622 rerum
834 1567 1006 1620 ceterarum.

248 1649 298 1707 Sin
312 1647 411 1706 ordine
426 1647 554 1719 relativo,
566 1653 650 1721 prout
660 1647 752 1722 ipsam
762 1652 922 1706 creaturam
932 1643 1099 1705 rationalem
1113 1644 1255 1718 alliciunt,

211 1734 256 1792 lus
276 1736 304 1790 et
324 1731 451 1790 cilicium
471 1731 704 1805 considerantur,
729 1731 826 1806 procul
851 1731 939 1790 dubio
961 1730 993 1788 in
1011 1730 1138 1789 subiecto
1157 1731 1262 1789 codena

212 1815 356 1890 praecedit
370 1815 513 1888 officium,
531 1815 616 1889 idque
631 1815 738 1890 duplici
752 1816 873 1875 ratione.
889 1815 1013 1890 illenim,
1031 1821 1064 1872 at
1083 1820 1150 1873 ante
1164 1812 1259 1886 innui,

212 1907 332 1960 eatenus
346 1906 477 1958 creatura
491 1899 638 1958 rationalis
653 1900 766 1960 iuribus
780 1900 876 1960 ornari
891 1905 997 1975 potest,
1014 1905 1154 1973 quaoenus
1168 1899 1259 1956 finem

213 1983 337 2058 aliquem
352 1984 494 2057 complere
509 1983 603 2058 debet,
621 1985 757 2060 adquam
774 2001 842 2044 usus
860 2000 958 2044 rerum
972 1983 1132 2058 aliquarum
1147 1997 1180 2041 ac
1195 1997 1260 2055 prn-

212 2071 290 2145 priac
299 2070 451 2130 activitatis
462 2069 631 2128 exercitium
641 2071 804 2131 necessaria
814 2072 934 2132 santrel
945 2071 1046 2130 saltem
1056 2073 1258 2129 consentanea.

213 2155 291 2222 Quod
305 2155 421 2229 quidem
437 2155 584 2228 importat,
606 2161 638 2214 ut
657 2162 787 2215 creatura
801 2156 947 2215 rationalis
961 2155 1056 2214 ordini
1069 2170 1087 2212 a
1100 2154 1200 2212 divina
1214 2167 1259 2212 sa·

211 2239 319 2313 pientia
334 2239 438 2297 dictato
454 2240 537 2314 eiquo
554 2255 603 2314 per
619 2241 758 2299 rationem
776 2241 916 2314 proposito
931 2239 1059 2298 subiecta
1070 2237 1258 2310 intelligatur.

211 2321 252 2380 Ex
267 2339 323 2396 quo
333 2322 409 2380 ellici
424 2324 561 2398 diximus,
576 2325 678 2383 utinra
689 2326 725 2383 ab
736 2325 840 2384 oiirciis
852 2325 979 2398 proprios
990 2323 1095 2381 limites
1105 2321 1256 2395 accipiant

212 2423 265 2466 uec
282 2408 399 2481 proinde
414 2408 539 2467 ambitus
554 2409 584 2467 in
604 2425 660 2483 quo
674 2409 738 2468 iura
752 2410 924 2482 spatientur,
948 2407 1059 2480 concipi
1080 2406 1181 2482 possit,
1203 2405 1260 2464 nisi

213 2499 277 2550 ante
293 2493 397 2566 quibos
412 2493 515 2553 oitlciis
530 2492 689 2552 subiectum
707 2499 835 2552 tenemur
850 2499 1031 2568 perspectum
1046 2491 1092 2550 sit.
1117 2490 1193 2559 Quae
1213 2505 1258 2547 ra-

213 2578 357 2636 tiocinatio
373 2595 390 2636 a
405 2585 536 2638 creatura
552 2578 587 2636 ad
606 2577 695 2636 Deum
712 2578 857 2635 transferri
874 2578 981 2651 nequit.
997 2577 1071 2635 ileus
1086 2576 1165 2634 enim
1187 2574 1261 2633 ordi·

211 2677 277 2720 nem
292 2662 405 2720 aliunde
419 2679 473 2721 non
487 2662 598 2736 accipit,
614 2662 662 2719 sed
673 2663 734 2734 ipse
749 2667 792 2718 est
806 2662 874 2720 ordo
888 2663 1034 2720 increatus
1047 2668 1075 2719 et
1086 2658 1256 2719 subsistens,

212 2745 278 2804 Eius
288 2755 383 2805 autern
399 2746 529 2806 uoluntas
544 2761 600 2804 non
616 2745 788 2818 obligatione
804 2745 909 2819 aliqua,
926 2747 975 2804 scd
989 2745 1161 2820 perfectione
1174 2747 1257 2800 natu·

213 2845 280 2900 rae,
307 2849 380 2907 qnae
395 2847 412 2890 a
427 2839 503 2890 recto
519 2829 640 2890 deiicere
655 2831 764 2905 nequit,
780 2833 911 2890 ordinem
926 2831 1054 2906 sequitur
1068 2831 1109 2890 ita
1126 2836 1158 2888 ut
1174 2843 1258 2888 secus

215 2917 324 2990 operari
341 2933 398 2976 nou
415 2917 511 2990 possit,

248 3001 292 3058 72.
311 3001 379 3058 Cum
394 3001 461 3060 ordo
485 3001 515 3057 in
531 3016 627 3059 rerum
643 3001 829 3062 relationibus
844 2998 881 3061 sit
901 2999 1019 3076 positus,
1036 3015 1073 3062 ex
1087 2999 1133 3060 bis
1147 2997 1254 3060 officio·

211 3099 276 3144 rum
293 3085 413 3143 varietas
427 3090 455 3142 et
469 3086 642 3159 praestantia
659 3086 841 3145 diiudicatur.
860 3085 950 3155 Quare
966 3103 1016 3161 pro
1029 3086 1193 3146 diversitate
1205 3095 1257 3142 rer·

211 3169 292 3243 nrini,
310 3185 395 3245 qraern
409 3169 493 3228 bomo
511 3170 569 3228 suis
588 3171 801 3244 operationibus
816 3177 933 3244 spectat,
953 3173 1065 3231 diversa
1084 3176 1199 3230 exstant
1217 3168 1256 3227 oi·

212 3253 286 3327 ficia,
303 3271 340 3313 cx
356 3255 446 3328 iisque
463 3253 513 3312 illa
531 3255 736 3327 praestantiora
751 3255 817 3313 duci
831 3255 946 3328 debent,
965 3271 1038 3329 quae
1053 3255 1202 3315 altioribus
1216 3268 1257 3310 re

213 3341 351 3410 spondent
371 3338 564 3397 relationibus.
577 3340 622 3412 nt,
636 3339 659 3398 si
675 3340 824 3412 diiigenter
839 3341 1060 3413 consideremus,
1079 3340 1182 3414 triplex
1197 3351 1257 3412 pro·

212 3425 273 3496 prie
292 3430 335 3482 est
352 3425 498 3497 tenninus,
522 3425 558 3482 ad
578 3437 664 3498 qrrern
681 3424 766 3483 horno
786 3426 881 3500 aliqua
897 3425 1006 3484 ratione
1025 3424 1157 3497 retertur,
1178 3430 1208 3481 et
1220 3422 1256 3481 ad

212 3523 298 3582 quonr
317 3509 434 3582 proinde
457 3513 565 3581 spectat
586 3510 654 3566 durn
676 3516 818 3580 operatur.
840 3510 989 3583 ilespicere
1004 3509 1142 3569 nimirum
1166 3512 1257 3581 potest

213 3592 314 3668 Druna,
326 3595 464 3669 seipsum,
482 3601 585 3653 ceteros
597 3593 739 3652 ltominoc.
756 3592 788 3652 lit
802 3611 871 3654 sane
881 3595 905 3653 si
917 3596 1050 3668 periectio
1059 3593 1257 3669 operationum

164 3707 165 3710 ¹
212 3681 362 3740 moralium
379 3681 409 3738 in
426 3679 480 3738 boc
501 3680 634 3752 cernitur,
653 3680 727 3754 priori
744 3680 873 3739 ordinem
888 3687 1005 3740 naturae
1021 3685 1194 3754 sequantur,
1206 3691 1257 3734 en·

215 3763 253 3820 tia
266 3762 315 3820 illa
340 3764 489 3822 dumtaxat
506 3755 625 3824 actionis
649 3764 762 3823 termini
776 3781 838 3824 csse
857 3771 983 3839 possunt,
1005 3781 1079 3839 puae
1094 3761 1256 3824 tinisratio·

212 3859 280 3906 nern
293 3846 399 3908 babent
418 3854 447 3910 ot
459 3865 510 3924 per
525 3865 555 3910 ra
572 3855 746 3925 spectantur.
766 3850 800 3910 dt
817 3866 882 3913 roro
901 3865 986 3910 namo
1007 3851 1158 3913 conridet
1178 3847 1209 3909 ld
1225 3846 1257 3911 lu
