2767 4492
525 386 605 432 tutus
622 385 767 433 NATURAE

528 556 698 615 narrandus
716 554 760 615 lli.

515 725 555 787 Dc
567 726 774 787 contractibus.

160 901 220 961 tlt.
236 900 305 960 Cum
318 898 477 959 dominium
492 914 528 957 ex
544 898 714 972 proprietate
728 912 867 959 enascens
881 898 1002 961 liberam
1015 903 1057 961 rei
1072 902 1166 979 dispo·

124 986 254 1046 sirionem
266 987 410 1060 importet,
429 984 552 1057 pmlecto
567 984 731 1043 facultatem
744 986 942 1059 complectitur
956 1002 1026 1059 rem,
1040 987 1064 1046 si
1077 988 1164 1063 lubet,

120 1065 273 1145 alienandi,
290 1070 409 1143 eiusque
425 1070 532 1127 fructus
549 1083 617 1127 cnm
632 1070 748 1129 alterius
762 1086 848 1143 opera
863 1077 911 1130 sut
936 1071 1022 1131 rebus
1037 1086 1164 1131 commu-

122 1157 210 1215 laudi.
226 1157 359 1231 ltquead
373 1156 403 1213 id
418 1155 502 1213 homo
518 1156 546 1214 ri
557 1162 677 1213 naturae
694 1155 838 1215 incitatur.
857 1157 943 1217 Nemo
957 1158 1033 1216 enim
1043 1174 1095 1218 sua
1106 1166 1166 1219 tau·

123 1248 182 1300 tum
197 1247 344 1316 operaaut
356 1240 443 1299 rebus
456 1239 512 1298 sibi
527 1239 658 1299 sullrcere
675 1246 774 1313 potest,
791 1256 865 1315 quac
886 1240 1003 1316 quidem
1028 1244 1161 1318 nuspiam

122 1326 206 1387 simul
221 1326 376 1397 abundant,
388 1325 439 1384 sed
453 1340 503 1398 pro
517 1324 770 1397 diversitatecoeli,
787 1324 925 1398 culturae,
943 1326 1080 1386 ubertatis
1100 1329 1163 1403 soli,

121 1412 297 1484 aliarumque
315 1424 477 1482 cassanum,
495 1409 572 1467 nude
597 1409 740 1483 pendent,
762 1409 807 1468 sui
828 1410 938 1483 cupiam
965 1417 1015 1469 aut
1036 1411 1163 1486 inopiam

121 1496 266 1554 exirihent.
286 1495 357 1553 iiiuc
378 1508 475 1553 amore
497 1510 565 1567 erga
585 1510 637 1552 noe
655 1500 740 1567 atque
755 1493 825 1551 alius
841 1494 970 1553 homiues
988 1495 1164 1569 impellimur

120 1580 156 1637 ad
172 1586 301 1637 mutuam
314 1578 603 1637 communicationem
613 1586 641 1636 et
650 1579 888 1651 permutationem
901 1579 1041 1638 bonorum
1051 1586 1162 1640 etoom·

119 1664 226 1722 mercia
239 1663 363 1722 invicem
379 1663 513 1722 ineunda.
533 1663 563 1721 lu
580 1662 625 1721 liis
641 1660 791 1735 peculiaris
805 1670 886 1722 actus
900 1664 1043 1723 intercidit
1056 1669 1161 1725 utram·

119 1765 174 1822 que
190 1756 298 1822 partem
313 1749 350 1807 ad
368 1749 452 1807 iidem
469 1748 638 1806 servandam
653 1748 842 1818 adstringens,
858 1748 908 1822 qui
918 1750 1016 1824 pactio
1038 1750 1082 1809 vel
1096 1766 1161 1810 cora·

119 1841 231 1892 tractas
251 1833 415 1894 nominatur
431 1835 456 1904 ⁴,
474 1839 502 1891 ct
516 1832 592 1891 aliud
613 1847 671 1891 nou
685 1839 730 1890 est
750 1833 920 1908 quidquam,
942 1834 996 1893 uisi
1015 1837 1162 1911 conpressio

117 1918 252 2001 duorum
270 1918 315 1976 ool
334 1918 474 2001 plurium
493 1917 684 1999 voluntatum
701 1932 759 1975 scre
783 1918 861 1975 circo
881 1918 1003 2001 aliquod
1017 1920 1161 1981 oooctran
1223 1996 1227 2001 Ι

116 1990 314 2063 culpantium
330 1997 356 2047 et
370 2006 418 2047 aas
433 2006 468 2048 cc
477 2005 539 2047 arro
552 2005 586 2047 ιη
600 1988 730 2046 alterurn
745 1988 998 2061 transferentium.

170 2076 254 2133 Porro
271 2081 302 2133 ut
316 2080 477 2133 contractus
491 2074 529 2130 sit
542 2072 671 2143 validus,
695 2072 869 2132 conditiones
892 2075 1045 2135 nonnullae
1064 2077 1160 2151 requi·

116 2166 244 2231 rantur,
269 2174 391 2234 quarum
407 2159 431 2216 ei
447 2172 505 2215 uua
523 2157 614 2229 desit,
640 2157 668 2213 vi
683 2155 826 2231 obligandi
842 2174 957 2232 prorsus
980 2161 1157 2235 destituetur.

115 2246 173 2304 Hae
196 2250 317 2317 quatuor
335 2242 477 2301 recenseri
501 2246 641 2316 possunt,
668 2240 823 2300 vilelicet:
848 2245 969 2317 cognitio
994 2245 1059 2319 rei,
1081 2247 1157 2307 circa
1236 2256 1241 2265 '

114 2344 200 2402 qtram
217 2336 366 2399 versatur,
397 2327 549 2387 existentia
571 2325 752 2397 litterariam
768 2329 1010 2401 contrahentibus,
1038 2339 1154 2391 mutuus

113 2412 237 2488 partinm
255 2427 428 2485 consensus,
450 2412 622 2488 possibilitas
635 2421 720 2489 atque
736 2416 868 2475 honestas
884 2415 940 2486 rei,
958 2414 992 2471 do
1007 2430 1065 2487 qua
1080 2416 1154 2489 paci·

112 2506 241 2559 sonatur.

163 2584 197 2642 lit
213 2600 281 2643 saue
296 2585 319 2643 si
333 2585 477 2644 obiectum
501 2586 665 2659 ignoratur,
686 2589 847 2643 contractus
871 2598 928 2641 nou
954 2582 1009 2639 crit
1028 2582 1151 2655 amplius

110 2670 301 2729 manifestatio
317 2672 484 2743 voluntatis;
516 2673 647 2730 voluutas
663 2672 741 2729 euim
758 2671 790 2735 in
817 2670 943 2741 ignotum
961 2667 1026 2724 ierri
1042 2668 1148 2739 nequit.

111 2755 202 2823 Quare
215 2758 297 2815 dolus
312 2763 362 2815 aut
378 2757 455 2814 fraus
469 2756 586 2814 alterius
603 2755 739 2824 relerror
753 2756 829 2812 circa
844 2753 1033 2811 substantiam
1049 2752 1092 2811 vel
1108 2768 1150 2811 es·

108 2840 256 2899 scotialem
272 2840 313 2898 rei
327 2840 511 2913 qualitatem,
528 2854 595 2899 eum
610 2840 760 2899 scientiam
774 2838 915 2911 destruat,
933 2837 1071 2897 validitati
1085 2853 1151 2897 cou-

111 2931 217 2985 tractus
234 2926 396 2999 opponitur.

161 3008 203 3067 En
216 3010 317 3069 eadem
333 3010 391 3067 lere
405 3009 514 3068 ratione
528 3008 626 3067 irritus
641 3014 684 3067 est
700 3014 883 3081 contradus„
909 3025 975 3069 cum
989 3009 1105 3069 libertas
1120 3010 1150 3069 iu

106 3094 300 3154 contrahendo
316 3094 404 3153 deest.
421 3094 498 3153 Tunc
511 3093 591 3153 euim
604 3093 722 3153 effectus
737 3093 889 3153 voluntatis
904 3094 961 3155 dici
976 3110 1033 3153 nou
1050 3100 1148 3171 potest,

106 3195 141 3238 ac
157 3179 274 3253 proinde
290 3194 376 3237 causa
393 3179 492 3250 deest,
509 3195 582 3252 quae
602 3178 770 3237 relationem
787 3178 864 3237 illam
878 3179 994 3252 gignere
1008 3178 1147 3251 debebat,

105 3269 324 3339 propterquam
343 3263 411 3322 ordo
428 3263 546 3323 rationis
560 3263 763 3337 obligationem
777 3262 959 3339 impositurus
978 3264 1087 3323 luisset.
1108 3264 1149 3333 lin

152 3479 162 3524 i
182 3477 286 3525 Concedit
299 3478 427 3524 lierucccius
441 3482 529 3541 poclum
544 3493 556 3524 ι
570 3482 683 3525 contemtu
698 3494 737 3542 per
751 3495 775 3525 sc
789 3477 880 3525 minimo
896 3478 1052 3541 discriminsri,
1068 3482 1091 3525 cl
1101 3476 1151 3524 rut-

99 3554 209 3601 icudordo
220 3555 337 3604 rmntitur
352 3554 514 3601 distinctionem
525 3554 621 3617 aliquam
632 3555 683 3602 iudo
693 3555 778 3615 haberi,
795 3554 888 3618 quode:
902 3560 974 3601 velere
992 3570 1033 3601 usu
1047 3554 1151 3616 loquendi

100 3638 235 3680 contractus
250 3632 278 3679 do
292 3631 320 3678 iis
334 3631 400 3678 rebus
413 3631 515 3694 dicutur,
537 3648 593 3694 qm
612 3633 700 3695 proprie
716 3633 879 3679 commutationi
896 3648 934 3678 scu
953 3632 1082 3679 commercio
1106 3632 1151 3677 elul

99 3708 217 3769 obnoxiae,
235 3724 280 3755 uoti
290 3724 341 3755 vcro
355 3708 383 3754 dc
397 3708 433 3769 iis,
449 3723 505 3769 quc
520 3723 532 3754 s
546 3709 682 3755 commerciis
702 3708 815 3771 recedunt,
832 3707 953 3770 dequibus
970 3709 1042 3771 potius
1056 3713 1151 3768 pactum

99 3784 190 3829 dicitur.
207 3783 249 3829 Sed
265 3800 328 3831 mam
343 3784 402 3831 hunc
416 3800 461 3831 nou
479 3786 532 3831 ulis
549 3800 624 3831 mort
638 3785 753 3848 probatum
770 3786 924 3847 comperimus,
941 3801 991 3831 curn
1005 3790 1095 3847 utruque
1111 3800 1151 3832 vox

97 3859 224 3923 promiscuo
239 3860 383 3907 communiter
397 3860 533 3907 udhibeutur.
549 3860 621 3916 Quare
636 3860 743 3909 eiusmodi
758 3860 875 3908 discrimen
889 3860 1030 3925 negligimus,
1044 3861 1096 3923 quis
1111 3875 1151 3909 nco

97 3950 124 3985 οι
140 3938 219 3983 nalum
230 3935 263 3983 rei
273 3951 314 3986 acc
328 3954 354 3985 οι
365 3954 408 3987 usu
418 3938 477 3990 roei·
487 3938 540 3985 sutis
555 3938 672 3986 momlrrri
682 3942 761 4004 polest.
