2767 4492
252 293 309 360 :tta
714 305 877 354 eremum
1069 373 1073 382 Ι

289 394 351 454 ato.
369 391 397 453 Si
413 393 531 468 quaevis
546 391 666 453 societas
681 390 745 451 iura
759 393 876 452 alterius
890 389 985 451 colere
997 386 1090 465 debet,
1102 389 1157 451 boo
1171 389 1305 466 prolecto

134 527 137 534 .
252 481 378 554 primum
393 485 537 552 praestare
553 484 674 550 tenetur,
688 484 720 537 ut
733 477 843 536 nemini
858 476 1063 537 detrimentum
1076 477 1196 550 inierat3
1215 477 1305 550 idque

252 570 383 638 respectu
397 579 496 622 eorum
512 563 651 636 omnium,
668 579 742 636 qnae
756 562 794 621 ad
808 563 880 621 alias
894 562 1044 621 societates
1065 567 1224 636 utcumque
1239 577 1305 636 per-

253 647 354 707 tinent.
376 649 435 716 Qua
450 647 485 708 de
498 665 530 708 re
541 649 640 708 eodem
656 648 746 707 ferme
760 647 844 706 modo
858 647 1059 706 disserendum
1073 652 1126 721 est,
1143 663 1179 706 ac
1193 647 1233 705 de
1244 646 1306 705 sin·

254 733 329 805 gulis
348 733 513 792 individuis.
534 734 567 792 tlt
588 733 665 792 enim
685 732 833 791 individua
854 747 985 792 seorsum
1004 731 1134 805 inspecta
1151 731 1306 790 neminem

253 817 486 878 loederc'debont
504 818 597 892 quoad
616 818 692 877 bona
712 823 772 876 tum
796 817 911 876 interna
932 822 994 875 tum
1013 823 1147 889 extema3
1163 816 1247 874 idem
1262 815 1307 874 di·

255 900 379 960 eandum
394 907 437 962 est
448 903 487 980 ,dc
501 902 633 961 ciuilibus
648 902 848 962 societatibus:
859 918 933 977 quae
946 901 1082 976 prolecto,
1094 916 1163 960 cum
1177 899 1307 960 bomini-

253 985 309 1046 bus
328 993 473 1062 constent,
490 987 584 1046 eidem
606 988 662 1061 legi
681 987 888 1063 subiiciuntur,
905 1003 980 1062 quae
1000 987 1152 1046 bominum
1170 986 1308 1060 geneda

256 1069 313 1130 Deo
330 1071 388 1130 lata
402 1078 454 1131 est.

290 1155 457 1215 Prohibetur
475 1156 563 1230 igitur
588 1159 619 1218 in
638 1158 740 1236 primis
761 1159 825 1220 iure
846 1163 965 1220 naturae
982 1174 1020 1218 ne
1038 1156 1099 1218 ulla
1114 1157 1195 1216 natio
1221 1156 1306 1217 alteri

253 1241 366 1302 nationi
381 1240 489 1302 liberae
503 1243 755 1318 independeutiam
769 1246 886 1320 adimat,
905 1246 962 1305 nisi
978 1245 1025 1304 ius
1040 1244 1108 1304 belli
1123 1244 1152 1302 id
1167 1243 1253 1316 ierat,
1270 1245 1307 1301 de

256 1343 312 1400 quo
332 1327 465 1400 deinceps
486 1329 662 1404 eloquemur.
679 1331 759 1391 Natio
781 1332 860 1390 enim
872 1332 903 1390 ui
917 1329 1154 1405 independeutiae
1179 1328 1307 1400 visitet

257 1411 375 1486 proinde
385 1427 419 1472 ea
434 1413 548 1486 spoliari
563 1413 640 1474 idem
654 1421 697 1474 est
712 1431 747 1474 ac
760 1416 896 1476 socialem
910 1421 1032 1474 mortem
1047 1419 1191 1489 oppetere.
1207 1413 1305 1480 Quare

257 1498 306 1572 qui
328 1497 465 1557 dilatandi
486 1499 598 1574 imperii
617 1501 771 1575 eupiditate
797 1502 938 1560 innocuas
962 1501 1093 1560 pedones
1112 1498 1262 1558 debellant
1279 1505 1308 1556 et

255 1585 387 1657 propriae
406 1585 505 1643 ditioni
517 1585 699 1654 submittunt,
720 1588 783 1646 iure
793 1587 954 1646 latronibus
970 1585 1147 1646 assimilandi
1162 1589 1243 1657 suut,
1264 1590 1308 1642 ut·

257 1684 380 1744 cumque
395 1669 511 1729 militari
529 1671 619 1744 gloria
635 1672 803 1731 clarescant.
820 1671 879 1731 Hoc
892 1673 971 1731 enim
989 1670 1187 1730 dumtaxatab
1204 1669 1243 1728 iis
1253 1670 1309 1727 dit-

257 1755 362 1828 ferunt,
380 1755 456 1830 quod
472 1755 501 1813 in
516 1755 669 1814 inferenda
683 1758 712 1816 vi
728 1773 787 1816 uon
801 1759 906 1832 paucis·
915 1757 1000 1816 sociis
1014 1758 1065 1815 sed
1078 1756 1205 1830 plurium
1220 1753 1308 1814 onlle

258 1839 350 1898 ctione
365 1841 514 1912 stipentur,
532 1845 560 1898 et
575 1841 647 1898 artis
663 1841 784 1902 bellicae
803 1843 917 1916 regulas
930 1842 1095 1900 adhibeant.
1111 1841 1172 1908 Quo
1186 1839 1252 1899 loeo
1265 1856 1308 1898 sa·

256 1925 368 1998 pienter
383 1923 475 1983 Piratn
489 1923 611 1983 llanicns
625 1928 807 1998 respondisse
822 1929 913 1986 lertnr
922 1926 1107 1986 Allexaudro:
1124 1941 1175 2000 opo
1185 1926 1244 1999 qui
1255 1940 1308 1983 aaa·

258 2009 357 2070 oleato
379 2008 513 2082 piratam
536 2024 605 2082 opo,
627 2010 739 2084 proedo
763 2013 925 2086 nominor,·
946 2020 993 2084 tu,
1012 2011 1069 2085 qui
1090 2010 1172 2070 idem
1188 2026 1307 2084 mupnu

258 2093 346 2152 otnero
359 2093 443 2166 sacis,
463 2091 579 2152 babenb
597 2093 682 2153 Deos.

294 2177 399 2235 Deinde
411 2177 528 2236 vetitum
540 2183 584 2238 est
592 2180 750 2256 quidquam
760 2183 873 2243 efficere
883 2183 958 2258 quod
969 2182 1091 2242 aliarum
1100 2181 1233 2256 gentium
1246 2199 1310 2258 per-

258 2262 373 2321 fectioni
388 2266 416 2321 et
432 2264 627 2337 tranquillitati
642 2273 815 2343 opponatur3
834 2275 896 2328 tum
911 2274 1007 2343 aperte
1022 2275 1072 2327 aut
1086 2268 1221 2326 simulate
1237 2268 1308 2327 atie·

259 2363 312 2408 nos
327 2349 418 2409 socios
433 2351 469 2408 ad
483 2367 594 2412 errores
606 2368 640 2412 ac
655 2355 725 2412 vitia
746 2354 888 2428 pellicere,
906 2359 955 2412 aut
968 2354 1119 2412 intestinas
1133 2353 1165 2412 in
1181 2353 1251 2412 aliis
1263 2369 1309 2412 rc·

258 2435 323 2508 guis
337 2435 432 2494 lovere
447 2435 602 2496 discordias
620 2443 648 2496 et
662 2438 841 2499 rebellieues.

294 2521 394 2594 Tertio,
410 2521 587 2595 singularum
604 2522 752 2582 nationum
767 2524 927 2584 dominium
937 2531 966 2584 et
979 2525 1137 2600 proprietas
1147 2527 1312 2586 reserenda

260 2611 337 2678 sunt,
352 2606 437 2680 idque
452 2622 485 2665 eo
499 2607 592 2680 magis
602 2622 658 2681 quo
669 2607 715 2666 ius
730 2609 944 2668 oommnnitatis
958 2610 1146 2677 sanctiusest,
1159 2611 1311 2684 quamius

260 2690 410 2750 individui.
428 2691 487 2757 Quo
502 2691 563 2750 loco
579 2691 819 2752 considerandum
834 2699 878 2752 est
888 2694 1005 2754 nomine
1019 2694 1203 2770 proprietatis
1218 2696 1311 2754 natio

259 2773 332 2832 natis
347 2774 376 2834 id
390 2791 474 2833 omno
489 2775 617 2850 intelligi,
634 2777 711 2852 quod
726 2779 806 2837 natio
820 2780 946 2853 possidet
959 2781 1033 2839 iusto
1043 2781 1134 2852 titulo,
1147 2780 1211 2838 sine
1222 2782 1312 2855 origi·

260 2859 342 2917 naria
357 2861 479 2933 quadam
493 2862 679 2936 possessione,
698 2863 758 2922 sive
770 2879 845 2923 noua
858 2865 930 2924 iuris
944 2865 1094 2939 adeptione
1099 2865 1253 2940 ‚itemque
1262 2867 1312 2925 do·

260 2943 384 3003 minium
399 2945 530 3018 generale
545 2947 669 3005 nationis
685 2948 803 3022 plenum
815 2965 877 3008 osse
892 2956 920 3009 et
934 2949 1106 3024 absolutum,
1118 2949 1160 3008 ita
1170 2955 1203 3009 nt
1219 2951 1311 3008 anul

261 3027 289 3086 lo
301 3028 416 3088 alterius
430 3029 554 3088 battonis
568 3031 681 3090 influxu
700 3033 832 3106 pendeat.
845 3035 905 3103 Qua
919 3035 950 3093 in
960 3051 992 3094 re
1002 3034 1129 3093 dominio
1141 3034 1311 3095 individuo·

259 3127 325 3171 rum
340 3113 459 3173 minime
474 3115 655 3190 assimilatur,
673 3119 750 3191 quod
764 3119 902 3178 limitibus
912 3135 964 3194 per
976 3120 1055 3194 leges
1070 3119 1169 3179 ciuiles
1185 3119 1312 3178 eircum-

261 3197 403 3272 scribitur,
416 3205 444 3257 et
459 3199 514 3259 iuri
529 3201 667 3261 eminenti
683 3203 781 3262 subest
794 3204 936 3264 societatis
950 3205 986 3262 ad
996 3219 1083 3279 mam
1092 3204 1142 3262 illa
1157 3203 1309 3263 indiuidua

260 3281 412 3358 pertinent.
424 3283 457 3342 Et
470 3285 542 3344 ratio
557 3285 731 3346 discriminis
745 3290 896 3348 manifesta
911 3295 962 3349 est.
978 3291 1049 3349 Nam
1059 3289 1223 3363 individua,
1236 3305 1310 3365 quae

261 3369 293 3426 in
311 3383 402 3427 unum
418 3365 520 3444 corpus
535 3371 681 3445 politicum
697 3375 878 3449 copulantur,
895 3375 981 3434 totins
995 3373 1173 3450 reipublicae
1188 3375 1309 3434 auctori-
1364 3418 1365 3439 r

261 3455 313 3513 tati
328 3455 465 3528 subsunt;
480 3461 509 3514 ot
524 3463 622 3516 contra
636 3459 777 3528 nationes,
794 3466 826 3520 ut
840 3477 926 3535 supra
940 3461 1010 3533 dixi,
1028 3459 1163 3535 aequales
1182 3468 1255 3519 snut
1268 3461 1309 3518 iu·
1363 3526 1364 3531 ἵ

262 3545 305 3598 ter
319 3556 358 3613 se,
376 3545 404 3599 et
418 3541 518 3600 eodem
534 3542 592 3600 lere
606 3543 690 3602 modo
706 3560 736 3603 se
751 3545 927 3619 respiciunt,
944 3561 1001 3621 quo
1014 3545 1164 3604 indiuidua
1182 3546 1309 3605 invioem
1363 3574 1364 3579 κ

262 3625 422 3684 dissociata.
439 3627 472 3684 tlt
486 3625 574 3700 igitur
589 3627 769 3688 individuum
784 3630 866 3691 alteri
880 3631 1042 3704 individuo,
1060 3645 1150 3704 aquo
1164 3645 1226 3690 non
1243 3647 1311 3706 pen-

263 3710 319 3782 det,
335 3710 364 3768 in
379 3725 435 3768 usu
451 3715 479 3768 et
499 3711 626 3772 dominio
640 3714 773 3788 propriae
787 3716 829 3775 rei
850 3731 907 3775 non
923 3717 1087 3789 subiicitur3
1105 3716 1147 3774 sic
1167 3717 1263 3776 etiam
1276 3716 1312 3775 do
1363 3730 1364 3745 ¹

263 3793 383 3866 singulis
397 3795 561 3856 notionibus
574 3803 708 3871 respectu
721 3799 843 3860 aliarrmr
856 3802 1006 3863 nadonum
1020 3802 1210 3863 indicandum
1231 3809 1288 3866 est.
1362 3804 1363 3811 ’
