2767 4492
538 275 617 320 rums
634 274 776 320 NATURAE
1125 259 1177 320 305

134 358 274 442 quaedam
291 360 404 422 uirtutis
424 361 455 420 iu
472 357 604 420 societate
628 359 806 420 constituunt
821 358 957 420 adversus
980 357 1115 419 uitiorum
1133 373 1178 418 co

134 454 218 509 natus
233 454 262 508 et
275 446 432 507 illecebras.

168 534 201 592 Et
215 547 294 606 sone,
306 531 362 592 uisi
377 531 533 591 adversarii
547 527 674 606 imperiti
691 529 809 589 omniuo
818 531 1003 592 historiarum
1016 531 1084 605 sint,
1095 528 1179 590 lateri

134 618 247 691 debent,
261 617 307 676 his
321 617 448 676 coetibus
467 623 601 691 perpetuo
616 615 723 690 gratias
736 615 900 676 referendas
918 633 1001 691 esse,
1018 617 1096 691 quod
1111 616 1178 676 liar·

132 704 266 764 banorum
276 701 413 762 colluvies
422 717 477 761 non
493 702 606 776 penitus
621 716 715 760 mores
729 701 912 775 oppresserit,
929 701 979 760 aad
993 702 1030 759 ad
1044 716 1178 776 praesen-

134 789 342 848 temculturam
356 787 498 861 gradatim
514 786 697 860 perveniendi
712 786 825 861 copiam
839 785 947 845 iecerit.
965 784 1091 844 Claustra
1101 786 1180 844 enim

133 874 331 948 religiosorum
355 872 523 944 hominum,
540 872 589 946 qui
603 873 687 931 modo
704 872 741 930 ab
764 871 862 945 impiis
888 875 1034 943 tantopere
1057 878 1180 929 contem·
1214 913 1219 920 .

133 963 259 1031 nuutur,
275 957 359 1017 uobis
375 962 579 1018 conservarunt
600 973 659 1016 non
673 956 758 1017 modo
782 955 893 1016 codices
915 954 1086 1029 scriptorum
1107 955 1180 1013 auti·

134 1059 255 1117 quorurn
271 1043 354 1117 (quod
371 1043 427 1117 ipsi
442 1042 529 1102 etiam
544 1042 700 1104 adversarii
714 1041 898 1114 conceduutl3
915 1039 1075 1114 sodorol
1088 1038 1181 1112 magis
1237 1113 1240 1117 ¹

134 1127 265 1196 interest,
282 1128 415 1187 virtutem
429 1128 517 1187 etium
531 1134 559 1186 et
573 1143 687 1187 moram
707 1126 920 1198 innocentiam3
939 1139 992 1184 nec
1005 1125 1062 1183 nisi
1077 1123 1182 1182 exinde

133 1212 252 1286 proiecti
262 1217 330 1271 sunt
344 1213 398 1272 viri
414 1212 650 1286 praestantissimi
665 1217 695 1270 et
710 1210 897 1283 immortales,
914 1208 1108 1283 quiirruentis
1119 1209 1182 1266 bar·

134 1295 232 1354 hariae
246 1303 363 1356 conatus
378 1298 545 1358 retuderunt
558 1313 592 1356 ac
616 1295 862 1370 regenerationem
884 1294 1019 1367 civilem,
1035 1308 1092 1368 qua
1111 1291 1181 1351 itui·

135 1394 209 1455 mur,
226 1381 408 1448 inchoarunt.
1076 1380 1079 1384 ’

544 1555 715 1615 laricanus
729 1553 774 1614 ΙΙΙ.

153 1716 192 1782 iic
205 1723 320 1784 mutuis
337 1720 529 1784 relationibus
549 1725 707 1784 Ecclesiam
728 1725 808 1783 inter
821 1731 848 1782 et
861 1719 980 1781 Statum
998 1719 1162 1797 politiones.

131 1921 144 1936 ·
170 1889 232 1952 207.
249 1894 308 1954 lluo
323 1909 453 1955 errorum
467 1911 572 1969 genera
586 1895 617 1954 in
634 1895 686 1954 lrsc
700 1895 822 1953 materia
835 1892 936 1967 repelli
955 1889 1076 1952 debent:
1091 1903 1183 1948 unum
1285 1894 1291 1910 ·

135 1980 367 2048 protestantisrni,
380 1980 430 2054 qui
445 1979 600 2040 Ecclesiam
615 1979 746 2053 politicae
761 1977 922 2037 auctoritati
936 1976 1099 2048 subsultet,
1116 1974 1183 2032 alle·

135 2075 201 2118 rum
215 2062 508 2134 indifferentistarum,
524 2064 574 2136 oui
590 2070 740 2137 utramque
754 2079 812 2122 non
836 2063 920 2122 modo
934 2061 1119 2135 distinguunt
1134 2058 1185 2118 sed

136 2145 253 2204 omnino
275 2151 407 2220 separant
422 2161 455 2204 ac
469 2152 569 2204 mutuo
583 2145 731 2205 divellunt.
748 2148 821 2206 lllud
834 2148 913 2206 enim
928 2146 1100 2221 principium
1123 2159 1185 2218 per·

137 2230 256 2288 suadere
265 2229 413 2286 nituntur:
430 2229 550 2287 Statum
559 2228 714 2302 politicam
724 2246 779 2303 per
792 2246 822 2288 cc
831 2231 955 2289 atheum
969 2247 1025 2290 esre
1035 2236 1184 2306 oporterc,·

136 2312 274 2369 nimirum
289 2317 367 2370 tanta
381 2311 573 2371 indifferentia
589 2313 749 2386 praeditum
764 2321 898 2385 respectu
913 2315 1074 2386 religionis,
1091 2320 1123 2372 ut
1135 2329 1185 2386 pe·

138 2393 220 2452 rinde
239 2411 269 2454 se
283 2401 363 2470 gerat
377 2396 458 2470 quasi
470 2396 549 2455 nulla
564 2401 656 2456 exstet
665 2396 776 2469 religio,
792 2402 830 2468 et,
847 2397 924 2468 qnod
937 2411 1115 2470 consequens
1129 2401 1181 2470 est,

136 2478 246 2536 nullam
260 2481 400 2540 actionem
416 2487 546 2556 respectu
560 2482 622 2540 eius
637 2487 780 2540 exerceat.
1234 2478 1237 2486 '

173 2563 279 2624 Horum
293 2582 422 2627 errorum
435 2567 564 2642 superior
580 2573 637 2626 tam
652 2567 799 2626 evidenter
815 2563 919 2624 rationi
932 2569 1082 2638 repugnat,
1098 2568 1185 2638 ulpe-

137 2661 175 2708 ne
188 2650 358 2711 refutatione
372 2668 430 2712 non
439 2657 530 2727 egeat.
551 2652 579 2712 Si
594 2652 672 2714 enim
687 2651 753 2711 tinis
766 2649 909 2709 Ecclesiae
922 2664 981 2708 non
996 2649 1081 2708 modo
1091 2647 1184 2706 diser·

137 2748 195 2807 sus,
212 2751 310 2794 verum
325 2736 412 2794 etiam
427 2737 564 2810 longeest
578 2737 670 2810 altior,
693 2751 780 2810 quam
799 2737 867 2794 llnls
881 2734 1026 2809 politicus3
1043 2732 1185 2808 quomodo

137 2820 289 2877 arcarius
304 2835 377 2894 quae
390 2821 433 2880 illi
448 2821 498 2880 ini
514 2822 674 2894 respondet,
691 2819 822 2879 subiecta
836 2835 899 2878 esse
912 2823 1016 2893 potertt
1025 2816 1185 2879 auctoritati

137 2915 211 2973 quae
226 2902 292 2961 huic
306 2902 434 2964 interiori
444 2905 599 2978 advigilat?
613 2907 740 2978 immone
755 2904 780 2963 si
794 2903 923 2963 Ecclesia
935 2903 1034 2962 divina
1047 2907 1091 2964 est
1104 2902 1185 2961 insti·

140 2985 209 3045 tutio
224 2991 252 3044 et
267 2986 472 3061 immutabilis,
490 2989 584 3049 Status
606 2995 706 3050 contra
727 2989 861 3064 politicus
883 2989 1061 3048 institutione
1075 2991 1186 3046 mactat

138 3069 265 3130 humana
278 3078 307 3130 ct
321 3072 467 3147 mutabili3
486 3076 626 3147 quomodo
641 3074 730 3133 huius
749 3074 850 3133 ditioni
865 3073 915 3132 illa
928 3073 1112 3146 subiicietnr,
1129 3071 1184 3130 nisi

31 3191 36 3202 ·
136 3169 183 3214 res
197 3156 384 3216 immutabilis
398 3157 429 3217 in
443 3158 611 3234 mutabilem
627 3159 755 3219 conserti
775 3158 844 3218 velit
856 3164 887 3217 et
900 3158 998 3218 divina
1011 3156 1074 3216 iura
1084 3157 1185 3216 huma-

136 3239 183 3298 nis
203 3241 441 3314 posllrabeanlnr?
456 3245 557 3318 Tertio,
574 3245 599 3303 sl
614 3243 740 3304 Ecclesia
758 3249 890 3304 aeternae
913 3243 1081 3317 populorum
1100 3240 1185 3300 saluti

136 3325 282 3399 prospicit,
294 3326 386 3386 civilis
394 3335 517 3402 potestas
532 3327 652 3403 negotiis
663 3327 861 3402 temporariis,·
873 3329 1014 3402 quomodo
1028 3331 1185 3402 protestan-

138 3407 194 3466 tioa
209 3409 305 3482 opinio
320 3413 430 3472 admitti
446 3415 557 3487 poterit,
576 3413 645 3488 quia
660 3419 810 3472 aeternum
824 3427 842 3470 a
857 3413 1027 3486 temporario
1042 3412 1185 3486 guberua-

137 3493 172 3565 ri,
189 3497 217 3551 et
231 3494 330 3554 tinisa
347 3497 449 3556 mediis
464 3499 556 3572 legent
572 3498 702 3572 accipere
717 3498 879 3556 caenaturi
889 3497 1041 3556 Enimvero
1055 3497 1125 3555 haec
1136 3497 1185 3555 alr·

138 3578 261 3637 surditas
276 3579 333 3638 lruc
345 3582 485 3654 tarditat
498 3582 670 3656 religionum
682 3582 712 3641 in
727 3581 874 3656 negotium
884 3582 1028 3656 quoddam
1037 3581 1184 3655 politicum

138 3663 328 3738 transformet,
345 3669 372 3722 et
386 3666 531 3726 ministros
541 3667 679 3726 Ecclesiae
690 3666 721 3725 in
734 3657 832 3725 civiles
841 3667 981 3740 quosdam
990 3666 1182 3740 magistratus.

11 3829 13 3842 Ι
121 3811 123 3816 ,
139 3747 217 3816 Quod
232 3765 299 3808 eum
311 3749 485 3810 Christianae
499 3751 649 3826 religionis
664 3757 798 3810 naturam
812 3750 954 3823 destruat;
975 3750 1052 3810 civili
1066 3751 1186 3826 populo-

137 3851 203 3894 rum
218 3838 356 3911 culturae,
380 3853 453 3913 quae
468 3838 603 3899 omnihus
623 3837 785 3898 latentibus
799 3852 838 3898 ea
851 3835 893 3899 illi
907 3835 1044 3913 dimam,
1061 3853 1185 3902 summo·

138 3935 207 3995 pere
222 3923 397 3986 adversatur.
