2767 4492
201 305 255 374 tto
540 319 748 370 massanissae
763 317 927 370 dnnsmcrs

201 410 247 468 vel
262 411 407 469 axiomata
428 408 465 468 ad
482 407 597 484 aliquod
616 423 708 468 unum
726 408 825 476 reduci
843 408 972 482 possint,
988 421 1025 468 ex
1039 420 1096 483 quo
1109 405 1252 484 pendeant

201 495 246 554 acl
267 510 324 570 quo
341 493 510 552 innitantur.
533 487 624 551 Ter'tio
637 491 811 567 principium
825 491 1015 564 causalitatis,
1032 507 1089 566 quo
1103 493 1249 552 axiomata

203 576 441 651 experimentalia
453 577 594 649 nitamini,
605 575 826 636 vindicabimus.
842 575 969 648 Denique
982 574 1253 650 duobuspostramis

203 661 334 721 articulis
347 660 444 720 Kantii
457 664 543 735 atque
556 660 652 719 Humii
666 660 826 720 doctrinam
839 659 1012 720 refellemus.

625 832 795 892 dnmcuuus
815 831 834 888 l.

329 1001 369 1062 De
383 1002 503 1062 diverse
516 1001 700 1062 eudaemon
714 1002 804 1060 classe
817 1009 907 1076 prout
921 1002 961 1060 ud
975 1002 1130 1062 amoenata

500 1089 504 1095 '
532 1085 737 1146 constituendo
750 1085 923 1144 modoetiae.

239 1257 283 1317 67.
300 1257 433 1318 Memoria
446 1257 494 1315 hic
507 1254 701 1316 reuocandum
715 1259 767 1329 est,
780 1255 855 1330 quod
869 1255 898 1314 in
910 1255 1012 1330 logica
1029 1256 1187 1317 docuimus:
1203 1259 1250 1317 iu·

205 1341 281 1402 dicia
294 1343 477 1415 immediata,
494 1347 632 1416 quotquot
645 1346 730 1414 sunt,
746 1341 882 1400 bituriam
896 1341 1049 1416 dispartiri,
1067 1343 1203 1402 nindmm
1221 1342 1253 1400 in

207 1443 250 1501 ea,
268 1443 389 1502 quorum
404 1427 510 1486 venitm
525 1426 659 1486 elucescit
672 1442 710 1485 ex
724 1426 785 1500 ipso
800 1425 930 1485 idearum
944 1441 1032 1500 nexu,
1044 1431 1073 1486 et
1087 1427 1117 1486 iu
1132 1442 1167 1486 ea
1180 1441 1254 1501 quac

206 1527 264 1571 non
280 1512 420 1584 item,‘sed
434 1511 510 1569 facto
524 1511 586 1584 ipso
600 1516 629 1569 et
643 1510 820 1584 experientia
834 1511 999 1569 tundantur.
1016 1511 1153 1586 Exempla
1169 1510 1255 1585 primi

204 1597 317 1668 generis
331 1596 404 1653 sint:
417 1601 519 1669 portes
532 1595 624 1653 mmai
637 1603 772 1669 demptae
788 1603 918 1669 aequant
935 1602 1039 1668 toturn·
1053 1596 1080 1653 si
1095 1595 1131 1654 ob
1147 1610 1255 1669 aeque

204 1679 281 1737 libus
296 1678 436 1752 nequalia
450 1679 569 1751 demes,
585 1694 663 1752 quoe
679 1687 840 1754 supersunt
857 1687 928 1738 suot
947 1680 1097 1754 aequatio.
1117 1679 1255 1753 Exempla

203 1769 298 1822 autem
313 1763 427 1836 generis
440 1760 605 1836 posterioris
619 1778 681 1821 esse
696 1769 830 1837 possunt:
844 1764 953 1837 cupito,
971 1763 1069 1822 dolore
1083 1763 1209 1837 officior,
1226 1767 1254 1821 et

202 1845 315 1919 reliqua
325 1849 463 1920 quotquot
473 1845 647 1905 conscientia
658 1847 754 1922 refert
765 1853 822 1906 aut:
833 1855 934 1906 cocunt
947 1863 1081 1924 corporo,
1091 1847 1171 1922 ipuis
1180 1847 1255 1905 adu

204 1930 266 2003 eit,
284 1933 337 1987 air
348 1938 389 1988 est
406 1930 525 2004 pravis,
542 1936 626 2004 atque
645 1931 767 2004 similia,
785 1947 858 2005 quae
876 1932 1041 1990 immediata
1060 1945 1196 1990 senarium
1210 1925 1254 1990 r'e-

201 2012 386 2072 nunciatione
400 2019 560 2073 notescunt.
582 2015 676 2073 Prima
690 2015 867 2074 multimodis
887 2016 1073 2074 nominantur
1089 2017 1113 2088 ⁴3
1130 2015 1193 2074 iure
1207 2029 1255 2073 au-

204 2103 262 2155 tem
276 2097 333 2155 dici
346 2103 466 2171 possunt
479 2096 595 2157 induto
609 2116 629 2156 a
641 2098 758 2173 wioni,
776 2099 843 2172 quia
863 2115 900 2158 ex
920 2099 1097 2172 experientia
1115 2114 1173 2158 uon
1186 2113 1255 2173 pen-

203 2181 290 2255 deut;
311 2181 357 2239 vel
371 2182 543 2257 analytice,
560 2182 628 2256 quia
642 2198 680 2241 ex
695 2181 867 2242 rescindens
882 2183 963 2241 ideae
977 2182 1097 2244 subiecti
1113 2187 1162 2241 aul
1174 2197 1255 2257 prae-

203 2265 290 2324 dicati
304 2272 487 2325 enascuntur.
504 2267 611 2340 Altera,
628 2268 681 2325 etsi
697 2267 824 2326 diversas
838 2267 926 2326 etiam
940 2267 1183 2326 denominationes
1197 2283 1255 2327 sor·

205 2350 255 2408 lita
269 2351 335 2424 sint,
348 2351 496 2409 commoda
511 2355 607 2408 tamen
616 2351 712 2410 vocari
723 2357 845 2425 possunt
855 2350 968 2409 iudicio
979 2367 999 2408 o
1008 2352 1175 2425 postomore',
1187 2353 1255 2426 quia

203 2435 380 2508 experientia
393 2435 576 2510 praebentur3
590 2434 635 2493 uel
652 2434 827 2509 synttettoo,
847 2435 914 2508 quia
927 2434 1095 2494 attributum
1110 2441 1191 2495 extra
1205 2451 1253 2496 uo·
1332 2505 1337 2512 ¹

203 2517 312 2577 tionem
326 2518 447 2577 subtecti
462 2519 587 2592 positum
601 2518 695 2577 eidem
710 2520 869 2594 adiungunt
885 2520 909 2576 2.

251 2673 261 2716 l
279 2672 335 2718 Vide
349 2675 458 2732 misces
471 2680 528 2737 part.
544 2676 568 2737 2,
584 2689 633 2738 cap.
649 2675 673 2739 o,
690 2681 731 2724 art.
748 2677 772 2722 2.

247 2748 262 2792 2
278 2747 363 2794 loadicia
378 2750 461 2811 omnia,
479 2765 535 2812 quae
550 2750 673 2813 apothetica
689 2757 750 2808 eunt,
767 2767 783 2798 e
796 2755 925 2812 wskrtors'
940 2767 1052 2816 amamus,
1065 2753 1131 2815 idque
1147 2755 1194 2802 iure
1209 2771 1256 2801 ms·

201 2824 294 2885 rituque.
313 2823 341 2869 Ut
356 2825 416 2870 euim
432 2831 507 2872 oontn
523 2828 582 2873 llaut
596 2842 645 2873 mox
661 2820 795 2891 videbimus,
814 2828 900 2875 nnllam
921 2833 955 2875 est
975 2829 1122 2891 spntheticuna
1138 2829 1253 2894 iudicium,

201 2899 259 2960 quod
276 2900 445 2961 experimentsle
461 2917 505 2948 non
523 2903 559 2948 sit.

248 2975 291 3020 llas
307 2989 358 3022 vero
374 2975 563 3024 denominationes
580 2978 607 3024 ad
622 2979 704 3026 iudicia
715 2979 818 3043 mediata,
830 2994 886 3042 quae
896 2979 1012 3026 ratiocinio
1023 2979 1171 3042 deducuntur,
1183 2985 1255 3028 trane

199 3050 256 3096 liure
272 3049 335 3096 facile
352 3052 401 3096 erit.
421 3053 476 3098 Nam
492 3055 510 3099 si
526 3045 633 3100 indicium
649 3055 769 3102 mediatum
786 3058 816 3102 sit
831 3057 947 3118 eiusmodi,
960 3061 984 3102 at
1000 3071 1039 3118 per
1055 3057 1194 3104 ratiocinium
1208 3073 1254 3117 ps·

199 3141 254 3172 rem
270 3141 295 3172 ca
311 3126 397 3172 duellas
413 3127 501 3173 indiciis
522 3129 638 3191 analyticis
654 3131 792 3193 dednestur;
812 3132 895 3177 nemini
917 3130 1008 3177 dubium
1029 3147 1076 3177 esse
1096 3137 1181 3195 potest,
1198 3133 1253 3194 quin

201 3215 273 3262 ipsam
289 3216 375 3262 qaoque
391 3201 524 3264 analyticum
541 3203 674 3250 censendam
690 3206 727 3250 sit.
746 3207 781 3250 Sic
798 3201 819 3250 sl
834 3205 911 3250 dieas:
932 3206 1048 3264 quidquid
1067 3207 1196 3266 simplicem
1211 3221 1253 3253 aaa·

201 3281 282 3322 teresse
296 3278 381 3332 dotet,
397 3282 460 3323 earet
473 3279 603 3337 partitum
619 3282 687 3338 etqui
703 3281 821 3340 quidquid
836 3286 900 3327 caret
912 3281 1042 3340 pertidus,
1060 3282 1161 3341 discerpi
1176 3285 1198 3328 et
1213 3283 1254 3328 et-

198 3351 250 3397 eids'
265 3354 365 3410 aequin
381 3366 435 3410 erpo
450 3353 568 3410 quidqwe'd
582 3355 712 3412 simplicem
732 3361 844 3402 autumem
860 3357 944 3411 dedet,
961 3357 1063 3416 disceque·
1079 3361 1101 3403 et
1117 3357 1194 3402 dividi
1210 3370 1253 3403 sae-

117 3439 121 3446 ’
199 3429 267 3484 paln-
282 3432 342 3473 certe
357 3428 437 3474 amitas
454 3427 507 3473 llaec
518 3428 579 3474 illata
589 3428 673 3489 eadem,
691 3443 734 3490 qua
751 3431 890 3494 praemissae,
908 3435 1036 3478 necmitate
1051 3431 1133 3494 pollet3
1146 3438 1168 3478 et
1178 3445 1254 3493 quarn·

199 3501 234 3545 uis
247 3502 349 3565 mediate,
367 3519 393 3548 ex
409 3502 459 3548 idea
474 3507 548 3549 tamen
564 3503 658 3549 subiecti
672 3504 793 3550 resolutum
809 3506 958 3566 praedicatum
972 3507 1045 3553 hebet.
1059 3508 1082 3552 Si
1097 3523 1148 3554 aero
1164 3521 1203 3569 per
1219 3521 1254 3552 rs·

200 3574 314 3622 tiociniam
330 3578 460 3640 empiricam
476 3593 502 3623 ea
519 3577 601 3639 duplici
618 3579 783 3640 experimentali
798 3579 880 3626 iudicio
896 3580 990 3627 deducas
1005 3581 1098 3644 aliquid,
1117 3585 1142 3628 ut
1156 3582 1175 3627 si
1192 3581 1252 3627 dicae

198 3664 233 3694 oa.
251 3654 385 3713 persuum·
399 3653 499 3700 eomedit
514 3657 658 3709 esseteessaseaea,¹
674 3655 742 3713 arque·
757 3655 823 3701 modo
843 3661 875 3702 est
895 3661 985 3713 osetee;
1002 3671 1055 3717 ereo
1068 3662 1120 3717 post
1137 3659 1183 3704 ere't
1199 3671 1245 3704 ese-

199 3729 310 3782 eom·
326 3726 409 3774 clarum
424 3733 457 3774 est
472 3727 625 3774 deductionsm
641 3728 765 3775 istiusmodi
784 3745 829 3777 non
846 3747 892 3778 esse
908 3733 951 3778 nisi
967 3733 1081 3780 amitalem
1096 3732 1224 3796 empiricam
1244 3768 1251 3796 ,

197 3814 254 3864 qaae
270 3799 372 3862 physicae
391 3806 477 3849 human
492 3805 522 3850 sit
537 3804 684 3864 certitudinis.
702 3807 801 3868 Denique
820 3823 870 3854 eam
889 3823 929 3871 per
948 3809 1088 3856 ratiocinium
1110 3809 1206 3856 mistam
1226 3823 1255 3855 ex

198 3876 332 3942 praemissis,
348 3877 416 3926 altera
431 3880 546 3944 radordi,
563 3879 631 3932 altera
646 3881 825 3948 experimentali,
843 3883 912 3932 illatio
928 3884 1029 3948 ducitur,
1046 3885 1117 3933 veluti
1134 3886 1153 3931 si
1172 3884 1253 3936 dicas:
