2767 4492
396 882 988 1005 PRAENOTIONES

633 1123 759 1152 41,

161 1740 404 1872 perspicuitatis
413 1795 504 1869 gratia
514 1793 711 1869 antequamad
721 1794 1212 1871 singulasphitosophiaepartesex·

159 1881 310 1955 piieandas
322 1879 486 1953 veniamus,
503 1879 534 1938 iu
548 1879 640 1954 ipsius
653 1879 732 1938 velut
745 1880 887 1940 vestibulo
900 1881 1029 1940 sistimus
1042 1883 1161 1957 pedem,
1177 1900 1213 1943 ee

160 1965 378 2025 considerantes
402 1979 475 2038 quae
493 1969 643 2022 externam
664 1963 832 2038 disciptinae
853 1965 975 2024 sormam
997 1965 1145 2026 exhibent.
1166 1969 1213 2027 Sie

159 2049 211 2122 otri
226 2048 264 2108 ad
277 2049 441 2108 aedificium
457 2047 571 2122 aliquod
591 2047 778 2144 spectandum
797 2049 907 2108 aceedit
913 2049 1017 2123 ,prius
1037 2052 1210 2111 exteriorem

158 2133 224 2192 eius
238 2134 364 2208 speeiem
382 2132 653 2206 dispositionemque
670 2131 797 2205 partium
810 2132 989 2191 dirmsarum
1003 2138 1032 2192 et
1046 2134 1134 2192 situm
1154 2135 1211 2193 eoi·

156 2214 264 2275 lustrat
277 2216 377 2289 oeulis,
392 2215 495 2275 deinde
505 2215 611 2274 atrium
624 2214 816 2288 introgressus
830 2215 867 2273 ad
880 2220 975 2290 partes
990 2216 1157 2290 singillatim
1171 2218 1209 2277 ri·

156 2300 282 2359 mandas
295 2299 484 2374 progreditur.

193 2383 323 2458 Agedum
337 2398 411 2457 quae
430 2383 588 2457 generatim
606 2382 816 2457 philosophiam
834 2383 971 2456 attinent,
988 2398 1023 2442 ea
1037 2384 1073 2442 ad
1099 2385 1177 2442 tria'
1167 2399 1211 2443 rn-

157 2467 322 2542 terrogandi
335 2481 441 2541 genera
452 2467 551 2526 reduci
565 2470 700 2540 possunt:
716 2467 852 2566 primum,
870 2472 901 2525 ut
914 2467 977 2526 eius
991 2472 1110 2540 namra,
1127 2467 1204 2541 finis,

156 2555 267 2614 utilitas
281 2553 453 2628 explicatum
471 2552 585 2625 deinde,
597 2557 630 2610 ut
643 2567 732 2626 quam
745 2553 886 2626 originem
896 2567 1003 2626 qrrasre
1013 2553 1091 2611 vices
1101 2552 1208 2612 hahue-

156 2641 195 2699 rit
208 2646 374 2712 enarretur,
392 2645 549 2714 postremo,
565 2645 597 2698 ut
612 2643 720 2714 partes,
737 2639 844 2713 quihus
861 2644 986 2713 constat,
1003 2644 1206 2714 numerentur,

156 2717 328 2799 noteturque
342 2685 434 2783 ordo
425 2739 457 2783 ιιι
470 2724 517 2782 his
532 2723 698 2783 serrandus.

530 2894 701 2952 herroneus
714 2892 836 2950 anus.

341 3061 379 3118 Da
391 3037 598 3132 Philosophiae
610 3055 788 3130 definitione,
804 3048 874 3131 fiee,
887 3056 1027 3116 utilitate.

196 3231 223 3290 i.
239 3227 429 3303 Philosophia,
448 3242 498 3286 seu
513 3224 670 3301 sapientiae
683 3225 810 3285 studium
826 3228 896 3301 (hoe
909 3226 996 3286 enim
1008 3225 1095 3287 latine
1110 3227 1208 3302 sonat)

159 3330 177 3373 a
190 3315 350 3390 Pythagora
363 3313 490 3388 primum
505 3325 610 3371 nomen
619 3311 730 3384 aceepit
745 3313 774 3384 t,
790 3311 889 3386 idque,
899 3315 996 3386 utpote
1010 3312 1166 3373 modestiae
1174 3317 1203 3371 et
1223 3371 1226 3376 ,
1308 3337 1311 3344 ·

159 3400 288 3459 renatis
301 3399 428 3473 plenum,
450 3397 527 3472 apud
541 3410 639 3456 ornnes
649 3400 754 3470 ¹postea
768 3395 927 3470 generatim
941 3396 1072 3455 invaluit.
1088 3396 1122 3454 Et
1139 3411 1209 3455 sane

159 3483 185 3540 si
199 3483 235 3542 ad
250 3488 370 3542 naturae
385 3482 516 3542 notitiam
531 3480 754 3556 comparandam
774 3484 901 3554 tempore
915 3495 1032 3554 egemus
1046 3484 1076 3539 et
1088 3479 1209 3558 diligen-⁴

203 3679 377 3746 ii’ythtporsm
394 3679 463 3728 inim
481 3679 547 3736 huius
561 3678 659 3726 nominis
674 3679 830 3742 inventorem,
845 3676 907 3724 testis
926 3680 960 3724 est
974 3647 1061 3725 crath
1075 3678 1118 3736 Oq.
1143 3677 1209 3724 Tere.

158 3751 198 3801 its.
214 3759 238 3820 h,
250 3772 301 3804 enm
315 3762 388 3819 antem
400 3756 439 3818 qui
451 3757 477 3802 in
493 3761 584 3803 naturae
600 3754 787 3817 contomplatione
801 3753 914 3818 porrehont
932 3768 1030 3816 opernm,
1046 3767 1091 3799 non
1106 3753 1212 3828 philoso-

160 3831 211 3892 phi,
225 3832 282 3882 idest
292 3833 413 3899 sapientiae
427 3831 528 3896 studiosi,
544 3831 582 3880 sed
593 3833 670 3895 sophi,
686 3831 745 3878 idest
757 3831 877 3894 sepientes,
891 3829 1066 3964 sppeiiiarenmr.
