2767 4492
440 405 881 455 antemnam-mrononoata
1133 384 1183 455 ild

172 495 255 569 Resp.
267 492 306 554 td
321 492 458 568 primum,
470 493 545 567 qarod
560 493 609 565 ait,
623 492 776 552 dicendum
785 497 828 550 ost
842 490 1034 565 cognitionem
1046 507 1105 552 non
1120 508 1183 553 esse

137 580 258 640 liberam
273 580 365 654 quoad
380 578 504 653 speciem
515 583 543 636 et
557 577 728 637 exercitium
743 581 832 649 actus,
844 577 958 651 quando
972 578 1117 638 obiectum
1128 579 1184 637 rite

137 664 311 740 proponitur.
327 657 361 723 tt
375 663 464 722 libera
483 662 608 736 prolecto
623 666 666 721 est
681 661 775 736 quoad
796 661 1014 735 applicationem
1034 663 1127 737 ipsam
1140 663 1182 721 la·

138 748 249 808 cultatis
265 753 294 808 et
308 748 469 807 attentionis
483 746 613 821 gadum.
631 746 743 820 optime
757 745 836 804 enim
859 750 951 819 potest
970 747 1101 807 voluntas
1116 763 1182 807 con·

137 832 337 892 siderationem
356 831 461 891 mentis
477 831 512 889 ab
532 830 642 890 obiecto
661 829 805 904 proposito
825 844 943 889 avocare
965 836 1015 888 aut
1033 847 1133 892 sensus
1146 832 1184 892 ad

137 917 206 975 illud
220 916 446 991 percipiendum,
463 915 488 974 si
502 915 607 974 sensile
622 919 674 986 est,
692 928 750 972 non
767 913 932 987 adiungere.
948 915 1019 972 Tum
1032 916 1119 974 etiam
1132 931 1182 990 po

137 1005 192 1058 test
207 1002 392 1061 attentionem
407 1000 542 1059 animiad
554 1013 642 1059 unum
652 998 844 1072 potiusquam
854 999 1182 1059 aliudconsiderandum

136 1085 265 1160 flectere,
283 1101 405 1160 eamque
420 1085 464 1144 vel
479 1085 509 1143 in
522 1100 581 1144 uno
601 1082 820 1157 contemplando
839 1082 973 1157 colligere
988 1084 1035 1143 vol
1048 1083 1080 1142 in
1099 1084 1184 1157 plura

136 1169 308 1244 dispergere.
324 1169 397 1243 Ergo
412 1169 464 1228 etsi
480 1169 603 1243 cognitio
618 1167 728 1226 ratione
742 1167 787 1225 sui
801 1167 891 1226 libera
904 1183 963 1227 non
978 1167 1023 1239 sit,
1041 1182 1126 1242 saepe
1143 1173 1183 1226 ta·

136 1253 205 1312 men
224 1254 314 1312 libera
336 1259 379 1312 est
396 1254 506 1313 ratione
528 1251 698 1324 voluntatis,
715 1267 731 1310 a
746 1266 803 1324 qua
821 1251 853 1309 in
874 1257 949 1311 statu
970 1251 1134 1311 relictionis
1149 1268 1184 1312 co

137 1338 231 1409 modo,
249 1353 334 1411 quem
349 1337 486 1410 diximus,
503 1336 618 1410 pendet.

172 1420 297 1478 Alterum
312 1436 379 1479 vero
395 1420 470 1494 quod
484 1421 577 1494 addit,
599 1420 774 1480 contrarium
797 1420 913 1481 omnino
927 1421 1039 1493 prohat.
1056 1421 1181 1494 Nomai,

135 1505 279 1579 proposito
292 1505 377 1577 bono,
393 1505 523 1564 voluntas
538 1505 661 1578 eligendi
675 1506 721 1564 rel
734 1505 887 1579 respuendi
903 1506 1054 1563 autetiam
1072 1505 1184 1564 electio

136 1602 205 1646 nem
227 1588 375 1647 differendi
390 1589 449 1647 vim
465 1588 550 1648 habet
566 1589 757 1662 (quodetiam
779 1588 884 1647 falsum
898 1593 955 1662 est,
971 1604 1039 1646 nam
1060 1594 1185 1663 potesta

101 1735 104 1740 ,
134 1672 235 1746 qarovis
250 1678 315 1732 actu
329 1687 360 1731 se
378 1674 564 1746 temperare),
577 1678 652 1730 certe
662 1673 739 1746 quod
754 1688 845 1731 unum
857 1689 894 1730 ex
910 1671 1002 1730 trihus
1011 1672 1070 1731 illis
1085 1673 1181 1746 iaciat,

133 1754 163 1814 id
177 1772 214 1815 ex
229 1757 289 1815 eius
306 1756 409 1831 pendet
427 1757 574 1815 arbitratu.
592 1757 648 1815 Hoc
664 1761 774 1830 autem,
791 1762 824 1814 ut
841 1757 964 1831 quisque
982 1756 1073 1830 videt,
1097 1771 1183 1816 usum

133 1839 273 1900 libertatis
288 1841 431 1914 importat.

167 1927 288 1985 Domum
299 1926 333 1985 de
348 1927 461 2000 optione
475 1925 551 1985 inter
563 1925 618 1984 duo
629 1926 705 1985 hona
716 1926 798 1984 linita
812 1925 930 1985 evidens
942 1939 1113 2000 responsum
1127 1929 1181 1985 est.

133 2013 202 2071 Nam
217 2011 277 2071 sive
288 2017 319 2069 ut
334 2011 464 2086 aequalia
478 2011 538 2071 sive
549 2016 580 2070 ut
594 2011 758 2086 inaequalia
773 2017 977 2086 proponantur,
988 2013 1120 2070 voluntas
1130 2026 1182 2084 pro

131 2096 221 2155 lubitu
230 2096 276 2152 vel
286 2101 438 2168 utrumque
448 2096 591 2154 dimittere
601 2095 646 2153 vel
656 2097 825 2154 alterutrum
837 2094 942 2169 eligere
951 2101 1051 2170 potest,
1066 2095 1181 2154 etiamsi

132 2179 253 2239 interius
269 2194 330 2236 esse
346 2183 522 2236 contueatur.
540 2179 635 2252 Neque
649 2178 681 2236 in
695 2179 749 2238 hcc
763 2179 872 2237 malum
894 2180 1016 2253 appetit,
1039 2179 1182 2253 siquidem

133 2262 205 2322 illud
218 2261 325 2334 deligit,
342 2275 400 2321 non
415 2263 482 2336 quia
495 2261 615 2321 interius
631 2263 718 2321 altero
733 2269 789 2336 cst,
806 2265 856 2322 sed
871 2263 938 2337 quia
957 2268 1181 2323 consentaneum

133 2347 188 2420 ipsi
204 2352 246 2404 est
261 2350 289 2404 et
301 2345 419 2404 bonum.
436 2346 477 2403 Ex
491 2345 581 2404 libero
595 2346 681 2419 igitur
697 2346 814 2405 arbitrio
829 2347 928 2406 electio
945 2354 1013 2405 tunc
1028 2347 1182 2405 voluntatis

133 2429 248 2504 pendet.
264 2429 322 2488 Hoc
336 2429 422 2503 igitur
437 2445 503 2488 curn
518 2435 634 2504 constet,
652 2431 686 2490 de
697 2431 827 2490 libertate
841 2433 928 2492 etiarn
943 2437 1073 2490 motuum
1088 2437 1181 2488 exter·

133 2527 237 2573 norum
246 2513 396 2586 constabit}
407 2513 748 2588 siquidemhivoluntatis
758 2515 878 2590 imperio
890 2520 1093 2588 temperantur.
1105 2513 1180 2573 Nihil

131 2598 218 2671 igitur
232 2597 333 2656 Gallias
348 2603 446 2656 contra
460 2599 620 2658 libertatern
635 2601 752 2659 evincit.

168 2682 257 2740 Obiic.
266 2682 309 2740 tv.
322 2683 456 2741 Voluntas
470 2684 676 2743 determinatur
686 2686 723 2743 ab
733 2684 834 2744 ultimo
844 2684 950 2743 iudicio
958 2682 1094 2758 practico.
1108 2683 1180 2756 Ergo

131 2763 222 2823 libera
235 2780 293 2824 non
308 2771 363 2839 est;
380 2767 521 2840 siquidem
536 2767 651 2825 aliunde
667 2768 935 2825 determinationem
952 2768 1065 2838 accipit.

165 2850 249 2922 llesp.
261 2850 294 2907 Ut
304 2849 405 2908 solutio
416 2849 600 2920 intelligatur,
617 2849 821 2920 explicandum
831 2855 873 2906 est
883 2849 962 2921 prius
973 2848 1042 2918 quid
1054 2848 1181 2906 hocloco

129 2933 247 2990 nomine
256 2932 355 2989 iudicii
365 2932 484 3002 practici
495 2935 656 3002 usurpetur.
669 2931 766 3001 itaquo
776 2930 916 2988 iudicium
929 2930 1090 2988 intellectus
1102 2931 1181 2989 circa

130 3015 240 3088 aliquid
254 3015 444 3087 appetendum
459 3013 504 3070 vel
524 3012 717 3084 respuendum
732 3014 820 3071 dividi
836 3015 906 3072 solet
920 3015 951 3072 in
970 3016 1178 3089 speculativum
1278 3006 1286 3026 ²

47 3099 49 3104 ’
134 3105 163 3158 et
185 3097 353 3170 practicam.
370 3093 580 3168 Speculativum
602 3093 799 3169 diciturillud,
816 3113 871 3170 quo
884 3098 1028 3158 obiectum
1043 3100 1179 3158 asseritur

128 3185 239 3244 bonum
253 3195 315 3240 esse
330 3179 376 3238 vel
391 3177 516 3251 malum,
539 3193 572 3236 ac
586 3177 705 3252 proinde
726 3180 845 3252 dignum
868 3183 943 3254 quod
964 3189 1114 3256 appetatur
1135 3181 1181 3240 vel

130 3266 286 3326 reiiciatur.
302 3264 461 3324 Praeticum
475 3278 542 3321 vero
558 3263 587 3322 id
608 3263 789 3338 nominatur,
807 3281 863 3339 quo
884 3272 947 3338 post
965 3266 1108 3324 calculum
1123 3281 1181 3324 mo-

131 3357 292 3410 mentorum
306 3349 466 3407 iudicamus
482 3347 625 3406 obiectum
639 3349 670 3407 in
685 3349 791 3408 talibus
806 3365 903 3408 rerum
918 3350 1069 3422 adiunctis,
1083 3366 1135 3408 seu
1148 3355 1182 3408 ut

131 3433 187 3495 dici
203 3435 287 3508 solet,
305 3434 351 3492 nic
365 3438 394 3492 et
406 3447 483 3490 nunc
498 3433 632 3492 omnibus
650 3433 799 3508 inspectis,
817 3435 979 3508 eligendum
995 3449 1057 3494 esse
1076 3433 1118 3492 rel
1137 3449 1180 3492 re

132 3520 303 3594 spuendum.

167 3605 226 3662 lam
239 3619 306 3662 rero
319 3603 515 3678 Bellarminus,
532 3617 672 3663 unacum
687 3604 760 3678 aliis,
778 3603 907 3663 concedit
922 3603 1037 3678 quidem
1054 3603 1179 3664 volunta·

132 3694 189 3748 tam
203 3690 240 3747 ad
254 3689 417 3762 eligendum
432 3688 544 3763 prodire
554 3703 612 3750 non
627 3705 711 3764 posse
720 3689 784 3748 sine
795 3689 976 3763 praecedenti
992 3688 1099 3747 iudicio
1114 3704 1178 3764 pra·

131 3773 213 3845 ctioo,
227 3773 300 3846 quod
310 3773 402 3846 ipsam
412 3773 448 3831 ad
459 3774 624 3832 alterutram
634 3775 757 3848 optionis
771 3779 880 3847 partem
891 3772 1017 3831 inclinet.
1034 3772 1179 3833 inficiatur

130 3871 197 3916 vero
205 3857 387 3915 vehementer
394 3855 555 3916 libertatem
562 3859 666 3916 exinde
675 3857 826 3916 debilitari.
838 3858 984 3915 Contendit
993 3858 1071 3916 euim
1081 3857 1178 3932 ipsum

128 3940 268 4002 iudicium
280 3940 437 4014 practicam
450 3941 570 4002 rationis
580 3957 597 4002 a
607 3941 699 4002 libera
713 3942 838 4015 quadam
852 3941 1005 4004 omissione
1020 3939 1176 4004 volunmtis
