2767 4492
166 245 172 262 '
223 257 264 325 '80
665 271 828 319 amacura

228 361 340 421 divinae
354 357 516 432 voluntatis,
532 371 605 434 quae
620 360 782 419 rectissima
797 373 859 417 esse
869 357 963 432 debet,
980 361 1009 417 et
1028 366 1176 432 nunquam
1191 372 1209 417 a
1223 373 1267 418 sa·

227 447 334 524 pientia
343 446 521 520 disiungitur.

561 617 726 680 salonium·
749 616 927 680 abiectiones⁴

278 789 320 853 51.
342 793 636 854 conrraerrseennam
657 793 894 869 remoraturam.
916 792 1053 853 oneretur
1066 791 1087 852 r.
1109 753 1136 852 st
1151 793 1199 853 rex
1213 808 1261 853 na·

224 879 321 937 tirralis
338 885 412 938 esset
426 880 456 937 in
471 879 602 952 bomine,
626 879 742 939 libertas
762 881 854 939 omnis
869 879 904 937 de
919 879 1013 937 medio
1028 877 1188 951 pelleretur.
1204 878 1261 937 Lex

223 965 299 1022 enim
317 964 491 1024 coactionem
508 970 536 1024 ct
549 965 748 1024 necessitatem
762 964 893 1038 imponit,
910 963 991 1038 isque
1001 962 1119 1022 effectus
1131 963 1261 1037 proprius

222 1048 293 1123 legis
307 1056 358 1109 est.

273 1135 354 1210 Resp,
373 1135 431 1195 Lon
448 1136 622 1196 coactionem
637 1141 665 1196 et
679 1136 877 1196 necessitatem
900 1134 1022 1209 imponit
1034 1147 1093 1193 nun
1107 1133 1261 1209 physicam

220 1220 429 1280 sodmoralem.
452 1223 511 1282 Non
531 1223 608 1281 eninr
634 1221 797 1281 violentiam
814 1221 924 1293 inlert,
953 1221 1002 1278 sed
1025 1219 1200 1278 uoluntatem
1225 1218 1260 1276 ad

219 1319 261 1377 ea,
274 1319 346 1378 quae
361 1305 436 1364 bona
450 1311 478 1364 et
490 1311 567 1365 recta
584 1314 658 1380 sunt,
677 1307 775 1366 allicit.
793 1307 848 1364 Nec
859 1320 924 1364 eam
938 1311 1076 1379 potestate
1090 1303 1183 1377 privat
1196 1318 1259 1361 exe

218 1391 299 1448 rendi
322 1405 372 1463 pro
397 1391 486 1450 lubitu
507 1405 593 1450 unam
619 1399 668 1450 aut
695 1392 812 1450 alteram
839 1391 1002 1464 actionem3
1023 1391 1073 1449 sed
1097 1396 1207 1447 tantum
1224 1388 1261 1446 ad

217 1473 291 1533 banc
311 1477 403 1550 potius
419 1491 505 1550 qoam
520 1477 605 1535 aliam
620 1477 788 1535 eliciendam
803 1475 909 1549 obligat
923 1476 983 1547 sic,
1000 1473 1031 1533 ut
1047 1480 1170 1548 nequeat
1184 1489 1260 1531 crea-

218 1563 280 1618 tura
300 1561 446 1620 rationalis
467 1562 521 1636 legi
546 1563 705 1636 refragari,
733 1563 800 1637 quin
824 1577 840 1619 a
860 1563 915 1620 line
939 1561 1078 1619 desciscat
1100 1559 1260 1633 iniuriaque

215 1643 401 1717 legislatorem
419 1648 542 1720 alliciat3
567 1663 619 1705 nec
635 1648 726 1722 possit
741 1648 826 1706 aliter
839 1648 926 1704 finem
947 1647 1059 1720 assequi
1079 1651 1108 1702 et
1127 1643 1258 1703 obedien·

215 1729 284 1787 tiam
308 1746 440 1804 supremo
460 1733 642 1804 garbernatori
669 1733 798 1790 debitam
815 1746 946 1803 servare,
968 1731 1024 1788 nisi
1050 1729 1199 1788 exurendis
1216 1727 1258 1785 vel

214 1812 388 1874 declinandis
408 1817 585 1890 actionibus,
614 1833 687 1890 qliae
706 1817 840 1875 iubentur
858 1822 907 1874 aut
923 1822 1062 1873 rebatur.
1083 1817 1168 1888 dique
1186 1813 1258 1869 baec

214 1903 322 1957 mutum
337 1901 452 1958 moralis
468 1901 600 1975 obligatio
614 1909 642 1959 et
657 1900 813 1960 necessitas
828 1907 871 1960 est
886 1901 1003 1959 allectus
1027 1901 1157 1974 proprius
1174 1899 1256 1970 legis.

215 1983 244 2040 ld
260 1997 325 2042 vero
340 1985 463 2044 libertati
483 1988 613 2060 propriae
634 1987 759 2045 bominis
780 2002 837 2046 nou
860 1986 1029 2060 opponitur,
1055 1987 1102 2043 sed
1123 1989 1259 2043 consonat

213 2069 314 2143 potius.
341 2071 466 2130 Libertas
490 2075 567 2131 enim
589 2091 606 2132 a
627 2067 742 2133 licentia
763 2086 935 2147 magnopere
954 2071 1056 2129 differt.
1084 2070 1158 2128 llaec
1182 2067 1258 2141 leges

214 2156 347 2228 excludit,
364 2156 412 2215 illa
429 2159 573 2232 physicam
590 2160 739 2218 dumtaxat
753 2160 961 2217 necessitatem.
980 2156 1068 2214 immo
1078 2155 1194 2213 libertas
1204 2155 1258 2210 troc

212 2240 273 2314 ipso
288 2243 362 2315 quod
383 2243 601 2303 indifferentiam
620 2244 758 2303 uoluntati
779 2244 876 2314 allent,
900 2243 989 2315 legem
1006 2238 1137 2314 pustulat,
1163 2243 1194 2296 ut
1210 2252 1258 2295 vo·

211 2323 305 2384 luntas
322 2326 469 2400 dirigatur,
490 2331 679 2402 utromodo,
703 2329 753 2402 qui
770 2327 913 2402 possibilis
933 2333 985 2398 est,
1004 2328 1039 2383 ad
1059 2324 1098 2397 id,
1113 2324 1187 2397 quod
1207 2335 1259 2380 ex·

210 2411 306 2484 pedit,
333 2411 493 2471 inclinetur.
518 2414 595 2472 llnde
615 2416 643 2472 in
669 2413 882 2487 probationibus
907 2429 945 2470 ex
966 2411 1092 2468 libertate
1117 2409 1256 2484 physica,

213 2503 269 2568 qtra
291 2497 375 2555 bomo
391 2498 609 2571 praedicasse,
628 2497 809 2557 existentiam
822 2497 916 2570 potius
938 2497 1008 2568 legis
1025 2495 1163 2553 naturalis
1182 2493 1258 2552 deri·

210 2593 349 2641 varamus.
528 2633 532 2642 .

230 2669 238 2680 ’
263 2667 351 2726 Obiic.
375 2669 406 2728 ll.
424 2669 452 2728 Si
468 2669 513 2729 lex
529 2669 666 2729 naturalis
687 2670 822 2743 daretur,
840 2674 974 2727 enatura
989 2665 1112 2726 bominis
1126 2664 1256 2739 separari

208 2765 265 2810 non
283 2761 383 2827 posset.
395 2756 427 2812 dl
441 2757 546 2830 optime
561 2767 717 2829 separatur.
735 2756 805 2814 llam
822 2755 955 2825 infantes,
974 2753 1125 2828 utpoteqari
1140 2750 1254 2808 nullum

208 2835 346 2897 iudicium
364 2845 458 2898 mente
479 2842 630 2914 proterant,
654 2843 745 2914 legem
756 2840 916 2898 naturalem
927 2839 1052 2912 proiecto
1069 2853 1124 2896 non
1135 2834 1254 2903 babent,

209 2936 281 2994 quae
296 2923 409 2982 iudiciis
424 2925 541 2983 rationis
559 2926 699 3000 practicae
713 2925 885 2984 continetur.

261 3008 343 3081 Resp.
360 3009 575 3082 Distinguendo:
592 3027 609 3069 a
624 3019 726 3068 natura
740 3009 865 3068 bominis
882 3009 1007 3083 separari
1026 3021 1083 3067 non
1098 3011 1192 3082 posset
1206 3003 1255 3062 rel

207 3090 237 3150 in
252 3099 317 3151 actu
332 3093 375 3151 nel
391 3095 421 3152 in
435 3095 535 3154 habitu
551 3103 577 3154 et
592 3096 798 3154 constitutione
812 3101 932 3153 naturae
947 3095 1140 3165 considerata,
1161 3103 1256 3148 muco·

208 3175 325 3250 dimas;
340 3194 452 3252 semper
466 3181 496 3238 in
512 3187 765 3255 admonueram.
785 3179 842 3236 Etsi
857 3179 989 3252 infantes,
1005 3180 1054 3251 qui
1071 3181 1198 3235 nondarm
1216 3173 1256 3231 ad

207 3276 291 3318 usam
306 3263 424 3322 rationis
440 3271 646 3338 pervenerunt,
669 3263 808 3323 indicium
824 3262 936 3321 nullum
950 3265 1054 3335 edant,
1081 3277 1115 3320 ac
1135 3259 1256 3335 proinde

209 3347 366 3407 actualibus
380 3349 582 3409 dictaminibus
600 3351 668 3424 legis
683 3349 821 3407 naturalis
836 3355 967 3420 careant3
991 3355 1087 3406 umen
1102 3347 1181 3404 illam
1193 3346 1255 3402 iam

208 3432 352 3505 possident
370 3434 400 3492 in
422 3435 520 3508 babitu
537 3437 659 3510 quartam
674 3434 798 3492 naturali
815 3441 843 3491 et
858 3433 1081 3492 conformatione
1104 3430 1196 3504 ipsius
1209 3426 1255 3485 in-

209 3516 397 3593 telligentiae,
424 3520 565 3593 quasillis
580 3521 609 3579 in
626 3519 721 3578 animo
735 3518 859 3592 insidet,
879 3512 1012 3593 quamvis
1027 3517 1062 3575 ad
1076 3514 1256 3574 exercendas

207 3603 335 3676 proprius
351 3605 476 3664 actiones
491 3607 617 3664 nondum
632 3604 764 3678 expedita
779 3603 824 3661 sit.
851 3601 883 3661 ld
902 3617 970 3660 vcro
984 3601 1111 3659 maxime
1126 3597 1252 3670 sufficit,

210 3693 240 3744 ut
254 3687 301 3745 lex
311 3704 328 3746 a
337 3697 438 3748 natrrna
452 3691 564 3749 innasci
578 3691 705 3762 dicatur3
721 3705 814 3764 secus,
832 3688 857 3746 si
866 3703 979 3762 semper
989 3686 1099 3745 actuale
1113 3681 1256 3743 iudicium

208 3772 417 3848 requireretur,
434 3777 520 3835 etiarn
535 3776 642 3849 adulti,
660 3791 726 3834 cum
741 3790 788 3832 es.
810 3789 853 3847 gr.
870 3771 1034 3845 dormiunt,
1051 3772 1113 3844 lege
1128 3765 1256 3826 nattnali

210 3862 347 3918 carerent.
359 3860 447 3922 lromo
462 3877 495 3923 ea
509 3863 556 3924 lex
570 3863 673 3936 iugiter
685 3865 843 3922 mutaretur
858 3874 892 3920 ac
905 3859 1058 3933 desineret,
1069 3855 1174 3931 quippe
1183 3867 1255 3913 cum
