<?xml version="1.0" encoding="UTF-8"?>
<!DOCTYPE html PUBLIC "-//W3C//DTD XHTML 1.0 Transitional//EN"
    "http://www.w3.org/TR/xhtml1/DTD/xhtml1-transitional.dtd">
<html xmlns="http://www.w3.org/1999/xhtml" xml:lang="en" lang="en">
 <head>
  <title>
</title>
<meta http-equiv="Content-Type" content="text/html;charset=utf-8" />
  <meta name='ocr-system' content='tesseract 3.04.00' />
  <meta name='ocr-capabilities' content='ocr_page ocr_carea ocr_par ocr_line ocrx_word'/>
</head>
<body>
  <div class='ocr_page' id='page_1' title='image "./institutionesph00libegoog_0111.png"; bbox 0 0 2767 4492; ppageno 0'>
   <div class='ocr_carea' id='block_1_1' title="bbox 500 353 1141 441">
    <p class='ocr_par' dir='ltr' id='par_1_1' title="bbox 500 353 1141 441">
     <span class='ocr_line' id='line_1_1' title="bbox 500 353 1141 441; baseline 0.002 -1"><span class='ocrx_word' id='word_1_1' title='bbox 500 389 576 440; x_wconf 74' lang='lat' dir='ltr'><strong>PARS</strong></span> <span class='ocrx_word' id='word_1_2' title='bbox 592 393 714 440; x_wconf 73' lang='lat' dir='ltr'><strong>ALTERA</strong></span> <span class='ocrx_word' id='word_1_3' title='bbox 1104 353 1141 441; x_wconf 75' lang='grc'>99</span> 
     </span>
    </p>
   </div>
   <div class='ocr_carea' id='block_1_2' title="bbox 92 468 1139 1143">
    <p class='ocr_par' dir='ltr' id='par_1_2' title="bbox 92 468 1139 1143">
     <span class='ocr_line' id='line_1_2' title="bbox 101 468 1138 555; baseline 0.002 -19"><span class='ocrx_word' id='word_1_4' title='bbox 101 468 284 547; x_wconf 86' lang='lat' dir='ltr'>lmnoetiam,</span> <span class='ocrx_word' id='word_1_5' title='bbox 301 479 328 540; x_wconf 88' lang='lat' dir='ltr'>si</span> <span class='ocrx_word' id='word_1_6' title='bbox 341 491 409 538; x_wconf 86' lang='lat' dir='ltr'>vera</span> <span class='ocrx_word' id='word_1_7' title='bbox 421 479 500 555; x_wconf 83' lang='lat' dir='ltr'>loqui</span> <span class='ocrx_word' id='word_1_8' title='bbox 513 480 558 539; x_wconf 86' lang='lat' dir='ltr'>les</span> <span class='ocrx_word' id='word_1_9' title='bbox 572 484 634 554; x_wconf 89' lang='lat' dir='ltr'>est,</span> <span class='ocrx_word' id='word_1_10' title='bbox 653 495 727 554; x_wconf 85' lang='lat' dir='ltr'>quae</span> <span class='ocrx_word' id='word_1_11' title='bbox 741 479 927 539; x_wconf 72' lang='lat' dir='ltr'>diuturnitate</span> <span class='ocrx_word' id='word_1_12' title='bbox 946 479 1081 554; x_wconf 88' lang='lat' dir='ltr'>temporis</span> <span class='ocrx_word' id='word_1_13' title='bbox 1096 481 1138 538; x_wconf 92' lang='lat' dir='ltr'>in·</span> 
     </span>
     <span class='ocr_line' id='line_1_3' title="bbox 100 559 1139 639; baseline 0.005 -20"><span class='ocrx_word' id='word_1_14' title='bbox 100 562 225 622; x_wconf 79' lang='lat' dir='ltr'>veteravit</span> <span class='ocrx_word' id='word_1_15' title='bbox 238 559 367 638; x_wconf 73' lang='lat' dir='ltr'>hamio,</span> <span class='ocrx_word' id='word_1_16' title='bbox 383 566 476 639; x_wconf 91' lang='lat' dir='ltr'>potius</span> <span class='ocrx_word' id='word_1_17' title='bbox 489 565 592 624; x_wconf 85' lang='lat' dir='ltr'>maiori</span> <span class='ocrx_word' id='word_1_18' title='bbox 605 565 707 624; x_wconf 85' lang='lat' dir='ltr'>robore</span> <span class='ocrx_word' id='word_1_19' title='bbox 722 565 861 624; x_wconf 85' lang='lat' dir='ltr'>firmatur.</span> <span class='ocrx_word' id='word_1_20' title='bbox 882 563 1047 624; x_wconf 83' lang='lat' dir='ltr'>Commenta</span> <span class='ocrx_word' id='word_1_21' title='bbox 1061 563 1139 624; x_wconf 91' lang='lat' dir='ltr'>enim</span> 
     </span>
     <span class='ocr_line' id='line_1_4' title="bbox 99 645 1139 724; baseline 0.004 -20"><span class='ocrx_word' id='word_1_22' title='bbox 99 645 165 706; x_wconf 89' lang='lat' dir='ltr'>delet</span> <span class='ocrx_word' id='word_1_23' title='bbox 176 648 251 723; x_wconf 81' lang='lat' dir='ltr'>dies3</span> <span class='ocrx_word' id='word_1_24' title='bbox 266 649 371 708; x_wconf 89' lang='lat' dir='ltr'>veritas</span> <span class='ocrx_word' id='word_1_25' title='bbox 384 650 468 709; x_wconf 88' lang='lat' dir='ltr'>unice</span> <span class='ocrx_word' id='word_1_26' title='bbox 483 649 618 724; x_wconf 85' lang='lat' dir='ltr'>temporis</span> <span class='ocrx_word' id='word_1_27' title='bbox 628 649 796 709; x_wconf 80' lang='lat' dir='ltr'>edacitatem</span> <span class='ocrx_word' id='word_1_28' title='bbox 810 653 935 724; x_wconf 90' lang='lat' dir='ltr'>superat.</span> <span class='ocrx_word' id='word_1_29' title='bbox 959 649 1072 708; x_wconf 85' lang='lat' dir='ltr'>Accedit</span> <span class='ocrx_word' id='word_1_30' title='bbox 1085 649 1139 723; x_wconf 90' lang='lat' dir='ltr'>igi·</span> 
     </span>
     <span class='ocr_line' id='line_1_5' title="bbox 99 733 1136 808; baseline 0.004 -20"><span class='ocrx_word' id='word_1_31' title='bbox 99 735 269 793; x_wconf 87' lang='lat' dir='ltr'>tmaetatum</span> <span class='ocrx_word' id='word_1_32' title='bbox 277 734 360 808; x_wconf 88' lang='lat' dir='ltr'>lapsu</span> <span class='ocrx_word' id='word_1_33' title='bbox 373 733 427 794; x_wconf 91' lang='lat' dir='ltr'>hoc</span> <span class='ocrx_word' id='word_1_34' title='bbox 435 735 522 793; x_wconf 84' lang='lat' dir='ltr'>etiarn</span> <span class='ocrx_word' id='word_1_35' title='bbox 532 739 732 808; x_wconf 86' lang='lat' dir='ltr'>argumentum</span> <span class='ocrx_word' id='word_1_36' title='bbox 742 734 771 794; x_wconf 92' lang='lat' dir='ltr'>in</span> <span class='ocrx_word' id='word_1_37' title='bbox 781 735 909 796; x_wconf 86' lang='lat' dir='ltr'>levorem</span> <span class='ocrx_word' id='word_1_38' title='bbox 917 734 960 793; x_wconf 88' lang='lat' dir='ltr'>rel</span> <span class='ocrx_word' id='word_1_39' title='bbox 974 739 1136 806; x_wconf 87' lang='lat' dir='ltr'>enarratac;</span> 
     </span>
     <span class='ocr_line' id='line_1_6' title="bbox 96 817 1138 894; baseline 0.003 -21"><span class='ocrx_word' id='word_1_40' title='bbox 96 817 207 891; x_wconf 81' lang='lat' dir='ltr'>eiusque</span> <span class='ocrx_word' id='word_1_41' title='bbox 220 817 340 876; x_wconf 89' lang='lat' dir='ltr'>firmitas</span> <span class='ocrx_word' id='word_1_42' title='bbox 352 817 420 876; x_wconf 90' lang='lat' dir='ltr'>inde</span> <span class='ocrx_word' id='word_1_43' title='bbox 432 819 550 894; x_wconf 90' lang='lat' dir='ltr'>insuper</span> <span class='ocrx_word' id='word_1_44' title='bbox 564 819 597 878; x_wconf 87' lang='lat' dir='ltr'>tlt</span> <span class='ocrx_word' id='word_1_45' title='bbox 610 818 748 893; x_wconf 90' lang='lat' dir='ltr'>validior,</span> <span class='ocrx_word' id='word_1_46' title='bbox 765 820 841 894; x_wconf 82' lang='lat' dir='ltr'>quod</span> <span class='ocrx_word' id='word_1_47' title='bbox 856 825 896 879; x_wconf 92' lang='lat' dir='ltr'>tot</span> <span class='ocrx_word' id='word_1_48' title='bbox 916 819 970 878; x_wconf 91' lang='lat' dir='ltr'>viri</span> <span class='ocrx_word' id='word_1_49' title='bbox 984 818 1138 893; x_wconf 79' lang='lat' dir='ltr'>prudentes</span> 
     </span>
     <span class='ocr_line' id='line_1_7' title="bbox 95 901 1138 979; baseline 0.004 -20"><span class='ocrx_word' id='word_1_50' title='bbox 95 910 174 974; x_wconf 69' lang='lat' dir='ltr'>aune</span> <span class='ocrx_word' id='word_1_51' title='bbox 188 902 289 974; x_wconf 90' lang='lat' dir='ltr'>critici,</span> <span class='ocrx_word' id='word_1_52' title='bbox 304 901 355 976; x_wconf 76' lang='lat' dir='ltr'>piri</span> <span class='ocrx_word' id='word_1_53' title='bbox 367 903 487 969; x_wconf 88' lang='lat' dir='ltr'>saeculis</span> <span class='ocrx_word' id='word_1_54' title='bbox 502 902 678 962; x_wconf 89' lang='lat' dir='ltr'>vertentibus</span> <span class='ocrx_word' id='word_1_55' title='bbox 692 902 791 962; x_wconf 89' lang='lat' dir='ltr'>deesse</span> <span class='ocrx_word' id='word_1_56' title='bbox 800 909 955 979; x_wconf 88' lang='lat' dir='ltr'>nequeunt,</span> <span class='ocrx_word' id='word_1_57' title='bbox 967 905 1138 964; x_wconf 82' lang='lat' dir='ltr'>narrationis</span> 
     </span>
     <span class='ocr_line' id='line_1_8' title="bbox 93 985 1139 1064; baseline 0.006 -22"><span class='ocrx_word' id='word_1_58' title='bbox 93 999 150 1043; x_wconf 96' lang='lat' dir='ltr'>non</span> <span class='ocrx_word' id='word_1_59' title='bbox 163 985 301 1044; x_wconf 82' lang='lat' dir='ltr'>evicerint</span> <span class='ocrx_word' id='word_1_60' title='bbox 309 985 475 1061; x_wconf 69' lang='lat' dir='ltr'>salsitatem</span> <span class='ocrx_word' id='word_1_61' title='bbox 491 987 577 1062; x_wconf 88' lang='lat' dir='ltr'>quod,</span> <span class='ocrx_word' id='word_1_62' title='bbox 588 987 647 1047; x_wconf 86' lang='lat' dir='ltr'>nisi</span> <span class='ocrx_word' id='word_1_63' title='bbox 656 987 699 1048; x_wconf 87' lang='lat' dir='ltr'>illi</span> <span class='ocrx_word' id='word_1_64' title='bbox 709 987 841 1050; x_wconf 79' lang='lat' dir='ltr'>subesset</span> <span class='ocrx_word' id='word_1_65' title='bbox 849 989 963 1060; x_wconf 80' lang='lat' dir='ltr'>veritae,</span> <span class='ocrx_word' id='word_1_66' title='bbox 976 988 1139 1064; x_wconf 83' lang='lat' dir='ltr'>contingere</span> 
     </span>
     <span class='ocr_line' id='line_1_9' title="bbox 92 1069 310 1143; baseline 0.023 -17"><span class='ocrx_word' id='word_1_67' title='bbox 92 1083 153 1127; x_wconf 91' lang='lat' dir='ltr'>non</span> <span class='ocrx_word' id='word_1_68' title='bbox 166 1069 310 1143; x_wconf 74' lang='lat' dir='ltr'>potensest.</span> 
     </span>
    </p>
   </div>
   <div class='ocr_carea' id='block_1_3' title="bbox 445 1250 844 1324">
    <p class='ocr_par' dir='ltr' id='par_1_3' title="bbox 445 1250 844 1324">
     <span class='ocr_line' id='line_1_10' title="bbox 445 1250 844 1324; baseline 0.005 -2"><span class='ocrx_word' id='word_1_69' title='bbox 445 1250 579 1322; x_wconf 83' lang='lat' dir='ltr'><strong>CAPUT</strong></span> <span class='ocrx_word' id='word_1_70' title='bbox 601 1251 787 1322; x_wconf 82' lang='lat' dir='ltr'><strong>TERTIUM</strong></span> <span class='ocrx_word' id='word_1_71' title='bbox 842 1319 844 1324; x_wconf 79' lang='grc'>,</span> 
     </span>
    </p>
   </div>
   <div class='ocr_carea' id='block_1_4' title="bbox 507 1472 727 1524">
    <p class='ocr_par' dir='ltr' id='par_1_4' title="bbox 507 1472 727 1524">
     <span class='ocr_line' id='line_1_11' title="bbox 507 1472 727 1524; baseline -0.009 -1"><span class='ocrx_word' id='word_1_72' title='bbox 507 1473 549 1523; x_wconf 84' lang='lat' dir='ltr'>bit</span> <span class='ocrx_word' id='word_1_73' title='bbox 566 1472 727 1524; x_wconf 70' lang='lat' dir='ltr'>mono.</span> 
     </span>
    </p>
   </div>
   <div class='ocr_carea' id='block_1_5' title="bbox 48 1653 1140 2324">
    <p class='ocr_par' dir='ltr' id='par_1_5' title="bbox 48 1653 1140 2324">
     <span class='ocr_line' id='line_1_12' title="bbox 124 1653 1140 1732; baseline 0.003 -16"><span class='ocrx_word' id='word_1_74' title='bbox 124 1655 215 1716; x_wconf 87' lang='lat' dir='ltr'>liomo</span> <span class='ocrx_word' id='word_1_75' title='bbox 229 1654 313 1714; x_wconf 91' lang='lat' dir='ltr'>initio</span> <span class='ocrx_word' id='word_1_76' title='bbox 327 1667 397 1714; x_wconf 84' lang='lat' dir='ltr'>suae</span> <span class='ocrx_word' id='word_1_77' title='bbox 411 1654 581 1715; x_wconf 82' lang='lat' dir='ltr'>existentiae</span> <span class='ocrx_word' id='word_1_78' title='bbox 596 1654 717 1715; x_wconf 88' lang='lat' dir='ltr'>scientia</span> <span class='ocrx_word' id='word_1_79' title='bbox 731 1667 848 1732; x_wconf 86' lang='lat' dir='ltr'>prorsus</span> <span class='ocrx_word' id='word_1_80' title='bbox 861 1653 993 1730; x_wconf 83' lang='lat' dir='ltr'>orbatur3</span> <span class='ocrx_word' id='word_1_81' title='bbox 1006 1656 1140 1732; x_wconf 87' lang='lat' dir='ltr'>adquam</span> 
     </span>
     <span class='ocr_line' id='line_1_13' title="bbox 92 1739 1139 1817; baseline 0.002 -17"><span class='ocrx_word' id='word_1_82' title='bbox 92 1740 264 1816; x_wconf 84' lang='lat' dir='ltr'>pedetentim</span> <span class='ocrx_word' id='word_1_83' title='bbox 287 1739 343 1798; x_wconf 86' lang='lat' dir='ltr'>sibi</span> <span class='ocrx_word' id='word_1_84' title='bbox 364 1740 586 1814; x_wconf 87' lang='lat' dir='ltr'>comparandam</span> <span class='ocrx_word' id='word_1_85' title='bbox 607 1741 825 1815; x_wconf 84' lang='lat' dir='ltr'>observatione,</span> <span class='ocrx_word' id='word_1_86' title='bbox 847 1741 1006 1816; x_wconf 81' lang='lat' dir='ltr'>induenda,</span> <span class='ocrx_word' id='word_1_87' title='bbox 1022 1741 1139 1817; x_wconf 91' lang='lat' dir='ltr'>labore,</span> 
     </span>
     <span class='ocr_line' id='line_1_14' title="bbox 92 1825 1137 1902; baseline 0.004 -19"><span class='ocrx_word' id='word_1_88' title='bbox 92 1825 268 1898; x_wconf 90' lang='lat' dir='ltr'>tentamine,</span> <span class='ocrx_word' id='word_1_89' title='bbox 285 1825 418 1884; x_wconf 78' lang='lat' dir='ltr'>discunu</span> <span class='ocrx_word' id='word_1_90' title='bbox 436 1830 509 1899; x_wconf 88' lang='lat' dir='ltr'>eget.</span> <span class='ocrx_word' id='word_1_91' title='bbox 531 1826 608 1900; x_wconf 88' lang='lat' dir='ltr'>Opus</span> <span class='ocrx_word' id='word_1_92' title='bbox 622 1830 667 1885; x_wconf 90' lang='lat' dir='ltr'>est</span> <span class='ocrx_word' id='word_1_93' title='bbox 680 1825 769 1900; x_wconf 88' lang='lat' dir='ltr'>igitur</span> <span class='ocrx_word' id='word_1_94' title='bbox 782 1831 814 1885; x_wconf 89' lang='lat' dir='ltr'>ut</span> <span class='ocrx_word' id='word_1_95' title='bbox 828 1827 1007 1900; x_wconf 85' lang='lat' dir='ltr'>operationes</span> <span class='ocrx_word' id='word_1_96' title='bbox 1022 1827 1137 1902; x_wconf 89' lang='lat' dir='ltr'>eliciat,</span> 
     </span>
     <span class='ocr_line' id='line_1_15' title="bbox 94 1909 1139 1987; baseline 0.005 -20"><span class='ocrx_word' id='word_1_97' title='bbox 94 1925 195 1985; x_wconf 84' lang='lat' dir='ltr'>easque</span> <span class='ocrx_word' id='word_1_98' title='bbox 209 1910 311 1970; x_wconf 90' lang='lat' dir='ltr'>ordine</span> <span class='ocrx_word' id='word_1_99' title='bbox 325 1909 421 1983; x_wconf 92' lang='lat' dir='ltr'>donet,</span> <span class='ocrx_word' id='word_1_100' title='bbox 434 1911 675 1984; x_wconf 80' lang='lat' dir='ltr'>orremadmodum</span> <span class='ocrx_word' id='word_1_101' title='bbox 689 1911 765 1984; x_wconf 83' lang='lat' dir='ltr'>finis,</span> <span class='ocrx_word' id='word_1_102' title='bbox 778 1925 829 1970; x_wconf 88' lang='lat' dir='ltr'>seu</span> <span class='ocrx_word' id='word_1_103' title='bbox 844 1911 979 1971; x_wconf 89' lang='lat' dir='ltr'>scientiae</span> <span class='ocrx_word' id='word_1_104' title='bbox 993 1927 1080 1987; x_wconf 84' lang='lat' dir='ltr'>quam</span> <span class='ocrx_word' id='word_1_105' title='bbox 1095 1913 1139 1972; x_wconf 90' lang='lat' dir='ltr'>in-</span> 
     </span>
     <span class='ocr_line' id='line_1_16' title="bbox 48 1994 1138 2069; baseline 0.004 -17"><span class='ocrx_word' id='word_1_106' title='bbox 48 2031 52 2037; x_wconf 81' lang='lat'>·</span> <span class='ocrx_word' id='word_1_107' title='bbox 94 1995 191 2069; x_wconf 81' lang='lat' dir='ltr'>print,</span> <span class='ocrx_word' id='word_1_108' title='bbox 208 1994 324 2069; x_wconf 86' lang='lat' dir='ltr'>adeptio</span> <span class='ocrx_word' id='word_1_109' title='bbox 342 1994 475 2069; x_wconf 90' lang='lat' dir='ltr'>postulat.</span> <span class='ocrx_word' id='word_1_110' title='bbox 492 1995 563 2054; x_wconf 88' lang='lat' dir='ltr'>ilinc</span> <span class='ocrx_word' id='word_1_111' title='bbox 576 1994 705 2055; x_wconf 87' lang='lat' dir='ltr'>methodi</span> <span class='ocrx_word' id='word_1_112' title='bbox 718 1996 796 2055; x_wconf 90' lang='lat' dir='ltr'>notio</span> <span class='ocrx_word' id='word_1_113' title='bbox 810 1997 964 2056; x_wconf 88' lang='lat' dir='ltr'>enascitur.</span> <span class='ocrx_word' id='word_1_114' title='bbox 980 1997 1051 2056; x_wconf 85' lang='lat' dir='ltr'>Nam</span> <span class='ocrx_word' id='word_1_115' title='bbox 1065 1997 1138 2056; x_wconf 92' lang='lat' dir='ltr'>ordi-</span> 
     </span>
     <span class='ocr_line' id='line_1_17' title="bbox 94 2078 1139 2156; baseline 0.004 -20"><span class='ocrx_word' id='word_1_116' title='bbox 94 2083 159 2138; x_wconf 88' lang='lat' dir='ltr'>nata</span> <span class='ocrx_word' id='word_1_117' title='bbox 171 2080 222 2138; x_wconf 88' lang='lat' dir='ltr'>illa</span> <span class='ocrx_word' id='word_1_118' title='bbox 233 2078 434 2153; x_wconf 91' lang='lat' dir='ltr'>operationum</span> <span class='ocrx_word' id='word_1_119' title='bbox 449 2079 547 2153; x_wconf 85' lang='lat' dir='ltr'>series,</span> <span class='ocrx_word' id='word_1_120' title='bbox 564 2095 617 2139; x_wconf 88' lang='lat' dir='ltr'>seu</span> <span class='ocrx_word' id='word_1_121' title='bbox 631 2081 699 2140; x_wconf 90' lang='lat' dir='ltr'>ordo</span> <span class='ocrx_word' id='word_1_122' title='bbox 714 2080 776 2154; x_wconf 87' lang='lat' dir='ltr'>ipse</span> <span class='ocrx_word' id='word_1_123' title='bbox 790 2081 847 2141; x_wconf 92' lang='lat' dir='ltr'>illis</span> <span class='ocrx_word' id='word_1_124' title='bbox 862 2081 1075 2156; x_wconf 90' lang='lat' dir='ltr'>operationibus</span> <span class='ocrx_word' id='word_1_125' title='bbox 1090 2081 1139 2140; x_wconf 93' lang='lat' dir='ltr'>ad-</span> 
     </span>
     <span class='ocr_line' id='line_1_18' title="bbox 94 2161 1140 2239; baseline 0.003 -18"><span class='ocrx_word' id='word_1_126' title='bbox 94 2162 201 2222; x_wconf 89' lang='lat' dir='ltr'>hibitus</span> <span class='ocrx_word' id='word_1_127' title='bbox 213 2162 322 2223; x_wconf 91' lang='lat' dir='ltr'>intuitu</span> <span class='ocrx_word' id='word_1_128' title='bbox 336 2161 403 2220; x_wconf 88' lang='lat' dir='ltr'>linis</span> <span class='ocrx_word' id='word_1_129' title='bbox 417 2177 470 2221; x_wconf 90' lang='lat' dir='ltr'>seu</span> <span class='ocrx_word' id='word_1_130' title='bbox 484 2163 620 2222; x_wconf 88' lang='lat' dir='ltr'>scientiae</span> <span class='ocrx_word' id='word_1_131' title='bbox 641 2164 858 2239; x_wconf 87' lang='lat' dir='ltr'>adipiscendae,</span> <span class='ocrx_word' id='word_1_132' title='bbox 874 2163 1029 2224; x_wconf 79' lang='lat' dir='ltr'>methodos</span> <span class='ocrx_word' id='word_1_133' title='bbox 1048 2165 1140 2225; x_wconf 90' lang='lat' dir='ltr'>nomi·</span> 
     </span>
     <span class='ocr_line' id='line_1_19' title="bbox 94 2247 1063 2324; baseline 0.003 -19"><span class='ocrx_word' id='word_1_134' title='bbox 94 2251 186 2306; x_wconf 91' lang='lat' dir='ltr'>natur.</span> <span class='ocrx_word' id='word_1_135' title='bbox 202 2249 241 2308; x_wconf 83' lang='lat' dir='ltr'>lle</span> <span class='ocrx_word' id='word_1_136' title='bbox 256 2248 312 2306; x_wconf 90' lang='lat' dir='ltr'>hac</span> <span class='ocrx_word' id='word_1_137' title='bbox 326 2247 516 2322; x_wconf 88' lang='lat' dir='ltr'>inpraesenti</span> <span class='ocrx_word' id='word_1_138' title='bbox 532 2249 625 2323; x_wconf 86' lang='lat' dir='ltr'>capite</span> <span class='ocrx_word' id='word_1_139' title='bbox 639 2248 731 2309; x_wconf 91' lang='lat' dir='ltr'>tribus</span> <span class='ocrx_word' id='word_1_140' title='bbox 746 2249 871 2310; x_wconf 88' lang='lat' dir='ltr'>articulis</span> <span class='ocrx_word' id='word_1_141' title='bbox 886 2249 1063 2324; x_wconf 88' lang='lat' dir='ltr'>eloquemur.</span> 
     </span>
    </p>
   </div>
   <div class='ocr_carea' id='block_1_6' title="bbox 434 2417 799 2665">
    <p class='ocr_par' dir='ltr' id='par_1_6' title="bbox 434 2417 799 2665">
     <span class='ocr_line' id='line_1_20' title="bbox 515 2417 718 2478; baseline 0.005 -1"><span class='ocrx_word' id='word_1_142' title='bbox 515 2419 683 2477; x_wconf 82' lang='lat' dir='ltr'>Anmcunus</span> <span class='ocrx_word' id='word_1_143' title='bbox 697 2417 718 2478; x_wconf 94' lang='lat'>1.</span> 
     </span>
     <span class='ocr_line' id='line_1_21' title="bbox 434 2587 799 2665; baseline 0 -19"><span class='ocrx_word' id='word_1_144' title='bbox 434 2587 474 2646; x_wconf 81' lang='lat' dir='ltr'>ile</span> <span class='ocrx_word' id='word_1_145' title='bbox 484 2588 604 2665; x_wconf 77' lang='lat' dir='ltr'>ooolpsl</span> <span class='ocrx_word' id='word_1_146' title='bbox 617 2595 644 2648; x_wconf 88' lang='lat' dir='ltr'>et</span> <span class='ocrx_word' id='word_1_147' title='bbox 657 2587 799 2663; x_wconf 75' lang='lat' dir='ltr'>spatiari.</span> 
     </span>
    </p>
   </div>
   <div class='ocr_carea' id='block_1_7' title="bbox 95 2754 1148 3506">
    <p class='ocr_par' dir='ltr' id='par_1_7' title="bbox 95 2754 1148 3506">
     <span class='ocr_line' id='line_1_22' title="bbox 129 2754 1144 2832; baseline -0.003 -16"><span class='ocrx_word' id='word_1_148' title='bbox 129 2757 171 2819; x_wconf 79' lang='grc'>59.</span> <span class='ocrx_word' id='word_1_149' title='bbox 186 2757 311 2820; x_wconf 83' lang='lat' dir='ltr'>Methodi</span> <span class='ocrx_word' id='word_1_150' title='bbox 324 2757 482 2832; x_wconf 84' lang='lat' dir='ltr'>generatim</span> <span class='ocrx_word' id='word_1_151' title='bbox 497 2758 570 2816; x_wconf 90' lang='lat' dir='ltr'>duae</span> <span class='ocrx_word' id='word_1_152' title='bbox 585 2761 653 2817; x_wconf 91' lang='lat' dir='ltr'>sunt</span> <span class='ocrx_word' id='word_1_153' title='bbox 667 2758 792 2830; x_wconf 88' lang='lat' dir='ltr'>species:</span> <span class='ocrx_word' id='word_1_154' title='bbox 807 2756 896 2816; x_wconf 88' lang='lat' dir='ltr'>altera</span> <span class='ocrx_word' id='word_1_155' title='bbox 912 2771 969 2830; x_wconf 83' lang='lat' dir='ltr'>qua</span> <span class='ocrx_word' id='word_1_156' title='bbox 980 2757 1016 2816; x_wconf 87' lang='lat' dir='ltr'>ab</span> <span class='ocrx_word' id='word_1_157' title='bbox 1027 2754 1144 2814; x_wconf 88' lang='lat' dir='ltr'>nniver-</span> 
     </span>
     <span class='ocr_line' id='line_1_23' title="bbox 95 2837 1144 2916; baseline -0.008 -16"><span class='ocrx_word' id='word_1_158' title='bbox 95 2842 199 2903; x_wconf 85' lang='lat' dir='ltr'>salibus</span> <span class='ocrx_word' id='word_1_159' title='bbox 215 2844 254 2902; x_wconf 87' lang='lat' dir='ltr'>sd</span> <span class='ocrx_word' id='word_1_160' title='bbox 268 2841 451 2916; x_wconf 85' lang='lat' dir='ltr'>particularia</span> <span class='ocrx_word' id='word_1_161' title='bbox 471 2839 671 2914; x_wconf 87' lang='lat' dir='ltr'>procedimus,</span> <span class='ocrx_word' id='word_1_162' title='bbox 688 2843 717 2897; x_wconf 89' lang='lat' dir='ltr'>et</span> <span class='ocrx_word' id='word_1_163' title='bbox 732 2840 768 2896; x_wconf 95' lang='lat' dir='ltr'>ab</span> <span class='ocrx_word' id='word_1_164' title='bbox 789 2839 938 2896; x_wconf 87' lang='lat' dir='ltr'>elementis</span> <span class='ocrx_word' id='word_1_165' title='bbox 953 2841 990 2895; x_wconf 91' lang='lat' dir='ltr'>ad</span> <span class='ocrx_word' id='word_1_166' title='bbox 1004 2837 1144 2908; x_wconf 92' lang='lat' dir='ltr'>composi·</span> 
     </span>
     <span class='ocr_line' id='line_1_24' title="bbox 96 2918 1146 3000; baseline -0.009 -17"><span class='ocrx_word' id='word_1_167' title='bbox 96 2933 170 3000; x_wconf 75' lang='lat' dir='ltr'>tum,</span> <span class='ocrx_word' id='word_1_168' title='bbox 188 2930 281 2986; x_wconf 89' lang='lat' dir='ltr'>altera</span> <span class='ocrx_word' id='word_1_169' title='bbox 295 2929 466 3000; x_wconf 84' lang='lat' dir='ltr'>quocontra</span> <span class='ocrx_word' id='word_1_170' title='bbox 480 2940 498 2982; x_wconf 92' lang='lat' dir='ltr'>a</span> <span class='ocrx_word' id='word_1_171' title='bbox 512 2921 707 2995; x_wconf 75' lang='lat' dir='ltr'>singularibus</span> <span class='ocrx_word' id='word_1_172' title='bbox 723 2921 759 2977; x_wconf 89' lang='lat' dir='ltr'>ad</span> <span class='ocrx_word' id='word_1_173' title='bbox 780 2920 927 2991; x_wconf 85' lang='lat' dir='ltr'>generales</span> <span class='ocrx_word' id='word_1_174' title='bbox 949 2918 1100 2990; x_wconf 75' lang='lat' dir='ltr'>venatos,</span> <span class='ocrx_word' id='word_1_175' title='bbox 1117 2921 1146 2976; x_wconf 92' lang='lat' dir='ltr'>et</span> 
     </span>
     <span class='ocr_line' id='line_1_25' title="bbox 95 3001 1145 3084; baseline -0.011 -13"><span class='ocrx_word' id='word_1_176' title='bbox 95 3027 112 3070; x_wconf 87' lang='lat' dir='ltr'>a</span> <span class='ocrx_word' id='word_1_177' title='bbox 125 3010 285 3084; x_wconf 91' lang='lat' dir='ltr'>composito</span> <span class='ocrx_word' id='word_1_178' title='bbox 299 3008 411 3064; x_wconf 87' lang='lat' dir='ltr'>adeius</span> <span class='ocrx_word' id='word_1_179' title='bbox 424 3010 520 3078; x_wconf 88' lang='lat' dir='ltr'>partes</span> <span class='ocrx_word' id='word_1_180' title='bbox 534 3001 757 3061; x_wconf 86' lang='lat' dir='ltr'>considerandas</span> <span class='ocrx_word' id='word_1_181' title='bbox 765 3001 958 3072; x_wconf 90' lang='lat' dir='ltr'>regredimur.</span> <span class='ocrx_word' id='word_1_182' title='bbox 970 3001 1077 3060; x_wconf 86' lang='lat' dir='ltr'>Harum</span> <span class='ocrx_word' id='word_1_183' title='bbox 1087 3001 1145 3060; x_wconf 87' lang='lat' dir='ltr'>via·</span> 
     </span>
     <span class='ocr_line' id='line_1_26' title="bbox 96 3080 1146 3159; baseline -0.01 -5"><span class='ocrx_word' id='word_1_184' title='bbox 96 3109 163 3154; x_wconf 91' lang='lat' dir='ltr'>rum</span> <span class='ocrx_word' id='word_1_185' title='bbox 185 3093 353 3149; x_wconf 82' lang='lat' dir='ltr'>alterutrum</span> <span class='ocrx_word' id='word_1_186' title='bbox 366 3089 472 3158; x_wconf 92' lang='lat' dir='ltr'>homo,</span> <span class='ocrx_word' id='word_1_187' title='bbox 489 3087 558 3144; x_wconf 91' lang='lat' dir='ltr'>dum</span> <span class='ocrx_word' id='word_1_188' title='bbox 573 3085 603 3142; x_wconf 93' lang='lat' dir='ltr'>in</span> <span class='ocrx_word' id='word_1_189' title='bbox 617 3097 716 3142; x_wconf 88' lang='lat' dir='ltr'>rerum</span> <span class='ocrx_word' id='word_1_190' title='bbox 730 3080 860 3142; x_wconf 85' lang='lat' dir='ltr'>notihum</span> <span class='ocrx_word' id='word_1_191' title='bbox 877 3085 987 3159; x_wconf 91' lang='lat' dir='ltr'>pergit,</span> <span class='ocrx_word' id='word_1_192' title='bbox 1005 3084 1083 3144; x_wconf 89' lang='lat' dir='ltr'>ineat</span> <span class='ocrx_word' id='word_1_193' title='bbox 1096 3099 1146 3144; x_wconf 90' lang='lat' dir='ltr'>ne·</span> 
     </span>
     <span class='ocr_line' id='line_1_27' title="bbox 97 3169 1147 3248; baseline -0.009 -10"><span class='ocrx_word' id='word_1_194' title='bbox 97 3193 178 3238; x_wconf 87' lang='lat' dir='ltr'>cesse</span> <span class='ocrx_word' id='word_1_195' title='bbox 192 3181 247 3235; x_wconf 89' lang='lat' dir='ltr'>est.</span> <span class='ocrx_word' id='word_1_196' title='bbox 263 3173 348 3233; x_wconf 89' lang='lat' dir='ltr'>Porro</span> <span class='ocrx_word' id='word_1_197' title='bbox 363 3172 395 3231; x_wconf 95' lang='lat' dir='ltr'>in</span> <span class='ocrx_word' id='word_1_198' title='bbox 408 3171 502 3246; x_wconf 91' lang='lat' dir='ltr'>prima</span> <span class='ocrx_word' id='word_1_199' title='bbox 523 3169 686 3248; x_wconf 71' lang='lat' dir='ltr'>componit,</span> <span class='ocrx_word' id='word_1_200' title='bbox 702 3169 732 3228; x_wconf 96' lang='lat' dir='ltr'>in</span> <span class='ocrx_word' id='word_1_201' title='bbox 748 3170 836 3229; x_wconf 90' lang='lat' dir='ltr'>altera</span> <span class='ocrx_word' id='word_1_202' title='bbox 856 3171 983 3230; x_wconf 90' lang='lat' dir='ltr'>resolvit.</span> <span class='ocrx_word' id='word_1_203' title='bbox 1005 3169 1112 3244; x_wconf 81' lang='lat' dir='ltr'>Quare,</span> <span class='ocrx_word' id='word_1_204' title='bbox 1129 3185 1147 3229; x_wconf 91' lang='lat' dir='ltr'>a</span> 
     </span>
     <span class='ocr_line' id='line_1_28' title="bbox 98 3253 1144 3335; baseline -0.009 -12"><span class='ocrx_word' id='word_1_205' title='bbox 98 3278 199 3335; x_wconf 85' lang='lat' dir='ltr'>graeco</span> <span class='ocrx_word' id='word_1_206' title='bbox 213 3261 292 3320; x_wconf 84' lang='lat' dir='ltr'>tonte</span> <span class='ocrx_word' id='word_1_207' title='bbox 312 3257 429 3318; x_wconf 79' lang='lat' dir='ltr'>dewrtis</span> <span class='ocrx_word' id='word_1_208' title='bbox 444 3255 581 3331; x_wconf 89' lang='lat' dir='ltr'>vocibus,</span> <span class='ocrx_word' id='word_1_209' title='bbox 598 3269 747 3332; x_wconf 90' lang='lat' dir='ltr'>processus</span> <span class='ocrx_word' id='word_1_210' title='bbox 762 3255 809 3314; x_wconf 86' lang='lat' dir='ltr'>hic</span> <span class='ocrx_word' id='word_1_211' title='bbox 824 3255 917 3316; x_wconf 87' lang='lat' dir='ltr'>dictus</span> <span class='ocrx_word' id='word_1_212' title='bbox 931 3259 974 3315; x_wconf 91' lang='lat' dir='ltr'>est</span> <span class='ocrx_word' id='word_1_213' title='bbox 989 3253 1144 3330; x_wconf 80' lang='lat' dir='ltr'>aoclpstc,</span> 
     </span>
     <span class='ocr_line' id='line_1_29' title="bbox 99 3340 1148 3425; baseline -0.006 -22"><span class='ocrx_word' id='word_1_214' title='bbox 99 3347 144 3407; x_wconf 92' lang='lat' dir='ltr'>ille</span> <span class='ocrx_word' id='word_1_215' title='bbox 158 3345 317 3425; x_wconf 72' lang='lat' dir='ltr'>synthesis.</span> <span class='ocrx_word' id='word_1_216' title='bbox 333 3343 457 3405; x_wconf 84' lang='lat' dir='ltr'>Resolvit</span> <span class='ocrx_word' id='word_1_217' title='bbox 471 3341 615 3417; x_wconf 79' lang='lat' dir='ltr'>analysis,</span> <span class='ocrx_word' id='word_1_218' title='bbox 632 3356 666 3401; x_wconf 94' lang='lat' dir='ltr'>eo</span> <span class='ocrx_word' id='word_1_219' title='bbox 681 3341 757 3416; x_wconf 86' lang='lat' dir='ltr'>quod</span> <span class='ocrx_word' id='word_1_220' title='bbox 771 3340 914 3416; x_wconf 89' lang='lat' dir='ltr'>principia</span> <span class='ocrx_word' id='word_1_221' title='bbox 932 3341 1105 3400; x_wconf 83' lang='lat' dir='ltr'>universalis</span> <span class='ocrx_word' id='word_1_222' title='bbox 1119 3345 1148 3398; x_wconf 92' lang='lat' dir='ltr'>et</span> 
     </span>
     <span class='ocr_line' id='line_1_30' title="bbox 100 3423 1147 3506; baseline -0.006 -17"><span class='ocrx_word' id='word_1_223' title='bbox 100 3433 250 3506; x_wconf 89' lang='lat' dir='ltr'>elementa,</span> <span class='ocrx_word' id='word_1_224' title='bbox 266 3431 302 3490; x_wconf 93' lang='lat' dir='ltr'>ad</span> <span class='ocrx_word' id='word_1_225' title='bbox 317 3445 391 3506; x_wconf 89' lang='lat' dir='ltr'>qnae</span> <span class='ocrx_word' id='word_1_226' title='bbox 404 3429 529 3503; x_wconf 91' lang='lat' dir='ltr'>devenit,</span> <span class='ocrx_word' id='word_1_227' title='bbox 540 3427 577 3488; x_wconf 90' lang='lat' dir='ltr'>iis</span> <span class='ocrx_word' id='word_1_228' title='bbox 591 3423 805 3488; x_wconf 85' lang='lat' dir='ltr'>conditionibus</span> <span class='ocrx_word' id='word_1_229' title='bbox 819 3427 931 3500; x_wconf 85' lang='lat' dir='ltr'>liberat,</span> <span class='ocrx_word' id='word_1_230' title='bbox 944 3425 1048 3501; x_wconf 88' lang='lat' dir='ltr'>quibus</span> <span class='ocrx_word' id='word_1_231' title='bbox 1063 3429 1147 3484; x_wconf 87' lang='lat' dir='ltr'>anteo</span> 
     </span>
    </p>
   </div>
   <div class='ocr_carea' id='block_1_8' title="bbox 102 3509 1148 4020">
    <p class='ocr_par' dir='ltr' id='par_1_8' title="bbox 102 3509 1148 4020">
     <span class='ocr_line' id='line_1_31' title="bbox 102 3509 1147 3590; baseline -0.004 -16"><span class='ocrx_word' id='word_1_232' title='bbox 102 3517 327 3578; x_wconf 86' lang='lat' dir='ltr'>coarctabantur.</span> <span class='ocrx_word' id='word_1_233' title='bbox 343 3516 459 3589; x_wconf 81' lang='lat' dir='ltr'>contra,</span> <span class='ocrx_word' id='word_1_234' title='bbox 476 3514 620 3590; x_wconf 92' lang='lat' dir='ltr'>componit</span> <span class='ocrx_word' id='word_1_235' title='bbox 634 3512 791 3590; x_wconf 73' lang='lat' dir='ltr'>synthesis,</span> <span class='ocrx_word' id='word_1_236' title='bbox 810 3516 960 3586; x_wconf 87' lang='lat' dir='ltr'>propterea</span> <span class='ocrx_word' id='word_1_237' title='bbox 979 3510 1060 3584; x_wconf 86' lang='lat' dir='ltr'>quio,</span> <span class='ocrx_word' id='word_1_238' title='bbox 1077 3509 1147 3570; x_wconf 90' lang='lat' dir='ltr'>dum</span> 
     </span>
     <span class='ocr_line' id='line_1_32' title="bbox 103 3593 1146 3678; baseline -0.005 -19"><span class='ocrx_word' id='word_1_239' title='bbox 103 3603 138 3660; x_wconf 90' lang='lat' dir='ltr'>ad</span> <span class='ocrx_word' id='word_1_240' title='bbox 153 3602 338 3678; x_wconf 86' lang='lat' dir='ltr'>particularia</span> <span class='ocrx_word' id='word_1_241' title='bbox 358 3599 523 3669; x_wconf 88' lang='lat' dir='ltr'>descendit,</span> <span class='ocrx_word' id='word_1_242' title='bbox 539 3599 671 3660; x_wconf 90' lang='lat' dir='ltr'>notiones</span> <span class='ocrx_word' id='word_1_243' title='bbox 691 3595 839 3672; x_wconf 89' lang='lat' dir='ltr'>generales</span> <span class='ocrx_word' id='word_1_244' title='bbox 859 3596 942 3655; x_wconf 92' lang='lat' dir='ltr'>novis</span> <span class='ocrx_word' id='word_1_245' title='bbox 962 3593 1146 3669; x_wconf 86' lang='lat' dir='ltr'>conceptibus</span> 
     </span>
     <span class='ocr_line' id='line_1_33' title="bbox 103 3680 1146 3780; baseline -0.008 -35"><span class='ocrx_word' id='word_1_246' title='bbox 103 3687 185 3780; x_wconf 81' lang='lat' dir='ltr'>vestit</span> <span class='ocrx_word' id='word_1_247' title='bbox 198 3693 229 3748; x_wconf 91' lang='lat' dir='ltr'>et</span> <span class='ocrx_word' id='word_1_248' title='bbox 241 3686 429 3757; x_wconf 88' lang='lat' dir='ltr'>determinat,</span> <span class='ocrx_word' id='word_1_249' title='bbox 446 3685 644 3758; x_wconf 88' lang='lat' dir='ltr'>elementaque</span> <span class='ocrx_word' id='word_1_250' title='bbox 665 3683 753 3742; x_wconf 92' lang='lat' dir='ltr'>simul</span> <span class='ocrx_word' id='word_1_251' title='bbox 774 3681 885 3756; x_wconf 91' lang='lat' dir='ltr'>iungit,</span> <span class='ocrx_word' id='word_1_252' title='bbox 904 3684 937 3739; x_wconf 89' lang='lat' dir='ltr'>ut</span> <span class='ocrx_word' id='word_1_253' title='bbox 958 3680 1146 3755; x_wconf 88' lang='lat' dir='ltr'>compositum</span> 
     </span>
     <span class='ocr_line' id='line_1_34' title="bbox 104 3771 1148 3933; baseline -0.011 -18"><span class='ocrx_word' id='word_1_254' title='bbox 104 3771 274 3918; x_wconf 51' lang='grc' dir='ltr'>11199.Ἥὲ</span> <span class='ocrx_word' id='word_1_255' title='bbox 276 3777 396 3932; x_wconf 51' lang='lat' dir='ltr'>l‹lellrricen</span> <span class='ocrx_word' id='word_1_256' title='bbox 413 3872 487 3933; x_wconf 89' lang='lat' dir='ltr'>quae</span> <span class='ocrx_word' id='word_1_257' title='bbox 501 3856 605 3915; x_wconf 90' lang='lat' dir='ltr'>mentis</span> <span class='ocrx_word' id='word_1_258' title='bbox 624 3855 803 3931; x_wconf 86' lang='lat' dir='ltr'>operationes</span> <span class='ocrx_word' id='word_1_259' title='bbox 822 3855 952 3913; x_wconf 86' lang='lat' dir='ltr'>constent</span> <span class='ocrx_word' id='word_1_260' title='bbox 970 3849 1100 3925; x_wconf 86' lang='lat' dir='ltr'>anslysi,</span> <span class='ocrx_word' id='word_1_261' title='bbox 1118 3851 1148 3905; x_wconf 94' lang='lat' dir='ltr'>et</span> 
     </span>
     <span class='ocr_line' id='line_1_35' title="bbox 107 3929 1148 4020; baseline -0.007 -21"><span class='ocrx_word' id='word_1_262' title='bbox 107 3953 246 4016; x_wconf 84' lang='lat' dir='ltr'>quaenam</span> <span class='ocrx_word' id='word_1_263' title='bbox 260 3943 397 4020; x_wconf 72' lang='lat' dir='ltr'>synthesi.</span> <span class='ocrx_word' id='word_1_264' title='bbox 413 3943 484 4005; x_wconf 80' lang='lat' dir='ltr'>dam</span> <span class='ocrx_word' id='word_1_265' title='bbox 498 3939 671 4016; x_wconf 84' lang='lat' dir='ltr'>abstractio,</span> <span class='ocrx_word' id='word_1_266' title='bbox 688 3937 815 4013; x_wconf 78' lang='lat' dir='ltr'>exempli</span> <span class='ocrx_word' id='word_1_267' title='bbox 829 3951 935 4012; x_wconf 83' lang='lat' dir='ltr'>causa,</span> <span class='ocrx_word' id='word_1_268' title='bbox 951 3950 1009 4012; x_wconf 82' lang='lat' dir='ltr'>qua</span> <span class='ocrx_word' id='word_1_269' title='bbox 1022 3933 1068 3995; x_wconf 90' lang='lat' dir='ltr'>vel</span> <span class='ocrx_word' id='word_1_270' title='bbox 1082 3929 1148 3992; x_wconf 81' lang='lat' dir='ltr'>ideo</span> 
     </span>
    </p>
   </div>
   <div class='ocr_carea' id='block_1_9' title="bbox 0 0 1397 4492">
    <p class='ocr_par' dir='ltr' id='par_1_9' title="bbox 0 0 1397 4492">
     <span class='ocr_line' id='line_1_36' title="bbox 0 0 1397 4492; baseline 0 0"><span class='ocrx_word' id='word_1_271' title='bbox 0 0 1397 4492; x_wconf 95' lang='lat' dir='ltr'> </span> 
     </span>
    </p>
   </div>
  </div>
 </body>
</html>
