<?xml version="1.0" encoding="UTF-8"?>
<!DOCTYPE html PUBLIC "-//W3C//DTD XHTML 1.0 Transitional//EN"
    "http://www.w3.org/TR/xhtml1/DTD/xhtml1-transitional.dtd">
<html xmlns="http://www.w3.org/1999/xhtml" xml:lang="en" lang="en">
 <head>
  <title>
</title>
<meta http-equiv="Content-Type" content="text/html;charset=utf-8" />
  <meta name='ocr-system' content='tesseract 3.04.00' />
  <meta name='ocr-capabilities' content='ocr_page ocr_carea ocr_par ocr_line ocrx_word'/>
</head>
<body>
  <div class='ocr_page' id='page_1' title='image "./institutionesph00libegoog_0225.png"; bbox 0 0 2767 4492; ppageno 0'>
   <div class='ocr_carea' id='block_1_1' title="bbox 101 389 1206 1729">
    <p class='ocr_par' dir='ltr' id='par_1_1' title="bbox 103 389 1166 1221">
     <span class='ocr_line' id='line_1_1' title="bbox 503 389 1153 454; baseline 0.011 -8"><span class='ocrx_word' id='word_1_1' title='bbox 503 398 746 450; x_wconf 79' lang='lat' dir='ltr'>ssuoaronoun</span> <span class='ocrx_word' id='word_1_2' title='bbox 1096 389 1153 454; x_wconf 85' lang='lat'>‘213</span> 
     </span>
     <span class='ocr_line' id='line_1_2' title="bbox 108 483 1149 563; baseline 0.007 -21"><span class='ocrx_word' id='word_1_3' title='bbox 108 484 169 558; x_wconf 87' lang='lat' dir='ltr'>ipse</span> <span class='ocrx_word' id='word_1_4' title='bbox 189 483 315 558; x_wconf 78' lang='lat' dir='ltr'>Beguelin</span> <span class='ocrx_word' id='word_1_5' title='bbox 330 485 580 545; x_wconf 87' lang='lat' dir='ltr'>coutrsdictorium</span> <span class='ocrx_word' id='word_1_6' title='bbox 598 487 735 563; x_wconf 86' lang='lat' dir='ltr'>agnoscit.</span> <span class='ocrx_word' id='word_1_7' title='bbox 758 487 887 560; x_wconf 84' lang='lat' dir='ltr'>Loquens</span> <span class='ocrx_word' id='word_1_8' title='bbox 901 483 980 547; x_wconf 90' lang='lat' dir='ltr'>enim</span> <span class='ocrx_word' id='word_1_9' title='bbox 993 489 1029 548; x_wconf 90' lang='lat' dir='ltr'>de</span> <span class='ocrx_word' id='word_1_10' title='bbox 1043 489 1149 563; x_wconf 91' lang='lat' dir='ltr'>princi·</span> 
     </span>
     <span class='ocr_line' id='line_1_3' title="bbox 108 569 1154 645; baseline 0.007 -18"><span class='ocrx_word' id='word_1_11' title='bbox 108 569 155 642; x_wconf 93' lang='lat' dir='ltr'>pio</span> <span class='ocrx_word' id='word_1_12' title='bbox 167 588 174 627; x_wconf 74' lang='grc' dir='ltr'><em>ι</em></span> <span class='ocrx_word' id='word_1_13' title='bbox 186 577 275 628; x_wconf 85' lang='lat' dir='ltr'>totum</span> <span class='ocrx_word' id='word_1_14' title='bbox 289 571 390 628; x_wconf 82' lang='lat' dir='ltr'>maius</span> <span class='ocrx_word' id='word_1_15' title='bbox 405 577 445 629; x_wconf 80' lang='lat' dir='ltr'>eat</span> <span class='ocrx_word' id='word_1_16' title='bbox 458 578 555 644; x_wconf 84' lang='lat' dir='ltr'>porte,</span> <span class='ocrx_word' id='word_1_17' title='bbox 572 571 788 645; x_wconf 89' lang='lat' dir='ltr'>pronuntiatum</span> <span class='ocrx_word' id='word_1_18' title='bbox 802 571 856 630; x_wconf 90' lang='lat' dir='ltr'>hoc</span> <span class='ocrx_word' id='word_1_19' title='bbox 871 588 908 631; x_wconf 86' lang='lat' dir='ltr'>ex</span> <span class='ocrx_word' id='word_1_20' title='bbox 922 573 1154 635; x_wconf 81' lang='lat' dir='ltr'>contradictionis</span> 
     </span>
     <span class='ocr_line' id='line_1_4' title="bbox 108 652 1153 732; baseline 0.008 -22"><span class='ocrx_word' id='word_1_21' title='bbox 108 652 190 711; x_wconf 82' lang='lat' dir='ltr'>elfato</span> <span class='ocrx_word' id='word_1_22' title='bbox 203 654 309 714; x_wconf 90' lang='lat' dir='ltr'>idcirco</span> <span class='ocrx_word' id='word_1_23' title='bbox 326 655 454 727; x_wconf 89' lang='lat' dir='ltr'>derivat,</span> <span class='ocrx_word' id='word_1_24' title='bbox 471 654 548 728; x_wconf 89' lang='lat' dir='ltr'>quod</span> <span class='ocrx_word' id='word_1_25' title='bbox 569 653 637 713; x_wconf 84' lang='lat' dir='ltr'>hnic</span> <span class='ocrx_word' id='word_1_26' title='bbox 649 655 835 728; x_wconf 83' lang='lat' dir='ltr'>propositioni</span> <span class='ocrx_word' id='word_1_27' title='bbox 857 657 1036 732; x_wconf 82' lang='lat' dir='ltr'>aequivalet:</span> <span class='ocrx_word' id='word_1_28' title='bbox 1052 659 1153 718; x_wconf 84' lang='lat' dir='ltr'>molus</span> 
     </span>
     <span class='ocr_line' id='line_1_5' title="bbox 106 738 1153 816; baseline 0.006 -20"><span class='ocrx_word' id='word_1_29' title='bbox 106 738 207 811; x_wconf 79' lang='lat' dir='ltr'>aequit</span> <span class='ocrx_word' id='word_1_30' title='bbox 224 755 281 797; x_wconf 81' lang='lat' dir='ltr'>esee</span> <span class='ocrx_word' id='word_1_31' title='bbox 295 740 409 797; x_wconf 76' lang='lat' dir='ltr'>entatu.</span> <span class='ocrx_word' id='word_1_32' title='bbox 430 741 464 798; x_wconf 78' lang='lat' dir='ltr'>itt</span> <span class='ocrx_word' id='word_1_33' title='bbox 477 739 583 798; x_wconf 89' lang='lat' dir='ltr'>mirum</span> <span class='ocrx_word' id='word_1_34' title='bbox 598 743 659 812; x_wconf 90' lang='lat' dir='ltr'>est,</span> <span class='ocrx_word' id='word_1_35' title='bbox 676 739 817 813; x_wconf 89' lang='lat' dir='ltr'>quomodo</span> <span class='ocrx_word' id='word_1_36' title='bbox 835 739 865 798; x_wconf 95' lang='lat' dir='ltr'>id</span> <span class='ocrx_word' id='word_1_37' title='bbox 879 741 975 814; x_wconf 89' lang='lat' dir='ltr'>ipsum</span> <span class='ocrx_word' id='word_1_38' title='bbox 988 757 1041 816; x_wconf 95' lang='lat' dir='ltr'>pro</span> <span class='ocrx_word' id='word_1_39' title='bbox 1055 757 1153 802; x_wconf 88' lang='lat' dir='ltr'>causa·</span> 
     </span>
     <span class='ocr_line' id='line_1_6' title="bbox 106 820 1154 902; baseline 0.007 -23"><span class='ocrx_word' id='word_1_40' title='bbox 106 820 192 881; x_wconf 87' lang='lat' dir='ltr'>litatis</span> <span class='ocrx_word' id='word_1_41' title='bbox 206 823 291 882; x_wconf 80' lang='lat' dir='ltr'>elfato</span> <span class='ocrx_word' id='word_1_42' title='bbox 304 839 362 882; x_wconf 93' lang='lat' dir='ltr'>non</span> <span class='ocrx_word' id='word_1_43' title='bbox 373 829 570 883; x_wconf 81' lang='lat' dir='ltr'>contueantur.</span> <span class='ocrx_word' id='word_1_44' title='bbox 587 823 739 882; x_wconf 84' lang='lat' dir='ltr'>lluidenter</span> <span class='ocrx_word' id='word_1_45' title='bbox 748 824 825 882; x_wconf 91' lang='lat' dir='ltr'>enim</span> <span class='ocrx_word' id='word_1_46' title='bbox 836 825 861 882; x_wconf 91' lang='lat' dir='ltr'>si</span> <span class='ocrx_word' id='word_1_47' title='bbox 870 825 1041 898; x_wconf 88' lang='lat' dir='ltr'>possibilitas</span> <span class='ocrx_word' id='word_1_48' title='bbox 1056 829 1154 902; x_wconf 79' lang='lat' dir='ltr'>(quae,</span> 
     </span>
     <span class='ocr_line' id='line_1_7' title="bbox 107 905 1166 982; baseline 0.006 -20"><span class='ocrx_word' id='word_1_49' title='bbox 107 909 136 963; x_wconf 93' lang='lat' dir='ltr'>ut</span> <span class='ocrx_word' id='word_1_50' title='bbox 148 905 292 981; x_wconf 80' lang='lat' dir='ltr'>diximus,</span> <span class='ocrx_word' id='word_1_51' title='bbox 308 907 402 966; x_wconf 93' lang='lat' dir='ltr'>minor</span> <span class='ocrx_word' id='word_1_52' title='bbox 416 913 460 966; x_wconf 88' lang='lat' dir='ltr'>est</span> <span class='ocrx_word' id='word_1_53' title='bbox 473 923 561 982; x_wconf 84' lang='lat' dir='ltr'>quam</span> <span class='ocrx_word' id='word_1_54' title='bbox 574 907 737 980; x_wconf 78' lang='lat' dir='ltr'>existentia)</span> <span class='ocrx_word' id='word_1_55' title='bbox 753 907 788 964; x_wconf 91' lang='lat' dir='ltr'>ad</span> <span class='ocrx_word' id='word_1_56' title='bbox 803 909 985 968; x_wconf 86' lang='lat' dir='ltr'>existentiam</span> <span class='ocrx_word' id='word_1_57' title='bbox 1001 909 1061 968; x_wconf 87' lang='lat' dir='ltr'>sola</span> <span class='ocrx_word' id='word_1_58' title='bbox 1075 911 1166 968; x_wconf 71' lang='lat' dir='ltr'>sulti,</span> 
     </span>
     <span class='ocr_line' id='line_1_8' title="bbox 105 991 1155 1066; baseline 0.004 -18"><span class='ocrx_word' id='word_1_59' title='bbox 105 995 200 1064; x_wconf 87' lang='lat' dir='ltr'>cerel,</span> <span class='ocrx_word' id='word_1_60' title='bbox 216 993 319 1051; x_wconf 80' lang='lat' dir='ltr'>miuus</span> <span class='ocrx_word' id='word_1_61' title='bbox 333 993 477 1052; x_wconf 84' lang='lat' dir='ltr'>ediliceret</span> <span class='ocrx_word' id='word_1_62' title='bbox 491 993 528 1052; x_wconf 88' lang='lat' dir='ltr'>ad</span> <span class='ocrx_word' id='word_1_63' title='bbox 541 993 662 1066; x_wconf 83' lang='lat' dir='ltr'>moius;</span> <span class='ocrx_word' id='word_1_64' title='bbox 678 991 798 1066; x_wconf 82' lang='lat' dir='ltr'>proinde</span> <span class='ocrx_word' id='word_1_65' title='bbox 813 993 888 1052; x_wconf 91' lang='lat' dir='ltr'>idem</span> <span class='ocrx_word' id='word_1_66' title='bbox 908 1001 982 1054; x_wconf 92' lang='lat' dir='ltr'>esset</span> <span class='ocrx_word' id='word_1_67' title='bbox 1001 995 1086 1053; x_wconf 90' lang='lat' dir='ltr'>simul</span> <span class='ocrx_word' id='word_1_68' title='bbox 1100 997 1155 1052; x_wconf 85' lang='lat' dir='ltr'>mi·</span> 
     </span>
     <span class='ocr_line' id='line_1_9' title="bbox 103 1077 1156 1154; baseline 0.003 -21"><span class='ocrx_word' id='word_1_69' title='bbox 103 1089 162 1133; x_wconf 81' lang='lat' dir='ltr'>oue</span> <span class='ocrx_word' id='word_1_70' title='bbox 177 1081 206 1133; x_wconf 94' lang='lat' dir='ltr'>et</span> <span class='ocrx_word' id='word_1_71' title='bbox 219 1077 332 1150; x_wconf 82' lang='lat' dir='ltr'>maius,</span> <span class='ocrx_word' id='word_1_72' title='bbox 352 1093 404 1136; x_wconf 90' lang='lat' dir='ltr'>seu</span> <span class='ocrx_word' id='word_1_73' title='bbox 418 1077 521 1136; x_wconf 81' lang='lat' dir='ltr'>miuus</span> <span class='ocrx_word' id='word_1_74' title='bbox 538 1083 568 1136; x_wconf 89' lang='lat' dir='ltr'>et</span> <span class='ocrx_word' id='word_1_75' title='bbox 580 1091 642 1135; x_wconf 84' lang='lat' dir='ltr'>ooo</span> <span class='ocrx_word' id='word_1_76' title='bbox 658 1077 771 1135; x_wconf 83' lang='lat' dir='ltr'>miuus.</span> <span class='ocrx_word' id='word_1_77' title='bbox 792 1077 845 1144; x_wconf 86' lang='lat' dir='ltr'>Qui</span> <span class='ocrx_word' id='word_1_78' title='bbox 859 1083 1013 1154; x_wconf 90' lang='lat' dir='ltr'>conceptus</span> <span class='ocrx_word' id='word_1_79' title='bbox 1027 1085 1156 1154; x_wconf 84' lang='lat' dir='ltr'>pugnant</span> 
     </span>
     <span class='ocr_line' id='line_1_10' title="bbox 104 1158 562 1221; baseline 0.009 -5"><span class='ocrx_word' id='word_1_80' title='bbox 104 1158 180 1219; x_wconf 89' lang='lat' dir='ltr'>inter</span> <span class='ocrx_word' id='word_1_81' title='bbox 194 1177 235 1221; x_wconf 90' lang='lat' dir='ltr'>se.</span> <span class='ocrx_word' id='word_1_82' title='bbox 558 1181 562 1190; x_wconf 68' lang='lat'><strong><em>¹</em></strong></span> 
     </span>
    </p>

    <p class='ocr_par' dir='ltr' id='par_1_2' title="bbox 101 1245 1206 1729">
     <span class='ocr_line' id='line_1_11' title="bbox 137 1245 1154 1323; baseline 0.005 -21"><span class='ocrx_word' id='word_1_83' title='bbox 137 1245 215 1305; x_wconf 93' lang='lat' dir='ltr'>ldem</span> <span class='ocrx_word' id='word_1_84' title='bbox 230 1247 280 1306; x_wconf 81' lang='lat' dir='ltr'>dat</span> <span class='ocrx_word' id='word_1_85' title='bbox 297 1249 501 1320; x_wconf 80' lang='lat' dir='ltr'>ratiocinium,</span> <span class='ocrx_word' id='word_1_86' title='bbox 518 1249 543 1306; x_wconf 90' lang='lat' dir='ltr'>si</span> <span class='ocrx_word' id='word_1_87' title='bbox 562 1247 718 1306; x_wconf 86' lang='lat' dir='ltr'>adstruitur</span> <span class='ocrx_word' id='word_1_88' title='bbox 739 1247 920 1307; x_wconf 74' lang='lat' dir='ltr'>existentiam</span> <span class='ocrx_word' id='word_1_89' title='bbox 935 1249 1075 1309; x_wconf 91' lang='lat' dir='ltr'>eiusmodi</span> <span class='ocrx_word' id='word_1_90' title='bbox 1090 1263 1154 1323; x_wconf 88' lang='lat' dir='ltr'>sup·</span> 
     </span>
     <span class='ocr_line' id='line_1_12' title="bbox 101 1330 1206 1406; baseline 0.002 -18"><span class='ocrx_word' id='word_1_91' title='bbox 101 1330 224 1404; x_wconf 89' lang='lat' dir='ltr'>peditari</span> <span class='ocrx_word' id='word_1_92' title='bbox 238 1333 376 1391; x_wconf 71' lang='lat' dir='ltr'>autoilo.</span> <span class='ocrx_word' id='word_1_93' title='bbox 393 1334 464 1391; x_wconf 83' lang='lat' dir='ltr'>llam</span> <span class='ocrx_word' id='word_1_94' title='bbox 477 1331 620 1400; x_wconf 74' lang='lat' dir='ltr'>elicitum,</span> <span class='ocrx_word' id='word_1_95' title='bbox 634 1347 700 1390; x_wconf 93' lang='lat' dir='ltr'>cum</span> <span class='ocrx_word' id='word_1_96' title='bbox 715 1348 773 1390; x_wconf 95' lang='lat' dir='ltr'>non</span> <span class='ocrx_word' id='word_1_97' title='bbox 789 1333 826 1390; x_wconf 90' lang='lat' dir='ltr'>sit</span> <span class='ocrx_word' id='word_1_98' title='bbox 840 1332 957 1406; x_wconf 84' lang='lat' dir='ltr'>aliquid,</span> <span class='ocrx_word' id='word_1_99' title='bbox 969 1338 1045 1393; x_wconf 88' lang='lat' dir='ltr'>certe</span> <span class='ocrx_word' id='word_1_100' title='bbox 1059 1334 1157 1392; x_wconf 91' lang='lat' dir='ltr'>minus</span> <span class='ocrx_word' id='word_1_101' title='bbox 1200 1359 1206 1372; x_wconf 79' lang='lat'><em>-</em></span> 
     </span>
     <span class='ocr_line' id='line_1_13' title="bbox 102 1414 1158 1489; baseline 0.004 -17"><span class='ocrx_word' id='word_1_102' title='bbox 102 1419 145 1473; x_wconf 88' lang='lat' dir='ltr'>est</span> <span class='ocrx_word' id='word_1_103' title='bbox 159 1430 248 1487; x_wconf 88' lang='lat' dir='ltr'>quam</span> <span class='ocrx_word' id='word_1_104' title='bbox 263 1415 427 1489; x_wconf 78' lang='lat' dir='ltr'>existentia3</span> <span class='ocrx_word' id='word_1_105' title='bbox 440 1431 523 1488; x_wconf 82' lang='lat' dir='ltr'>qnae,</span> <span class='ocrx_word' id='word_1_106' title='bbox 534 1414 674 1489; x_wconf 81' lang='lat' dir='ltr'>quidquid</span> <span class='ocrx_word' id='word_1_107' title='bbox 687 1416 733 1488; x_wconf 86' lang='lat' dir='ltr'>sit,</span> <span class='ocrx_word' id='word_1_108' title='bbox 746 1415 870 1489; x_wconf 85' lang='lat' dir='ltr'>profecto</span> <span class='ocrx_word' id='word_1_109' title='bbox 885 1421 928 1475; x_wconf 89' lang='lat' dir='ltr'>est</span> <span class='ocrx_word' id='word_1_110' title='bbox 943 1416 1060 1489; x_wconf 88' lang='lat' dir='ltr'>aliquid.</span> <span class='ocrx_word' id='word_1_111' title='bbox 1076 1417 1158 1476; x_wconf 91' lang='lat' dir='ltr'>Prae-</span> 
     </span>
     <span class='ocr_line' id='line_1_14' title="bbox 102 1498 1202 1574; baseline 0.005 -18"><span class='ocrx_word' id='word_1_112' title='bbox 102 1505 182 1557; x_wconf 89' lang='lat' dir='ltr'>terea</span> <span class='ocrx_word' id='word_1_113' title='bbox 196 1499 222 1558; x_wconf 92' lang='lat' dir='ltr'>si</span> <span class='ocrx_word' id='word_1_114' title='bbox 240 1513 325 1556; x_wconf 95' lang='lat' dir='ltr'>nemo</span> <span class='ocrx_word' id='word_1_115' title='bbox 339 1499 388 1557; x_wconf 87' lang='lat' dir='ltr'>dat</span> <span class='ocrx_word' id='word_1_116' title='bbox 403 1499 480 1572; x_wconf 83' lang='lat' dir='ltr'>quod</span> <span class='ocrx_word' id='word_1_117' title='bbox 492 1513 550 1558; x_wconf 91' lang='lat' dir='ltr'>non</span> <span class='ocrx_word' id='word_1_118' title='bbox 565 1498 660 1572; x_wconf 70' lang='lat' dir='ltr'>habet</span> <span class='ocrx_word' id='word_1_119' title='bbox 676 1499 810 1558; x_wconf 79' lang='lat' dir='ltr'>nihilum</span> <span class='ocrx_word' id='word_1_120' title='bbox 825 1505 922 1574; x_wconf 88' lang='lat' dir='ltr'>utpote</span> <span class='ocrx_word' id='word_1_121' title='bbox 936 1499 1014 1558; x_wconf 91' lang='lat' dir='ltr'>omni</span> <span class='ocrx_word' id='word_1_122' title='bbox 1027 1499 1157 1558; x_wconf 83' lang='lat' dir='ltr'>realitate</span> <span class='ocrx_word' id='word_1_123' title='bbox 1198 1553 1202 1562; x_wconf 94' lang='lat'>.</span> 
     </span>
     <span class='ocr_line' id='line_1_15' title="bbox 101 1581 1157 1658; baseline 0 -18"><span class='ocrx_word' id='word_1_124' title='bbox 101 1582 256 1656; x_wconf 78' lang='lat' dir='ltr'>pritanum,</span> <span class='ocrx_word' id='word_1_125' title='bbox 274 1583 374 1656; x_wconf 88' lang='lat' dir='ltr'>nequit</span> <span class='ocrx_word' id='word_1_126' title='bbox 388 1589 464 1643; x_wconf 88' lang='lat' dir='ltr'>certe</span> <span class='ocrx_word' id='word_1_127' title='bbox 478 1584 553 1642; x_wconf 86' lang='lat' dir='ltr'>hanc</span> <span class='ocrx_word' id='word_1_128' title='bbox 566 1583 717 1658; x_wconf 85' lang='lat' dir='ltr'>impertiri;</span> <span class='ocrx_word' id='word_1_129' title='bbox 735 1585 792 1643; x_wconf 91' lang='lat' dir='ltr'>nisi</span> <span class='ocrx_word' id='word_1_130' title='bbox 805 1583 1000 1658; x_wconf 82' lang='lat' dir='ltr'>pugnantibus</span> <span class='ocrx_word' id='word_1_131' title='bbox 1014 1581 1087 1642; x_wconf 92' lang='lat' dir='ltr'>ideis</span> <span class='ocrx_word' id='word_1_132' title='bbox 1101 1588 1157 1642; x_wconf 88' lang='lat' dir='ltr'>sta·</span> 
     </span>
     <span class='ocr_line' id='line_1_16' title="bbox 104 1665 917 1729; baseline 0.006 -5"><span class='ocrx_word' id='word_1_133' title='bbox 104 1666 145 1724; x_wconf 93' lang='lat' dir='ltr'>tui</span> <span class='ocrx_word' id='word_1_134' title='bbox 158 1667 228 1726; x_wconf 90' lang='lat' dir='ltr'>velit</span> <span class='ocrx_word' id='word_1_135' title='bbox 241 1665 323 1726; x_wconf 91' lang='lat' dir='ltr'>illam</span> <span class='ocrx_word' id='word_1_136' title='bbox 336 1683 354 1727; x_wconf 89' lang='lat' dir='ltr'>a</span> <span class='ocrx_word' id='word_1_137' title='bbox 367 1667 463 1728; x_wconf 70' lang='lat' dir='ltr'>uiuae</span> <span class='ocrx_word' id='word_1_138' title='bbox 475 1667 577 1728; x_wconf 88' lang='lat' dir='ltr'>haberi</span> <span class='ocrx_word' id='word_1_139' title='bbox 591 1668 678 1727; x_wconf 88' lang='lat' dir='ltr'>simul</span> <span class='ocrx_word' id='word_1_140' title='bbox 691 1673 721 1728; x_wconf 88' lang='lat' dir='ltr'>et</span> <span class='ocrx_word' id='word_1_141' title='bbox 734 1684 792 1727; x_wconf 93' lang='lat' dir='ltr'>non</span> <span class='ocrx_word' id='word_1_142' title='bbox 807 1667 917 1729; x_wconf 86' lang='lat' dir='ltr'>haberi.</span> 
     </span>
    </p>
   </div>
   <div class='ocr_carea' id='block_1_2' title="bbox 442 1839 813 1916">
    <p class='ocr_par' dir='ltr' id='par_1_3' title="bbox 442 1839 813 1916">
     <span class='ocr_line' id='line_1_17' title="bbox 442 1839 813 1916; baseline 0.005 -16"><span class='ocrx_word' id='word_1_143' title='bbox 442 1841 607 1902; x_wconf 70' lang='lat' dir='ltr'>solamine</span> <span class='ocrx_word' id='word_1_144' title='bbox 620 1839 813 1916; x_wconf 75' lang='lat' dir='ltr'>difficultates.</span> 
     </span>
    </p>
   </div>
   <div class='ocr_carea' id='block_1_3' title="bbox 101 2009 1158 3092">
    <p class='ocr_par' dir='ltr' id='par_1_4' title="bbox 101 2009 1158 2495">
     <span class='ocr_line' id='line_1_18' title="bbox 137 2009 1155 2087; baseline 0.007 -18"><span class='ocrx_word' id='word_1_145' title='bbox 137 2009 180 2070; x_wconf 86' lang='grc'>79.</span> <span class='ocrx_word' id='word_1_146' title='bbox 202 2012 257 2070; x_wconf 84' lang='lat' dir='ltr'>Sed</span> <span class='ocrx_word' id='word_1_147' title='bbox 270 2012 375 2086; x_wconf 74' lang='lat' dir='ltr'>munus</span> <span class='ocrx_word' id='word_1_148' title='bbox 389 2013 509 2086; x_wconf 87' lang='lat' dir='ltr'>argutiis</span> <span class='ocrx_word' id='word_1_149' title='bbox 523 2013 660 2087; x_wconf 85' lang='lat' dir='ltr'>Beguelin</span> <span class='ocrx_word' id='word_1_150' title='bbox 674 2013 896 2073; x_wconf 86' lang='lat' dir='ltr'>deliramentum</span> <span class='ocrx_word' id='word_1_151' title='bbox 911 2011 981 2072; x_wconf 94' lang='lat' dir='ltr'>illud</span> <span class='ocrx_word' id='word_1_152' title='bbox 998 2017 1104 2074; x_wconf 87' lang='lat' dir='ltr'>tutetur</span> <span class='ocrx_word' id='word_1_153' title='bbox 1113 2016 1155 2076; x_wconf 84' lang='lat' dir='ltr'>vi·</span> 
     </span>
     <span class='ocr_line' id='line_1_19' title="bbox 101 2095 1157 2172; baseline 0.005 -19"><span class='ocrx_word' id='word_1_154' title='bbox 101 2095 234 2155; x_wconf 82' lang='lat' dir='ltr'>deamms.</span> <span class='ocrx_word' id='word_1_155' title='bbox 251 2097 379 2156; x_wconf 89' lang='lat' dir='ltr'>Primum</span> <span class='ocrx_word' id='word_1_156' title='bbox 393 2097 490 2170; x_wconf 85' lang='lat' dir='ltr'>itaque</span> <span class='ocrx_word' id='word_1_157' title='bbox 504 2097 546 2156; x_wconf 92' lang='lat' dir='ltr'>sic</span> <span class='ocrx_word' id='word_1_158' title='bbox 563 2099 697 2158; x_wconf 90' lang='lat' dir='ltr'>occurrit.</span> <span class='ocrx_word' id='word_1_159' title='bbox 713 2097 745 2156; x_wconf 95' lang='lat' dir='ltr'>ln</span> <span class='ocrx_word' id='word_1_160' title='bbox 760 2097 844 2156; x_wconf 80' lang='lat' dir='ltr'>elfato</span> <span class='ocrx_word' id='word_1_161' title='bbox 859 2098 1042 2172; x_wconf 87' lang='lat' dir='ltr'>causalitatis,</span> <span class='ocrx_word' id='word_1_162' title='bbox 1054 2101 1100 2158; x_wconf 82' lang='lat' dir='ltr'>uel</span> <span class='ocrx_word' id='word_1_163' title='bbox 1113 2116 1157 2158; x_wconf 91' lang='lat' dir='ltr'>ra·</span> 
     </span>
     <span class='ocr_line' id='line_1_20' title="bbox 103 2179 1156 2261; baseline 0.004 -22"><span class='ocrx_word' id='word_1_164' title='bbox 103 2179 184 2240; x_wconf 90' lang='lat' dir='ltr'>tionis</span> <span class='ocrx_word' id='word_1_165' title='bbox 207 2181 377 2261; x_wconf 79' lang='lat' dir='ltr'>sufficientis</span> <span class='ocrx_word' id='word_1_166' title='bbox 392 2181 425 2241; x_wconf 91' lang='lat' dir='ltr'>lit</span> <span class='ocrx_word' id='word_1_167' title='bbox 441 2181 579 2242; x_wconf 87' lang='lat' dir='ltr'>transitus</span> <span class='ocrx_word' id='word_1_168' title='bbox 593 2183 630 2241; x_wconf 88' lang='lat' dir='ltr'>ad</span> <span class='ocrx_word' id='word_1_169' title='bbox 643 2183 827 2242; x_wconf 84' lang='lat' dir='ltr'>existentiam</span> <span class='ocrx_word' id='word_1_170' title='bbox 842 2182 965 2256; x_wconf 83' lang='lat' dir='ltr'>realem,</span> <span class='ocrx_word' id='word_1_171' title='bbox 982 2185 1065 2242; x_wconf 89' lang='lat' dir='ltr'>cuius</span> <span class='ocrx_word' id='word_1_172' title='bbox 1079 2185 1156 2243; x_wconf 93' lang='lat' dir='ltr'>notio</span> 
     </span>
     <span class='ocr_line' id='line_1_21' title="bbox 103 2264 1158 2340; baseline 0.004 -18"><span class='ocrx_word' id='word_1_173' title='bbox 103 2270 145 2323; x_wconf 90' lang='lat' dir='ltr'>est</span> <span class='ocrx_word' id='word_1_174' title='bbox 158 2264 246 2325; x_wconf 83' lang='lat' dir='ltr'>valde</span> <span class='ocrx_word' id='word_1_175' title='bbox 260 2266 402 2340; x_wconf 82' lang='lat' dir='ltr'>obscura3</span> <span class='ocrx_word' id='word_1_176' title='bbox 419 2271 519 2325; x_wconf 82' lang='lat' dir='ltr'>contm</span> <span class='ocrx_word' id='word_1_177' title='bbox 540 2266 572 2325; x_wconf 92' lang='lat' dir='ltr'>in</span> <span class='ocrx_word' id='word_1_178' title='bbox 590 2265 734 2340; x_wconf 91' lang='lat' dir='ltr'>principio</span> <span class='ocrx_word' id='word_1_179' title='bbox 758 2266 989 2325; x_wconf 87' lang='lat' dir='ltr'>contradictionis</span> <span class='ocrx_word' id='word_1_180' title='bbox 1004 2267 1158 2326; x_wconf 85' lang='lat' dir='ltr'>existentia</span> 
     </span>
     <span class='ocr_line' id='line_1_22' title="bbox 102 2349 1154 2425; baseline -0.003 -16"><span class='ocrx_word' id='word_1_181' title='bbox 102 2349 212 2410; x_wconf 75' lang='lat' dir='ltr'>idealis</span> <span class='ocrx_word' id='word_1_182' title='bbox 225 2351 385 2425; x_wconf 76' lang='lat' dir='ltr'>respicitur.</span> <span class='ocrx_word' id='word_1_183' title='bbox 401 2349 474 2424; x_wconf 89' lang='lat' dir='ltr'>llrgo</span> <span class='ocrx_word' id='word_1_184' title='bbox 487 2350 543 2409; x_wconf 90' lang='lat' dir='ltr'>hoc</span> <span class='ocrx_word' id='word_1_185' title='bbox 556 2355 589 2409; x_wconf 88' lang='lat' dir='ltr'>ut</span> <span class='ocrx_word' id='word_1_186' title='bbox 603 2350 732 2411; x_wconf 82' lang='lat' dir='ltr'>absolute</span> <span class='ocrx_word' id='word_1_187' title='bbox 743 2356 853 2411; x_wconf 86' lang='lat' dir='ltr'>certum</span> <span class='ocrx_word' id='word_1_188' title='bbox 869 2349 970 2410; x_wconf 89' lang='lat' dir='ltr'>haberi</span> <span class='ocrx_word' id='word_1_189' title='bbox 984 2355 1085 2424; x_wconf 88' lang='lat' dir='ltr'>potest,</span> <span class='ocrx_word' id='word_1_190' title='bbox 1097 2365 1154 2408; x_wconf 92' lang='lat' dir='ltr'>non</span> 
     </span>
     <span class='ocr_line' id='line_1_23' title="bbox 104 2433 185 2495; baseline 0.062 -5"><span class='ocrx_word' id='word_1_191' title='bbox 104 2433 185 2495; x_wconf 92' lang='lat' dir='ltr'>illud.</span> 
     </span>
    </p>

    <p class='ocr_par' dir='ltr' id='par_1_5' title="bbox 103 2519 1158 3092">
     <span class='ocr_line' id='line_1_24' title="bbox 139 2519 1156 2597; baseline -0.001 -18"><span class='ocrx_word' id='word_1_192' title='bbox 139 2521 226 2594; x_wconf 83' lang='lat' dir='ltr'>aesp.</span> <span class='ocrx_word' id='word_1_193' title='bbox 244 2520 314 2581; x_wconf 78' lang='lat' dir='ltr'>ilict.</span> <span class='ocrx_word' id='word_1_194' title='bbox 331 2522 455 2597; x_wconf 88' lang='lat' dir='ltr'>primam</span> <span class='ocrx_word' id='word_1_195' title='bbox 470 2525 580 2596; x_wconf 89' lang='lat' dir='ltr'>partem</span> <span class='ocrx_word' id='word_1_196' title='bbox 595 2521 808 2583; x_wconf 88' lang='lat' dir='ltr'>antecedentis:</span> <span class='ocrx_word' id='word_1_197' title='bbox 825 2523 856 2582; x_wconf 93' lang='lat' dir='ltr'>in</span> <span class='ocrx_word' id='word_1_198' title='bbox 867 2523 952 2582; x_wconf 77' lang='lat' dir='ltr'>effato</span> <span class='ocrx_word' id='word_1_199' title='bbox 963 2519 1083 2581; x_wconf 89' lang='lat' dir='ltr'>rationis</span> <span class='ocrx_word' id='word_1_200' title='bbox 1098 2521 1156 2578; x_wconf 88' lang='lat' dir='ltr'>sul·</span> 
     </span>
     <span class='ocr_line' id='line_1_25' title="bbox 103 2603 1157 2679; baseline -0.001 -17"><span class='ocrx_word' id='word_1_201' title='bbox 103 2603 228 2664; x_wconf 82' lang='lat' dir='ltr'>finientis</span> <span class='ocrx_word' id='word_1_202' title='bbox 247 2605 279 2664; x_wconf 90' lang='lat' dir='ltr'>lit</span> <span class='ocrx_word' id='word_1_203' title='bbox 298 2608 434 2668; x_wconf 68' lang='lat' dir='ltr'>danatus</span> <span class='ocrx_word' id='word_1_204' title='bbox 452 2608 488 2665; x_wconf 88' lang='lat' dir='ltr'>ad</span> <span class='ocrx_word' id='word_1_205' title='bbox 507 2606 690 2666; x_wconf 85' lang='lat' dir='ltr'>existentiam</span> <span class='ocrx_word' id='word_1_206' title='bbox 704 2608 815 2668; x_wconf 81' lang='lat' dir='ltr'>reatem</span> <span class='ocrx_word' id='word_1_207' title='bbox 824 2626 833 2679; x_wconf 89' lang='lat'><em>;</em></span> <span class='ocrx_word' id='word_1_208' title='bbox 848 2607 903 2665; x_wconf 83' lang='lat' dir='ltr'>lroc</span> <span class='ocrx_word' id='word_1_209' title='bbox 917 2611 960 2665; x_wconf 90' lang='lat' dir='ltr'>est</span> <span class='ocrx_word' id='word_1_210' title='bbox 976 2605 1038 2664; x_wconf 88' lang='lat' dir='ltr'>eius</span> <span class='ocrx_word' id='word_1_211' title='bbox 1051 2604 1157 2662; x_wconf 86' lang='lat' dir='ltr'>ueritus</span> 
     </span>
     <span class='ocr_line' id='line_1_26' title="bbox 104 2689 1155 2765; baseline -0.002 -18"><span class='ocrx_word' id='word_1_212' title='bbox 104 2691 212 2762; x_wconf 89' lang='lat' dir='ltr'>pendet</span> <span class='ocrx_word' id='word_1_213' title='bbox 226 2689 262 2748; x_wconf 86' lang='lat' dir='ltr'>ab</span> <span class='ocrx_word' id='word_1_214' title='bbox 277 2690 374 2763; x_wconf 78' lang='lat' dir='ltr'>adona</span> <span class='ocrx_word' id='word_1_215' title='bbox 388 2690 459 2749; x_wconf 92' lang='lat' dir='ltr'>reali</span> <span class='ocrx_word' id='word_1_216' title='bbox 473 2691 644 2765; x_wconf 85' lang='lat' dir='ltr'>existentia,</span> <span class='ocrx_word' id='word_1_217' title='bbox 660 2706 698 2751; x_wconf 85' lang='lat' dir='ltr'>ex</span> <span class='ocrx_word' id='word_1_218' title='bbox 712 2691 794 2749; x_wconf 90' lang='lat' dir='ltr'>cuius</span> <span class='ocrx_word' id='word_1_219' title='bbox 809 2690 988 2764; x_wconf 87' lang='lat' dir='ltr'>experientia</span> <span class='ocrx_word' id='word_1_220' title='bbox 1000 2689 1155 2762; x_wconf 79' lang='lat' dir='ltr'>colligitur,</span> 
     </span>
     <span class='ocr_line' id='line_1_27' title="bbox 104 2771 1156 2848; baseline 0.001 -18"><span class='ocrx_word' id='word_1_221' title='bbox 104 2778 136 2831; x_wconf 89' lang='lat' dir='ltr'>ut</span> <span class='ocrx_word' id='word_1_222' title='bbox 149 2779 196 2834; x_wconf 92' lang='lat' dir='ltr'>est</span> <span class='ocrx_word' id='word_1_223' title='bbox 216 2775 251 2832; x_wconf 96' lang='lat' dir='ltr'>de</span> <span class='ocrx_word' id='word_1_224' title='bbox 268 2774 461 2833; x_wconf 89' lang='lat' dir='ltr'>axiomatibus</span> <span class='ocrx_word' id='word_1_225' title='bbox 482 2775 773 2848; x_wconf 87' lang='lat' dir='ltr'>experimentalibus‚</span> <span class='ocrx_word' id='word_1_226' title='bbox 792 2789 864 2847; x_wconf 79' lang='lat' dir='ltr'>nepo</span> <span class='ocrx_word' id='word_1_227' title='bbox 873 2793 882 2844; x_wconf 88' lang='lat'><em>;</em></span> <span class='ocrx_word' id='word_1_228' title='bbox 899 2775 952 2831; x_wconf 86' lang='lat' dir='ltr'>troc</span> <span class='ocrx_word' id='word_1_229' title='bbox 968 2777 1011 2832; x_wconf 89' lang='lat' dir='ltr'>est</span> <span class='ocrx_word' id='word_1_230' title='bbox 1025 2771 1156 2831; x_wconf 91' lang='lat' dir='ltr'>enuntiat</span> 
     </span>
     <span class='ocr_line' id='line_1_28' title="bbox 104 2853 1157 2931; baseline -0.008 -15"><span class='ocrx_word' id='word_1_231' title='bbox 104 2858 267 2931; x_wconf 79' lang='lat' dir='ltr'>generatim</span> <span class='ocrx_word' id='word_1_232' title='bbox 280 2863 310 2916; x_wconf 88' lang='lat' dir='ltr'>et</span> <span class='ocrx_word' id='word_1_233' title='bbox 324 2858 468 2917; x_wconf 82' lang='lat' dir='ltr'>abstracte</span> <span class='ocrx_word' id='word_1_234' title='bbox 485 2873 596 2917; x_wconf 83' lang='lat' dir='ltr'>nexum</span> <span class='ocrx_word' id='word_1_235' title='bbox 608 2859 803 2917; x_wconf 87' lang='lat' dir='ltr'>necessarium</span> <span class='ocrx_word' id='word_1_236' title='bbox 823 2856 898 2912; x_wconf 87' lang='lat' dir='ltr'>inter</span> <span class='ocrx_word' id='word_1_237' title='bbox 912 2853 1094 2912; x_wconf 84' lang='lat' dir='ltr'>existentiam</span> <span class='ocrx_word' id='word_1_238' title='bbox 1108 2867 1157 2909; x_wconf 87' lang='lat' dir='ltr'>en-</span> 
     </span>
     <span class='ocr_line' id='line_1_29' title="bbox 105 2935 1157 3013; baseline -0.006 -13"><span class='ocrx_word' id='word_1_239' title='bbox 105 2941 140 3000; x_wconf 90' lang='lat' dir='ltr'>tis</span> <span class='ocrx_word' id='word_1_240' title='bbox 156 2941 350 3013; x_wconf 90' lang='lat' dir='ltr'>contingentis</span> <span class='ocrx_word' id='word_1_241' title='bbox 365 2946 393 2999; x_wconf 92' lang='lat' dir='ltr'>et</span> <span class='ocrx_word' id='word_1_242' title='bbox 408 2942 471 2998; x_wconf 90' lang='lat' dir='ltr'>eius</span> <span class='ocrx_word' id='word_1_243' title='bbox 491 2955 627 3013; x_wconf 89' lang='lat' dir='ltr'>causam,</span> <span class='ocrx_word' id='word_1_244' title='bbox 648 2942 689 2998; x_wconf 87' lang='lat' dir='ltr'>ita</span> <span class='ocrx_word' id='word_1_245' title='bbox 707 2945 740 2997; x_wconf 90' lang='lat' dir='ltr'>nt</span> <span class='ocrx_word' id='word_1_246' title='bbox 759 2953 797 2994; x_wconf 86' lang='lat' dir='ltr'>ex</span> <span class='ocrx_word' id='word_1_247' title='bbox 818 2938 889 2996; x_wconf 90' lang='lat' dir='ltr'>reali</span> <span class='ocrx_word' id='word_1_248' title='bbox 907 2937 984 2995; x_wconf 90' lang='lat' dir='ltr'>illius</span> <span class='ocrx_word' id='word_1_249' title='bbox 1002 2935 1157 2994; x_wconf 88' lang='lat' dir='ltr'>existentia</span> 
     </span>
     <span class='ocr_line' id='line_1_30' title="bbox 104 3018 1158 3092; baseline -0.009 -8"><span class='ocrx_word' id='word_1_250' title='bbox 104 3025 208 3085; x_wconf 85' lang='lat' dir='ltr'>inferri</span> <span class='ocrx_word' id='word_1_251' title='bbox 233 3023 335 3085; x_wconf 83' lang='lat' dir='ltr'>debeat</span> <span class='ocrx_word' id='word_1_252' title='bbox 355 3023 442 3080; x_wconf 77' lang='lat' dir='ltr'>husius</span> <span class='ocrx_word' id='word_1_253' title='bbox 467 3023 553 3080; x_wconf 88' lang='lat' dir='ltr'>etiam</span> <span class='ocrx_word' id='word_1_254' title='bbox 576 3021 663 3079; x_wconf 88' lang='lat' dir='ltr'>realis</span> <span class='ocrx_word' id='word_1_255' title='bbox 686 3019 857 3092; x_wconf 74' lang='lat' dir='ltr'>existentia,</span> <span class='ocrx_word' id='word_1_256' title='bbox 879 3035 957 3079; x_wconf 82' lang='lat' dir='ltr'>conc.</span> <span class='ocrx_word' id='word_1_257' title='bbox 980 3018 1158 3081; x_wconf 79' lang='lat' dir='ltr'>Transmitto</span> 
     </span>
    </p>
   </div>
   <div class='ocr_carea' id='block_1_4' title="bbox 104 3103 1157 4028">
    <p class='ocr_par' dir='ltr' id='par_1_6' title="bbox 104 3103 1156 3252">
     <span class='ocr_line' id='line_1_31' title="bbox 105 3103 1156 3180; baseline -0.01 -12"><span class='ocrx_word' id='word_1_258' title='bbox 105 3111 195 3168; x_wconf 87' lang='lat' dir='ltr'>aliam</span> <span class='ocrx_word' id='word_1_259' title='bbox 210 3110 321 3180; x_wconf 87' lang='lat' dir='ltr'>partem</span> <span class='ocrx_word' id='word_1_260' title='bbox 335 3103 536 3177; x_wconf 63' lang='lat' dir='ltr'>oramentis,</span> <span class='ocrx_word' id='word_1_261' title='bbox 548 3109 577 3163; x_wconf 94' lang='lat' dir='ltr'>et</span> <span class='ocrx_word' id='word_1_262' title='bbox 589 3120 662 3177; x_wconf 78' lang='lat' dir='ltr'>respo</span> <span class='ocrx_word' id='word_1_263' title='bbox 672 3110 734 3164; x_wconf 90' lang='lat' dir='ltr'>tum</span> <span class='ocrx_word' id='word_1_264' title='bbox 744 3118 929 3178; x_wconf 75' lang='lat' dir='ltr'>consequente,</span> <span class='ocrx_word' id='word_1_265' title='bbox 941 3108 1001 3163; x_wconf 90' lang='lat' dir='ltr'>tum</span> <span class='ocrx_word' id='word_1_266' title='bbox 1015 3103 1156 3163; x_wconf 89' lang='lat' dir='ltr'>rationem</span> 
     </span>
     <span class='ocr_line' id='line_1_32' title="bbox 104 3193 246 3252; baseline -0.035 0"><span class='ocrx_word' id='word_1_267' title='bbox 104 3193 246 3252; x_wconf 87' lang='lat' dir='ltr'>additam.</span> 
     </span>
    </p>

    <p class='ocr_par' dir='ltr' id='par_1_7' title="bbox 106 3271 1157 4028">
     <span class='ocr_line' id='line_1_33' title="bbox 141 3271 1157 3350; baseline -0.007 -14"><span class='ocrx_word' id='word_1_268' title='bbox 141 3278 170 3336; x_wconf 87' lang='lat' dir='ltr'>Si</span> <span class='ocrx_word' id='word_1_269' title='bbox 186 3274 362 3350; x_wconf 89' lang='lat' dir='ltr'>principium</span> <span class='ocrx_word' id='word_1_270' title='bbox 375 3274 455 3332; x_wconf 76' lang='lat' dir='ltr'>nihil</span> <span class='ocrx_word' id='word_1_271' title='bbox 475 3275 510 3348; x_wconf 79' lang='lat' dir='ltr'>stt</span> <span class='ocrx_word' id='word_1_272' title='bbox 528 3274 591 3334; x_wconf 64' lang='lat' dir='ltr'>aaa</span> <span class='ocrx_word' id='word_1_273' title='bbox 611 3289 718 3342; x_wconf 81' lang='lat' dir='ltr'>causo,</span> <span class='ocrx_word' id='word_1_274' title='bbox 735 3272 824 3348; x_wconf 84' lang='lat' dir='ltr'>logice</span> <span class='ocrx_word' id='word_1_275' title='bbox 839 3273 1011 3346; x_wconf 85' lang='lat' dir='ltr'>resolvatur,</span> <span class='ocrx_word' id='word_1_276' title='bbox 1030 3271 1096 3330; x_wconf 89' lang='lat' dir='ltr'>hnic</span> <span class='ocrx_word' id='word_1_277' title='bbox 1111 3285 1157 3329; x_wconf 89' lang='lat' dir='ltr'>ac-</span> 
     </span>
     <span class='ocr_line' id='line_1_34' title="bbox 106 3355 1157 3435; baseline -0.01 -15"><span class='ocrx_word' id='word_1_278' title='bbox 106 3360 248 3435; x_wconf 82' lang='lat' dir='ltr'>quiralet:</span> <span class='ocrx_word' id='word_1_279' title='bbox 265 3373 369 3433; x_wconf 84' lang='lat' dir='ltr'>omno,</span> <span class='ocrx_word' id='word_1_280' title='bbox 385 3357 466 3432; x_wconf 81' lang='lat' dir='ltr'>quod</span> <span class='ocrx_word' id='word_1_281' title='bbox 486 3359 540 3433; x_wconf 80' lang='lat' dir='ltr'>fit,</span> <span class='ocrx_word' id='word_1_282' title='bbox 556 3366 597 3418; x_wconf 82' lang='lat' dir='ltr'>cst</span> <span class='ocrx_word' id='word_1_283' title='bbox 619 3358 729 3418; x_wconf 78' lang='lat' dir='ltr'>doleas</span> <span class='ocrx_word' id='word_1_284' title='bbox 750 3373 883 3418; x_wconf 82' lang='lat' dir='ltr'>coccum.</span> <span class='ocrx_word' id='word_1_285' title='bbox 901 3359 992 3426; x_wconf 76' lang='lat' dir='ltr'>Quaere</span> <span class='ocrx_word' id='word_1_286' title='bbox 1005 3372 1064 3416; x_wconf 93' lang='lat' dir='ltr'>non</span> <span class='ocrx_word' id='word_1_287' title='bbox 1080 3355 1157 3413; x_wconf 78' lang='lat' dir='ltr'>aliurd</span> 
     </span>
     <span class='ocr_line' id='line_1_35' title="bbox 106 3441 1156 3518; baseline -0.004 -17"><span class='ocrx_word' id='word_1_288' title='bbox 106 3445 192 3518; x_wconf 85' lang='lat' dir='ltr'>lacit,</span> <span class='ocrx_word' id='word_1_289' title='bbox 208 3441 266 3502; x_wconf 88' lang='lat' dir='ltr'>uisi</span> <span class='ocrx_word' id='word_1_290' title='bbox 277 3448 312 3500; x_wconf 92' lang='lat' dir='ltr'>ut</span> <span class='ocrx_word' id='word_1_291' title='bbox 330 3443 461 3502; x_wconf 90' lang='lat' dir='ltr'>enuntiet</span> <span class='ocrx_word' id='word_1_292' title='bbox 482 3443 678 3502; x_wconf 89' lang='lat' dir='ltr'>necessarium</span> <span class='ocrx_word' id='word_1_293' title='bbox 700 3458 808 3502; x_wconf 82' lang='lat' dir='ltr'>nexunt</span> <span class='ocrx_word' id='word_1_294' title='bbox 824 3459 874 3502; x_wconf 89' lang='lat' dir='ltr'>scu</span> <span class='ocrx_word' id='word_1_295' title='bbox 889 3442 1066 3502; x_wconf 90' lang='lat' dir='ltr'>identitatem</span> <span class='ocrx_word' id='word_1_296' title='bbox 1081 3441 1156 3498; x_wconf 87' lang='lat' dir='ltr'>inter</span> 
     </span>
     <span class='ocr_line' id='line_1_36' title="bbox 106 3524 1156 3601; baseline -0.003 -16"><span class='ocrx_word' id='word_1_297' title='bbox 106 3528 177 3588; x_wconf 89' lang='lat' dir='ltr'>duas</span> <span class='ocrx_word' id='word_1_298' title='bbox 191 3528 271 3588; x_wconf 90' lang='lat' dir='ltr'>ideas</span> <span class='ocrx_word' id='word_1_299' title='bbox 285 3528 452 3601; x_wconf 77' lang='lat' dir='ltr'>absuactas,</span> <span class='ocrx_word' id='word_1_300' title='bbox 465 3527 559 3586; x_wconf 89' lang='lat' dir='ltr'>ideam</span> <span class='ocrx_word' id='word_1_301' title='bbox 575 3527 713 3586; x_wconf 89' lang='lat' dir='ltr'>nimirum</span> <span class='ocrx_word' id='word_1_302' title='bbox 727 3526 800 3586; x_wconf 91' lang='lat' dir='ltr'>entis</span> <span class='ocrx_word' id='word_1_303' title='bbox 816 3526 1005 3599; x_wconf 86' lang='lat' dir='ltr'>contingentis</span> <span class='ocrx_word' id='word_1_304' title='bbox 1019 3530 1047 3584; x_wconf 88' lang='lat' dir='ltr'>et</span> <span class='ocrx_word' id='word_1_305' title='bbox 1062 3524 1156 3584; x_wconf 90' lang='lat' dir='ltr'>ideam</span> 
     </span>
     <span class='ocr_line' id='line_1_37' title="bbox 107 3609 1155 3687; baseline -0.004 -15"><span class='ocrx_word' id='word_1_306' title='bbox 107 3613 246 3686; x_wconf 86' lang='lat' dir='ltr'>exigentis</span> <span class='ocrx_word' id='word_1_307' title='bbox 261 3627 387 3672; x_wconf 84' lang='lat' dir='ltr'>causam</span> <span class='ocrx_word' id='word_1_308' title='bbox 405 3613 546 3681; x_wconf 83' lang='lat' dir='ltr'>Quocirca</span> <span class='ocrx_word' id='word_1_309' title='bbox 565 3618 609 3672; x_wconf 89' lang='lat' dir='ltr'>est</span> <span class='ocrx_word' id='word_1_310' title='bbox 623 3612 798 3687; x_wconf 88' lang='lat' dir='ltr'>principium</span> <span class='ocrx_word' id='word_1_311' title='bbox 818 3627 918 3686; x_wconf 89' lang='lat' dir='ltr'>reapse</span> <span class='ocrx_word' id='word_1_312' title='bbox 938 3609 1112 3685; x_wconf 87' lang='lat' dir='ltr'>analyticum</span> <span class='ocrx_word' id='word_1_313' title='bbox 1126 3615 1155 3668; x_wconf 89' lang='lat' dir='ltr'>et</span> 
     </span>
     <span class='ocr_line' id='line_1_38' title="bbox 108 3693 1155 3772; baseline -0.002 -18"><span class='ocrx_word' id='word_1_314' title='bbox 108 3698 243 3772; x_wconf 81' lang='lat' dir='ltr'>aptiori,</span> <span class='ocrx_word' id='word_1_315' title='bbox 260 3699 360 3758; x_wconf 91' lang='lat' dir='ltr'>eodem</span> <span class='ocrx_word' id='word_1_316' title='bbox 380 3699 471 3757; x_wconf 83' lang='lat' dir='ltr'>terme</span> <span class='ocrx_word' id='word_1_317' title='bbox 489 3699 573 3757; x_wconf 95' lang='lat' dir='ltr'>modo</span> <span class='ocrx_word' id='word_1_318' title='bbox 593 3713 627 3756; x_wconf 89' lang='lat' dir='ltr'>ac</span> <span class='ocrx_word' id='word_1_319' title='bbox 646 3697 822 3772; x_wconf 82' lang='lat' dir='ltr'>principium</span> <span class='ocrx_word' id='word_1_320' title='bbox 841 3693 1081 3756; x_wconf 88' lang='lat' dir='ltr'>contradictionis.</span> <span class='ocrx_word' id='word_1_321' title='bbox 1100 3695 1155 3753; x_wconf 92' lang='lat' dir='ltr'>Nec</span> 
     </span>
     <span class='ocr_line' id='line_1_39' title="bbox 110 3778 1152 3856; baseline -0.002 -18"><span class='ocrx_word' id='word_1_322' title='bbox 110 3786 208 3840; x_wconf 87' lang='lat' dir='ltr'>contra</span> <span class='ocrx_word' id='word_1_323' title='bbox 220 3783 330 3856; x_wconf 82' lang='lat' dir='ltr'>obstat,</span> <span class='ocrx_word' id='word_1_324' title='bbox 346 3783 422 3856; x_wconf 84' lang='lat' dir='ltr'>quod</span> <span class='ocrx_word' id='word_1_325' title='bbox 437 3783 474 3840; x_wconf 81' lang='lat' dir='ltr'>ex&#39;</span> <span class='ocrx_word' id='word_1_326' title='bbox 488 3783 569 3856; x_wconf 92' lang='lat' dir='ltr'>ipso,</span> <span class='ocrx_word' id='word_1_327' title='bbox 588 3782 683 3856; x_wconf 82' lang='lat' dir='ltr'>posita</span> <span class='ocrx_word' id='word_1_328' title='bbox 704 3781 774 3840; x_wconf 88' lang='lat' dir='ltr'>reali</span> <span class='ocrx_word' id='word_1_329' title='bbox 789 3778 941 3839; x_wconf 85' lang='lat' dir='ltr'>existentia</span> <span class='ocrx_word' id='word_1_330' title='bbox 955 3780 1029 3838; x_wconf 88' lang='lat' dir='ltr'>entis</span> <span class='ocrx_word' id='word_1_331' title='bbox 1044 3778 1152 3838; x_wconf 89' lang='lat' dir='ltr'>contiu-</span> 
     </span>
     <span class='ocr_line' id='line_1_40' title="bbox 108 3862 1153 3938; baseline -0.006 -15"><span class='ocrx_word' id='word_1_332' title='bbox 108 3866 210 3938; x_wconf 84' lang='lat' dir='ltr'>gentis,</span> <span class='ocrx_word' id='word_1_333' title='bbox 225 3868 363 3926; x_wconf 77' lang='lat' dir='ltr'>inferatur</span> <span class='ocrx_word' id='word_1_334' title='bbox 376 3867 463 3925; x_wconf 87' lang='lat' dir='ltr'>realis</span> <span class='ocrx_word' id='word_1_335' title='bbox 477 3866 631 3936; x_wconf 83' lang='lat' dir='ltr'>existentia</span> <span class='ocrx_word' id='word_1_336' title='bbox 640 3866 702 3924; x_wconf 92' lang='lat' dir='ltr'>eius</span> <span class='ocrx_word' id='word_1_337' title='bbox 713 3879 825 3923; x_wconf 90' lang='lat' dir='ltr'>causae.</span> <span class='ocrx_word' id='word_1_338' title='bbox 838 3864 908 3922; x_wconf 87' lang='lat' dir='ltr'>Nem</span> <span class='ocrx_word' id='word_1_339' title='bbox 918 3862 971 3922; x_wconf 87' lang='lat' dir='ltr'>hoc</span> <span class='ocrx_word' id='word_1_340' title='bbox 982 3863 1058 3922; x_wconf 90' lang='lat' dir='ltr'>valet</span> <span class='ocrx_word' id='word_1_341' title='bbox 1067 3862 1153 3920; x_wconf 89' lang='lat' dir='ltr'>etiam</span> 
     </span>
     <span class='ocr_line' id='line_1_41' title="bbox 107 3944 1154 4028; baseline -0.002 -21"><span class='ocrx_word' id='word_1_342' title='bbox 107 3962 160 4026; x_wconf 84' lang='lat' dir='ltr'>pro</span> <span class='ocrx_word' id='word_1_343' title='bbox 172 3950 401 4012; x_wconf 87' lang='lat' dir='ltr'>contradictionis</span> <span class='ocrx_word' id='word_1_344' title='bbox 416 3950 520 4023; x_wconf 81' lang='lat' dir='ltr'>edat03</span> <span class='ocrx_word' id='word_1_345' title='bbox 538 3965 575 4009; x_wconf 87' lang='lat' dir='ltr'>ex</span> <span class='ocrx_word' id='word_1_346' title='bbox 596 3965 653 4026; x_wconf 89' lang='lat' dir='ltr'>quo</span> <span class='ocrx_word' id='word_1_347' title='bbox 674 3949 823 4024; x_wconf 82' lang='lat' dir='ltr'>sindliter,</span> <span class='ocrx_word' id='word_1_348' title='bbox 840 3948 930 4028; x_wconf 89' lang='lat' dir='ltr'>posito</span> <span class='ocrx_word' id='word_1_349' title='bbox 952 3947 1027 4028; x_wconf 90' lang='lat' dir='ltr'>quod</span> <span class='ocrx_word' id='word_1_350' title='bbox 1043 3944 1154 4024; x_wconf 87' lang='lat' dir='ltr'>aliquid</span> 
     </span>
    </p>
   </div>
   <div class='ocr_carea' id='block_1_5' title="bbox 0 0 1389 4492">
    <p class='ocr_par' dir='ltr' id='par_1_8' title="bbox 0 0 1389 4492">
     <span class='ocr_line' id='line_1_42' title="bbox 0 0 1389 4492; baseline 0 0"><span class='ocrx_word' id='word_1_351' title='bbox 0 0 1389 4492; x_wconf 95' lang='lat' dir='ltr'> </span> 
     </span>
    </p>
   </div>
  </div>
 </body>
</html>
