2767 4492
433 395 832 446 presentari-coenonema
1119 385 1154 444 37

118 488 164 543 tet.
175 487 251 544 lore
260 483 377 558 quidem
386 499 463 557 vera,
474 484 524 543 illa
533 482 739 557 magnitudinis
754 481 953 542 determinatio
960 481 1029 542 oriri
1039 496 1097 541 non
1105 497 1155 558 po-

116 569 169 627 tnit
181 570 286 643 exipsa
300 574 403 628 natura
416 569 563 643 materiae,
577 584 651 643 qnae
664 567 750 642 plane
765 568 796 625 in
811 569 864 627 troc
873 567 1043 627 indifferens
1057 583 1110 642 per
1123 584 1154 628 se

115 659 169 727 est,
185 659 270 728 atque
296 653 361 713 ideo
379 652 533 712 cuiuslibet
550 651 759 725 magnitudinis
777 651 957 724 recipiendae
978 656 1022 712 est
1046 667 1152 728 capax3

112 736 187 796 nulla
200 738 280 797 enim
294 737 483 797 determinate
496 736 664 810 magnitudo
679 735 820 808 assignari
828 739 929 809 potest,
940 751 1013 809 quae
1025 751 1094 810 prae
1108 752 1154 796 ce·

6 860 7 915 p
113 820 176 881 teris
189 837 258 881 cum
272 822 396 880 essentia
413 820 550 880 materiae
564 819 726 880 necessario
745 823 939 878 connectatur.
955 817 994 878 Ea
1008 818 1095 893 igitur
1108 819 1155 880 de-

6 930 7 933 *
110 905 271 964 terminatio
285 905 323 964 ab
341 905 483 964 efficiente
497 904 593 979 aliquo
614 909 734 963 externo
749 898 780 960 in
794 902 944 962 materiam
958 903 1085 978 proiecta
1101 911 1153 964 est.

6 964 8 1043 ἶ
107 989 148 1048 dl)
162 990 264 1049 eodem
274 989 361 1063 igitur
373 989 494 1049 materia
508 989 691 1048 existentiam
705 988 827 1062 accepit3
845 989 1076 1064 quandoquidem
1091 991 1155 1050 eine

108 1072 227 1132 definita
241 1073 407 1133 extensione
421 1089 455 1133 ac
468 1074 543 1133 mole
558 1073 727 1146 nentiquam
741 1077 854 1132 exstare
872 1070 991 1146 poterat,
1012 1089 1046 1132 ac
1059 1074 1154 1148 proin·

107 1157 142 1216 de
158 1157 261 1217 eadem
275 1173 362 1217 cansa
377 1151 451 1240 quae
465 1160 529 1218 eius
542 1157 648 1216 molem
661 1157 794 1231 primitus
809 1157 1017 1232 determinavit,
1033 1158 1155 1218 existen·

109 1241 178 1301 tiam
192 1242 250 1317 ipsi
263 1242 370 1303 donare
384 1243 493 1300 debuit.
874 1275 876 1278 -

141 1327 270 1386 Altemm
286 1327 328 1386 sic
342 1325 487 1400 proponit.
503 1324 643 1399 Principio
658 1325 714 1384 dno
724 1325 816 1384 sancit
829 1323 924 1394 effata,
935 1341 1155 1400 quorumnnum

106 1415 164 1470 est:
181 1410 335 1468 materiam
349 1424 401 1484 per
421 1424 452 1467 se
467 1407 678 1468 indifferentem
692 1425 755 1468 esse
775 1409 809 1468 ad
825 1415 935 1470 motum
952 1410 999 1469 rel
1020 1411 1154 1485 quietem.

106 1493 151 1552 lix
166 1509 224 1566 quo
239 1493 281 1566 iit,
297 1499 329 1551 ut
338 1493 376 1551 ad
391 1493 560 1551 alterutrum
575 1492 773 1554 determinatio
787 1493 902 1554 aliunde
912 1495 943 1554 in
958 1495 1062 1571 ipsam,
1071 1495 1155 1554 nimi·

105 1591 174 1636 rom
189 1578 227 1636 ab
241 1577 383 1636 exprime
397 1591 493 1650 cause,
510 1577 608 1635 induci
622 1576 734 1636 debeat.
752 1577 830 1646 Quod
844 1578 962 1652 quidem
977 1579 1156 1653 experientia

103 1664 191 1736 atqm
200 1660 292 1734 ipsius
302 1661 439 1720 materiae
451 1660 565 1720 nodone
579 1660 718 1720 clarescit.
731 1662 846 1721 Materia
859 1663 937 1721 enirn
947 1677 1037 1736 aeque
1052 1664 1084 1722 in
1100 1679 1155 1724 uno

103 1745 230 1806 alterove
245 1751 319 1806 statu
334 1745 441 1820 optime
456 1749 572 1819 pensat,
589 1761 643 1804 nec
658 1745 826 1806 alterutrum
842 1747 945 1821 potius,
959 1747 1152 1823 recogitatur,
1205 1779 1209 1796 ι

101 1830 241 1903 exquirit.
262 1830 425 1889 Secundum
439 1833 496 1887 est:
516 1830 638 1887 materia
651 1830 681 1888 vi
694 1830 829 1904 principii
843 1831 1075 1891 contradictionis
1094 1831 1156 1892 sine

104 1915 211 1973 actuali
227 1914 466 1973 determinatione
480 1912 516 1971 ad
530 1917 640 1971 motum
655 1912 701 1972 vel
714 1913 839 1987 quietem
853 1919 967 1974 exstare
981 1930 1039 1974 non
1053 1915 1154 1990 potnit.

103 1997 137 2056 lli
154 1999 236 2058 enim
258 1999 315 2058 duo
337 2003 428 2056 status
447 1996 664 2058 contradictorie
683 2003 877 2072 opponuntur,
895 2013 948 2057 nec
967 1997 1045 2057 aliud
1065 1998 1157 2059 ullum

73 2136 81 2144 .
104 2083 276 2156 relinquunt
288 2082 412 2154 tertium,
429 2080 460 2138 in
475 2095 531 2154 quo
547 2081 619 2139 torte
632 2081 758 2140 materia
772 2082 968 2140 constituatur.
985 2081 1068 2142 Hisce
1083 2085 1156 2156 posi·

102 2168 139 2225 tis
153 2167 198 2224 sic
213 2165 323 2239 pergit:
335 2165 360 2223 si
373 2164 495 2223 materia
508 2164 629 2222 minime
644 2165 782 2238 producta
796 2169 879 2236 esset,
891 2173 975 2239 atque
989 2165 1054 2224 ideo
1069 2166 1093 2224 si
1108 2183 1157 2226 ex·

102 2254 222 2310 stareta
239 2263 280 2320 se,
291 2262 356 2306 eam
370 2247 539 2306 instructam
554 2263 618 2307 esse
631 2254 776 2322 oporteret
788 2248 1012 2323 proprietatibus
1027 2249 1072 2322 iis,
1083 2266 1157 2324 qnae

101 2350 140 2393 ex
155 2332 290 2392 eiusdem
299 2336 402 2390 nature
411 2332 574 2406 dimanant;
592 2348 665 2414 qnae
674 2347 743 2392 vero
759 2332 796 2391 ab
810 2334 911 2392 eadem
925 2348 983 2392 non
998 2333 1155 2407 dimanant,

100 2417 133 2476 in
147 2432 183 2476 ea
197 2415 367 2489 neutiquam
382 2414 476 2474 inesse
490 2421 616 2490 possent.
634 2415 711 2474 Fieri
726 2416 804 2474 enirn
818 2416 936 2474 omnino
951 2415 1052 2488 nequit
1066 2419 1097 2472 ut
1111 2415 1155 2489 id,

100 2501 179 2576 quod
203 2501 366 2559 necessario
380 2505 487 2573 exstat,
504 2499 540 2558 iis
558 2499 678 2559 orbetur
692 2495 928 2574 proprietatibus,
946 2513 1020 2573 quac
1033 2499 1096 2573 pari
1109 2515 1157 2559 ne

99 2586 239 2646 cessitate
251 2585 287 2643 ab
303 2585 482 2644 nosnatura
498 2590 663 2658 poscuntur.
680 2584 809 2658 Itemque
823 2589 964 2659 repugnat
978 2589 1011 2642 ut
1025 2584 1064 2658 id,
1081 2584 1157 2658 quod
1189 2634 1193 2640 .

99 2679 225 2731 externo
240 2671 381 2745 principio
392 2675 480 2743 caret,
493 2669 643 2743 qualitates
654 2670 755 2729 induat
767 2684 843 2742 qnae
859 2669 896 2726 ab
911 2669 973 2728 eius
987 2675 1089 2728 natura
1099 2685 1158 2728 non

100 2756 205 2830 linunt,
223 2754 393 2828 praesertim
409 2753 435 2811 si
447 2753 503 2811 hae
522 2767 588 2810 cnm
604 2751 799 2824 superioribus
813 2750 1001 2823 qualitatibus
1018 2757 1155 2823 pugnent.

99 2841 215 2900 Etenim
236 2838 443 2911 proprietatnm
462 2836 564 2894 modus
583 2835 668 2893 modo
687 2839 808 2890 naturae
828 2838 1037 2890 consentaneus
1056 2838 1114 2906 est,
1131 2839 1160 2892 et

98 2941 175 2999 qnae
190 2936 263 2982 cum
276 2926 380 2977 natura
393 2918 567 2976 intrinsecus
582 2917 772 2988 colligantur,
788 2915 870 2973 illinc
885 2915 1038 2975 abscedere
1052 2933 1160 2992 neona-

98 3024 192 3084 quam
206 3009 339 3078 possunt.
350 3001 434 3071 ttoni
445 3015 481 3057 ex
492 2998 645 3072 praedictis
656 2998 806 3072 principiis
820 2999 946 3073 primum
955 3002 1106 3061 materiam
1116 3003 1158 3060 in-

99 3088 328 3153 determinatam
342 3083 477 3156 relinquit
491 3084 528 3141 ad
542 3086 652 3141 motum
666 3081 713 3141 rel
724 3081 863 3157 quietem3
880 3089 964 3158 atqtre
975 3085 1047 3159 ideo,
1060 3087 1084 3146 si
1098 3102 1159 3145 ma·

100 3177 176 3236 teria
185 3170 368 3244 improducta
379 3167 488 3241 luisset,
500 3182 569 3226 cnm
578 3166 627 3226 tati
638 3166 906 3227 indeterminatione
916 3176 1029 3230 exstare
1044 3170 1159 3230 debuis-

101 3267 156 3320 set.
174 3259 280 3318 Gontra
294 3269 346 3328 per
366 3252 525 3311 secundum
543 3251 718 3326 principium
735 3252 856 3311 materia
870 3259 983 3312 exstare
997 3269 1158 3328 numquam

102 3344 208 3417 potnit,
221 3340 292 3413 qnin
306 3338 338 3396 in
354 3338 489 3415 alterutro
499 3339 601 3395 norum
616 3341 741 3396 statuum
752 3336 952 3411 collocaretur3
970 3337 1113 3412 siqnidem
1126 3338 1157 3396 hi

104 3429 271 3500 pugnantes
286 3423 360 3482 inter
374 3428 492 3494 cesant,
507 3436 561 3479 nec
572 3421 687 3480 tertium
702 3420 779 3479 aliud
789 3421 987 3494 interpositum
1002 3422 1157 3496 patiuntur.

104 3510 190 3583 lingo,
207 3508 233 3565 si
247 3505 366 3566 materia
379 3506 558 3578 improducta
572 3504 683 3571 inisset,
701 3519 736 3563 ea
751 3504 875 3563 simulet
889 3505 977 3564 semei
987 3505 1158 3564 determina-

105 3599 138 3651 ta
158 3597 190 3650 et
209 3606 268 3649 non
286 3589 473 3649 determinata
492 3589 529 3648 ad
548 3589 717 3647 alterutrum
735 3604 835 3648 eorum
855 3593 980 3648 statuum
1004 3589 1157 3664 extitisset,

107 3675 189 3753 qnod
203 3680 330 3748 apertam
345 3673 598 3734 contradictionem
613 3673 669 3732 sihi
683 3672 822 3748 implicat.
1073 3685 1077 3690 ·
