2767 4492
240 331 289 394 ret
491 361 496 364 -
564 338 791 387 affirmaremus
805 335 952 382 sarcinare

230 429 392 499 cctionem,·
403 441 454 484 seu
465 425 528 484 aliis
539 425 634 484 verbis
645 443 651 481 :
662 422 792 496 [ocultus
801 437 873 496 quo,
882 418 985 496 positis
995 417 1132 476 aceritus
1143 416 1183 474 od
1193 431 1281 491 open-

229 515 305 572 dueu
327 511 489 584 requisitis,
511 510 600 585 possit
621 524 709 582 operes
729 507 873 566 actionem
896 504 994 562 elicere
1016 501 1061 560 eet
1084 500 1224 569 celtibera,
1246 502 1282 560 in

231 598 309 655 hone
325 596 368 654 ool
382 596 416 654 in
429 593 594 669 oppositum
606 592 756 667 prosilire.
768 591 860 658 Quare
870 588 987 647 libertas
1001 585 1141 645 eiusmodi
1151 596 1209 643 non
1220 585 1281 643 sola

228 679 441 755 spontaneitote
456 677 645 746 constituitur,
663 677 713 736 sed
732 675 818 734 etiam
832 672 969 748 operandi
984 671 1123 743 dominio;
1140 670 1282 728 nimirum

229 781 287 825 non
301 765 385 822 modo
401 761 466 820 talis
485 777 548 820 esse
564 761 648 820 dehet
664 767 696 819 ut
711 759 747 818 ab
765 759 879 818 interno
898 757 1039 831 principio
1058 760 1138 814 aetus
1159 753 1277 827 oriatur,

230 851 279 910 sed
293 849 410 920 iusuper
425 851 505 904 actus
520 845 610 920 ipsius
626 845 769 904 emanatio
784 845 816 902 in
831 843 941 917 agentis
956 845 1094 915 potestate
1109 840 1146 898 sit
1158 842 1279 913 oportet.

227 933 329 1005 Tertio,
357 945 423 989 eum
445 929 575 1002 unimus,
601 931 654 988 hac
675 929 805 988 libertate
829 928 986 986 instructus
1004 925 1153 995 asseritur,
1179 923 1280 997 positis

227 1017 361 1078 omnihus
381 1017 417 1074 ad
432 1016 575 1090 agendum
591 1015 751 1088 requisitis3
773 1013 890 1073 nomine
902 1012 1007 1070 horum
1022 1010 1226 1085 requisitorum
1245 1025 1281 1067 oa

227 1102 326 1162 omnia
340 1101 548 1174 intelliguntur,
561 1115 634 1174 quae
650 1105 747 1157 actum
758 1099 915 1159 secundum
929 1097 1114 1171 praecedunt.
1126 1095 1280 1154 Taliasunt

140 1241 142 1248 .
225 1185 447 1260 repraesentatio
462 1185 574 1258 obiecti,
595 1183 735 1242 iudicium
749 1183 863 1256 mentis,
881 1189 909 1241 et
924 1187 1060 1255 quotquot
1075 1185 1171 1238 actum
1184 1179 1280 1252 ipsum

227 1270 351 1328 liberum
368 1273 557 1328 antevortunt.
575 1269 687 1336 Otiarto,
705 1268 780 1325 inter
794 1265 941 1326 eiusmodi·
951 1263 1125 1324 conditiones
1142 1262 1281 1321 delibera·

227 1353 337 1428 tioipsa
352 1352 557 1411 etconsultatio
571 1353 750 1410 recensenda
759 1357 811 1410 est.
829 1351 940 1408 Etenim
955 1351 1009 1408 hae
1024 1354 1104 1407 aetus
1119 1352 1279 1406 suntmeu-

229 1437 277 1510 lis;
296 1442 324 1495 et
342 1437 408 1495 lieet
423 1453 440 1495 a
456 1438 601 1495 voluntate
625 1437 763 1510 imperari
783 1436 903 1510 possint,
926 1440 1020 1492 lamen
1038 1450 1089 1508 per
1103 1449 1134 1491 se
1147 1432 1280 1490 libertate

225 1520 384 1594 privantur.
404 1519 578 1594 Quapropter
593 1521 621 1578 id
637 1522 714 1594 quod
728 1519 889 1579 libertatem
904 1519 1060 1579 formaliter
1076 1516 1231 1588 constituit,
1248 1515 1279 1572 in

226 1605 289 1680 ipsa
303 1605 539 1666 determinatione
553 1605 717 1677 veluntatis,
734 1605 820 1663 nullis
835 1604 970 1663 obstricta
984 1602 1116 1675 sinenda,
1137 1600 1275 1671 cernitur3

225 1705 277 1762 per
291 1705 378 1764 quam
398 1689 522 1762 animus,
546 1689 614 1764 quia
631 1689 701 1760 vult,
728 1689 764 1747 ad
787 1689 952 1748 alterutram
972 1705 1002 1746 se
1021 1694 1131 1762 partem
1146 1685 1275 1744 inllectit.

225 1774 379 1846 Postremo,
397 1773 512 1833 libertas
528 1773 667 1832 eiusmodi
680 1773 815 1832 hilariam
829 1771 950 1846 dispesci
965 1778 1069 1846 potest:
1086 1771 1191 1830 ineam
1203 1783 1278 1842 quae

226 1864 322 1916 actum
338 1858 502 1932 ponendum
516 1859 561 1917 rel
576 1858 776 1931 omittendum,
794 1863 822 1917 et
835 1859 866 1916 in
881 1874 945 1917 eam
960 1873 1032 1932 quae
1054 1863 1134 1914 aetus
1149 1854 1276 1912 diversos

225 1941 271 2000 vel
286 1943 427 2017 oppositos
440 1943 565 2016 respicit.
582 1942 676 2001 Prima
690 1943 747 2002 dici
763 1942 833 2000 solet
846 1941 964 2001 libertas
978 1939 1217 2000 contradictionis
1233 1937 1279 1995 vel

226 2026 313 2085 etiam
328 2027 428 2102 quood
450 2027 632 2086 coercitione.
649 2027 751 2098 hltera,
769 2027 838 2085 siin
858 2032 995 2100 potestate
1011 2027 1128 2084 sortitur
1142 2021 1278 2081 eliciendi

226 2111 352 2172 actiones
367 2127 439 2185 quae
453 2112 586 2170 differant
601 2112 716 2188 quidem
725 2112 799 2170 inter
813 2127 844 2170 se
859 2112 909 2170 sed
920 2112 1078 2170 contrariae
1088 2127 1146 2169 uon
1156 2109 1225 2180 sint,
1243 2108 1276 2165 li-

224 2193 320 2254 bertus
331 2195 567 2269 specificationis;
581 2197 627 2255 sin
636 2197 666 2255 in
678 2197 790 2256 actibus
803 2202 943 2270 versatur,
956 2196 1114 2271 quimutuo
1125 2197 1277 2258 aduersan-

224 2283 270 2338 tur
285 2280 436 2354 moraliter,
453 2281 670 2340 contrarietatis
680 2281 858 2342 nominatur.

660 2452 838 2512 Pnorosrmo

342 2624 466 2683 Animus
483 2620 635 2682 hermanus
649 2623 804 2698 praeditus
818 2632 859 2682 est
874 2622 1005 2682 libertate
1019 2621 1149 2683 arbitrii.

268 2793 313 2853 stt.
330 2791 471 2867 Quidquid
482 2787 623 2854 letalistae
634 2810 668 2853 ac
682 2793 885 2853 materialistae
894 2795 930 2854 ad
944 2795 1100 2854 humanam
1114 2792 1276 2851 libertatem

226 2879 410 2938 euertendam
426 2879 580 2938 obiecerint
592 2881 723 2954 (quorum
735 2880 910 2953 sophismata
919 2881 1038 2938 interius
1053 2876 1275 2949 contutabimus)

226 2963 288 3020 eius
303 2963 406 3022 veritas
421 2968 501 3021 tanta
521 2965 723 3038 perspicuitate
742 2965 840 3037 fulget,
862 2970 894 3022 ut
913 2965 986 3022 nihil
1003 2963 1175 3037 supra.'llon
1194 2961 1276 3020 enim

226 3045 366 3104 eiusmodi
382 3053 433 3118 est,
451 3053 482 3106 ut
498 3047 627 3107 abstrusa
641 3049 736 3124 aliqua
750 3050 860 3108 ratione
875 3049 954 3107 cerni
969 3048 1083 3120 debeat3
1100 3045 1151 3105 sed
1165 3046 1275 3103 lactum

223 3130 351 3204 praehet,
369 3146 421 3205 per
435 3133 638 3192 conscientiam
649 3135 752 3208 cuique
764 3135 959 3194 manifestum.
976 3135 1062 3192 hemo
1077 3133 1157 3189 enim
1172 3129 1276 3202 estqui

226 3231 284 3273 non
296 3215 398 3273 sentiat
413 3231 443 3274 se
455 3215 544 3275 lihera
561 3219 656 3276 ornari
671 3219 710 3290 vi,
723 3235 780 3291 qua
795 3220 830 3276 ad
845 3220 970 3277 actiones
984 3233 1035 3292 pro
1052 3216 1140 3274 luhito
1155 3216 1218 3272 siue
1233 3212 1276 3270 ul-

222 3299 252 3358 la
265 3301 432 3359 necessitate
450 3302 592 3374 procedat.
610 3303 735 3361 Proiecto
755 3304 911 3362 necessitas
929 3303 961 3361 in
981 3299 1216 3360 determinatione
1234 3295 1275 3354 ad

223 3399 313 3442 uuum
326 3385 380 3442 sita
394 3390 446 3444 est.
459 3385 493 3442 ht
502 3401 569 3444 vero
580 3386 634 3445 sibi
650 3387 770 3460 quisque
780 3394 822 3446 est
836 3388 966 3447 conscius
980 3403 1011 3445 se
1021 3387 1061 3459 ita
1071 3403 1087 3445 e
1097 3383 1206 3442 duobus
1222 3381 1277 3440 bo-

225 3469 271 3526 nis
282 3469 371 3527 linitis
386 3469 440 3527 sihi
451 3470 602 3543 propositis
617 3470 784 3532 alterutrum
800 3473 912 3546 eligere,
925 3476 958 3530 ut
971 3478 1125 3544 utrumque
1139 3481 1278 3542 respuere

224 3557 274 3610 aut
288 3553 461 3612 contrarium
485 3553 546 3612 eius
569 3554 643 3626 quod
659 3555 752 3627 elegit,
769 3556 901 3630 amplecti
917 3555 1047 3629 potuerit,
1070 3556 1094 3612 si
1115 3551 1275 3611 maluisset.

226 3633 271 3690 Sic
283 3637 306 3691 si
321 3636 435 3696 cuidam
451 3637 545 3697 standi
559 3643 608 3696 aut
618 3639 819 3698 deambulandi
834 3642 910 3714 optio
921 3642 1012 3713 detur,
1025 3654 1122 3716 nonne
1135 3637 1160 3694 is
1174 3635 1278 3693 intime

222 3717 368 3789 experitur
382 3722 436 3779 sihi
451 3722 544 3781 inesse
565 3728 734 3796 potestatem
747 3724 893 3783 reiieieudi
911 3731 1073 3798 utrumque,
1091 3724 1116 3781 si
1136 3721 1214 3794 uelit,
1232 3735 1278 3777 se·

223 3816 280 3874 que
297 3802 332 3894 ad
348 3803 502 3864 sedendum
517 3807 611 3880 potius
631 3807 813 3866 conterendi‘.l
828 3808 906 3877 (huod
928 3810 953 3868 si
967 3824 1066 3868 eorum
1083 3822 1174 3866 unum
1194 3818 1277 3862 acee-

221 3889 292 3958 ptat,
305 3889 344 3944 tta
361 3894 487 3962 acceptat
501 3897 532 3949 ut
547 3890 640 3952 vivide
656 3892 886 3966 persentiseetad
896 3895 1057 3968 oppositum
1073 3909 1104 3952 se
1119 3891 1234 3950 flectcre
1244 3888 1287 3970 in⁶
