2767 4492
560 382 692 430 ururesn
1110 359 1148 428 te

109 491 164 573 qao
178 476 294 535 ornatus
304 472 349 532 sit.
363 471 397 531 lit
410 470 544 546 quoniam
560 467 758 528 communitati
771 479 856 526 nemo
870 467 1034 542 praecipere
1042 468 1144 542 potest,

107 561 162 620 nisi
180 561 204 619 is
211 559 280 633 ,qui
300 557 427 617 cirrsdem
442 557 614 651 gubernator
630 559 715 612 cstac
734 561 841 626 rector,
862 551 968 612 idcirco
983 552 1087 612 dicitiu
1103 568 1146 612 or-

107 645 213 705 dinatio
226 645 298 704 haec
308 642 426 702 rationis
442 641 478 700 ab
489 657 519 698 ee
522 640 713 714 ,pulcarem
727 636 949 697 communitatis
965 637 1062 711 dubet,
1084 654 1146 735 pro·

108 731 206 791 licisci.
218 729 343 803 Denique
358 743 424 787 cum
439 727 580 800 imperare
598 724 675 782 idem
689 724 726 783 sit
741 737 774 781 ac
789 721 916 781 subdus
931 721 967 780 ad
977 723 1146 782 convenien-

21 867 26 874 .
107 823 164 876 tem
179 817 306 876 ordinem
328 813 479 887 obligando
494 809 653 906 applicare,
676 808 827 884 applicatio
843 811 939 866 auum
959 807 1098 866 eiusmodi
1114 809 1146 868 in

107 903 232 962 subiecto
243 898 417 974 intelligente
436 912 493 955 non
509 896 592 955 aliter
605 895 661 953 nisi
673 910 724 968 per
738 892 928 967 cognitionem
940 890 1039 950 haberi
1048 893 1144 966 possit,

106 1004 179 1062 quae
193 994 269 1046 certo
287 983 546 1043 manifestationem
562 980 696 1053 includit,
720 980 865 1076 evidenter
879 981 996 1050 apparet
1009 992 1061 1036 cur
1074 975 1145 1050 legis

106 1072 300 1131 definitionem
313 1066 513 1144 promulputio
530 1065 715 1136 ingrediatur

140 1157 184 1215 tt
202 1157 234 1215 Ut
249 1161 345 1213 autem
361 1153 396 1210 de
410 1151 481 1224 legis
500 1149 650 1224 partitione
664 1150 790 1223 aliquid
783 1125 912 1224 ianuam,
929 1165 964 1208 ca
977 1148 1146 1222 generaliter

62 1229 66 1242 ’
106 1239 295 1312 dividipotest
308 1234 690 1295 indirinamethnmanam.
707 1234 757 1292 llla
771 1250 789 1290 a
802 1233 1142 1308 licoimmediatelertur3
1231 1299 1234 1302 ‚

105 1325 175 1382 haec
186 1328 283 1380 contra
293 1320 329 1378 ab
341 1317 464 1393 homine,
476 1324 613 1392 potestate
626 1326 720 1378 umen
731 1334 749 1377 a
759 1318 832 1377 lico
824 1335 853 1376 rn
863 1318 997 1377 eumdem
1007 1319 1142 1378 derivata.
1229 1317 1232 1321 ’

104 1408 161 1466 Nisi
179 1407 255 1464 enirn
271 1406 340 1462 haec
355 1404 490 1463 derivatio
507 1403 706 1476 subaudiatur,
730 1402 841 1476 concipi
862 1403 940 1462 nullo
957 1403 1040 1462 modo
1055 1409 1145 1477 potest

105 1491 177 1565 qood
195 1490 278 1547 homo
290 1489 397 1548 homini
412 1491 473 1546 iuro
488 1488 618 1562 imperet.
631 1489 709 1546 Prior
718 1488 839 1562 dispesci
850 1487 920 1546 solet
934 1487 965 1546 in
976 1496 1141 1562 aeuumm,

104 1575 275 1633 naturalem
292 1580 320 1632 et
334 1574 491 1649 positivam
501 1594 510 1644 ‚·
521 1574 668 1646 posterior,
686 1567 759 1647 uuae
777 1573 894 1646 positiva
913 1586 1025 1648 semper
1038 1579 1089 1647 est,
1102 1575 1143 1633 di-

104 1659 209 1717 viditur
218 1660 247 1716 in
258 1658 477 1716 ecclesiasticum
492 1657 723 1716 statunculus
737 1663 853 1716 aeterna
862 1656 934 1715 uilril
945 1656 1023 1715 aliud
1032 1663 1075 1716 est
1084 1659 1141 1717 nisi

103 1744 243 1800 dictamen
259 1743 372 1800 divinae
386 1743 542 1814 sapientiae
557 1749 585 1799 et
604 1742 758 1800 voluutatis
783 1741 818 1799 ab
833 1748 947 1800 aeterno
963 1741 1141 1804 decernentis

102 1843 153 1898 ca,
171 1843 243 1900 quae
259 1827 343 1886 homo
354 1834 402 1885 aut
418 1817 509 1886 iacere
527 1832 670 1898 tamquam
686 1826 769 1899 bons,
786 1832 836 1884 aut
853 1842 952 1885 cavere
967 1826 1051 1886 debet
1070 1835 1142 1886 tam-

102 1926 188 1986 qnam
204 1913 295 1984 mala3
313 1911 531 1985 deliniturquea
551 1911 577 1970 S.
598 1911 767 1982 dugrtstiuo:
789 1911 868 1968 ratic
883 1917 928 1969 act
941 1911 1076 1971 voluutas
1093 1913 1142 1972 lte-t

102 1996 236 2055 ordiueut
245 1996 416 2055 naturalem
426 1995 594 2054 conservari
604 1995 897 2070 iuberes,perturdori
906 2004 1006 2055 aetam
1022 2000 1046 2054 i.
1059 1998 1141 2059 Porro

102 2081 164 2140 eius
179 2083 356 2156 participatio
372 2082 401 2140 iu
417 2081 548 2140 rationali
565 2088 704 2151 creatura,
721 2080 842 2154 seuipsa
857 2082 902 2139 lex
917 2088 1032 2142 aeterna
1046 2091 1142 2158 quate·

102 2182 157 2225 uus
179 2168 308 2226 rationali
328 2175 475 2225 creaturae
494 2165 658 2239 dirigendae
678 2166 836 2238 applicatur
850 2166 1140 2241 eidemqueuaturali

101 2251 209 2310 lumine
230 2252 435 2322 manifestatur,
457 2250 549 2322 legem
571 2249 729 2308 naturalem
753 2251 907 2310 constituit.
929 2251 1005 2320 Quae
1023 2253 1140 2326 proinde

97 2335 170 2394 nihil
186 2341 228 2393 cst
247 2335 338 2406 aliud,
362 2335 416 2392 nisi
439 2334 501 2407 ipsa
521 2334 593 2392 ratio
616 2334 754 2392 naturalis
769 2334 892 2394 hominis
910 2342 993 2410 prout
1006 2337 1140 2398 discernit

100 2421 225 2480 actiones
243 2422 443 2480 convenientes
458 2426 486 2479 et
500 2430 690 2494 repugnantes
708 2431 825 2480 craturae
840 2423 982 2482 humanae
996 2440 1029 2482 ac
1046 2427 1137 2497 prolui·

98 2507 237 2566 bitioneut
253 2507 294 2566 vel
312 2507 463 2581 imperium
480 2506 608 2565 divinum
618 2507 701 2565 nobis
715 2508 813 2580 offert,
827 2515 884 2567 uta
895 2505 970 2567 malo
986 2525 1136 2568 avocemur

99 2597 183 2666 atque
202 2593 236 2651 ad
252 2592 358 2651 honum
373 2593 530 2651 flectamur.
548 2593 604 2652 Lea
620 2608 685 2652 vero
702 2594 821 2666 positiva
837 2595 992 2666 generatim
1012 2594 1137 2666 inspecta

98 2692 132 2734 ea
146 2683 202 2750 est,
224 2693 297 2752 quae
310 2693 365 2737 non
382 2695 432 2752 per
448 2679 546 2737 lumen
559 2679 702 2749 naturale,
719 2679 768 2736 sed
783 2679 864 2737 alittrr
884 2677 964 2749 siguo
979 2677 1074 2749 aliquo
1089 2693 1137 2734 eu·

99 2768 177 2820 terno
194 2763 398 2835 promulgatur,
411 2775 477 2821 voce
488 2764 624 2820 nimirum
640 2763 818 2834 autscript03
836 2761 1136 2834 licetpuandoquena·

99 2841 197 2904 taralis
213 2863 274 2905 csse
295 2849 382 2919 possit
396 2848 506 2904 ratione
529 2846 673 2916 materiae,
695 2855 835 2918 quatenus
855 2846 960 2918 aliquid
979 2845 1074 2903 iubeat
1088 2853 1136 2904 aut

96 2935 179 3000 vetet,
203 2930 277 3001 qaod
292 2931 349 2987 iam
362 2945 410 3000 per
421 2931 579 2986 naturalem
594 2930 685 3002 legem
701 2929 809 2986 iussum
826 2934 869 2986 est
888 2937 937 2988 aut
951 2930 1132 3003 prohibitum.

97 3013 214 3082 Quodsi
230 3029 306 3070 mere
323 3013 442 3086 positiva
463 3014 511 3085 sit,
529 3013 564 3070 de
578 3013 614 3070 iis
630 3013 743 3084 statuit,
759 3029 831 3086 quae
845 3015 873 3072 ri
889 3021 1006 3074 uuurae
1020 3016 1135 3076 delinita

95 3113 152 3156 non
177 3103 256 3168 sunt,
279 3097 360 3156 seda
376 3098 518 3156 voluntate
534 3095 687 3170 superioris
703 3096 936 3158 determinantur.
955 3102 1043 3174 utque
1065 3101 1135 3160 lraec

95 3183 119 3241 si
135 3183 219 3240 alico
240 3183 342 3254 fertur,
360 3187 390 3240 ut
404 3182 451 3240 lex
469 3181 571 3241 veteris
588 3181 775 3259 foederislaut
787 3185 962 3258 evangelica,
979 3184 1135 3259 appellatur
1160 3219 1163 3225 ·

94 3267 208 3339 divina3
226 3266 270 3324 sin
286 3266 323 3324 alr
340 3266 463 3339 homine,
479 3267 603 3325 numana
617 3266 730 3326 dicitur.
744 3268 1135 3342 Quaequideurhumanalerc

93 3357 211 3410 vocatur
221 3351 425 3424 ecclesiastica,
442 3352 467 3411 si
477 3352 616 3412 Ecclesiae
627 3354 793 3413 auctoritate
808 3355 952 3428 sciscitur3
969 3356 1132 3415 vocaturci·

93 3437 169 3510 vilis,
187 3437 210 3496 si
222 3438 311 3498 fertur
325 3453 342 3494 a
356 3453 478 3510 persona
495 3438 608 3497 civilem
624 3439 848 3499 iurisdictionem
863 3441 994 3501 habente.

131 3523 257 3582 lemvero
277 3521 377 3582 ceteris
397 3523 524 3597 omissis,
547 3523 582 3583 de
597 3525 720 3584 naturali
741 3532 850 3584 tantum
867 3526 914 3585 liic
933 3526 1085 3600 loquamur,
1105 3529 1134 3585 et

94 3614 300 3683 consequenter
316 3609 351 3667 de
366 3613 495 3680 aeterna,
515 3624 587 3680 quac
603 3609 678 3668 illius
698 3611 914 3669 tundamentum
932 3617 975 3670 est
989 3617 1018 3670 et
1030 3611 1132 3685 priuci-

92 3691 183 3766 pium.
193 3693 362 3766 deprimam
372 3708 409 3752 au
421 3693 466 3751 lex
478 3693 565 3752 istaec
576 3695 713 3754 naturalis
725 3711 789 3754 vere
801 3694 831 3754 in
841 3696 956 3754 lromine
965 3697 1131 3771 reperiatur,

93 3777 334 3852 quemadmodum
347 3778 377 3838 in
393 3777 473 3838 titulo
486 3779 662 3854 propositum
677 3786 735 3856 cst,
753 3781 998 3856 investigabimus.

138 3956 150 4011 l
167 3956 215 4006 lib.
231 3957 263 4010 22
276 3965 357 4012 mtto
372 3965 487 4015 Facetum
503 3981 523 4013 c.
540 3963 582 4024 2⁷,
930 4036 937 4051 .

918 4052 939 4114 tt
