2767 4492
529 262 609 307 murs
627 262 769 311 struma
1117 246 1170 309 253

128 348 226 424 quirit.
242 348 318 406 llaec
333 349 429 407 autem
443 346 587 421 capacitas
607 346 638 405 in
652 352 717 405 ento
735 345 845 405 rationo
863 346 989 421 praedito
1008 347 1094 420 inest,
1112 347 1173 407 slve

126 449 190 493 mas
203 434 255 506 sit,
271 434 332 491 sire
347 433 487 492 ioemina.
512 432 692 490 Potissimum
713 446 781 491 vero
801 431 943 491 eiusmodi
960 433 1103 493 successio
1118 433 1173 491 loe:

126 518 271 577 minarum
291 516 496 577 inconveniens
514 516 571 575 dici
589 516 691 590 nequit
711 516 742 574 in
764 515 800 574 iis
815 515 993 588 gubernandi
1009 518 1124 591 lormis,
1140 518 1172 577 in

127 603 231 677 quibus
253 617 387 677 suprema
401 606 525 676 potestas
544 616 603 659 non
623 601 699 674 apud
715 600 874 675 principem
891 601 1012 675 residet,
1027 602 1078 661 sed
1096 602 1172 677 apud

126 688 242 747 comitia
256 688 398 761 quaedam
412 686 557 761 generalia
572 690 601 745 et
614 685 778 745 adiumento
786 686 914 761 plurium
928 691 1087 745 exercetur.

160 771 253 831 'lertio
262 772 422 831 observatio
436 772 489 844 sit,
505 770 582 831 bunc
591 772 709 830 modum
721 770 933 831 transmittendi
945 775 1110 843 potestatem
1120 786 1172 845 per

123 858 169 917 ius
190 857 420 929 haereditarium,
443 855 524 915 ralde
538 861 763 915 consentaneum
784 870 846 915 esse
867 853 943 913 bono
958 854 1057 913 sociali
1076 854 1172 914 multi·

122 940 192 1015 plici
203 940 323 1001 ratione.
340 941 410 1001 llam
423 940 562 1013 maiorem
572 940 757 999 stabilitatem
767 938 910 998 actoritati
925 937 1034 1010 tribuit,
1051 940 1171 1012 quaeat

125 1026 188 1085 eius
204 1026 375 1086 exercitium
398 1029 544 1098 tantopere
563 1024 727 1084 necessaria
746 1028 804 1098 est,
826 1022 936 1082 aditum
954 1022 1112 1098 praecludit
1128 1027 1171 1081 tu-

124 1110 264 1169 multibus
278 1124 312 1168 ac
325 1108 451 1183 partium
465 1108 581 1182 studiis,
598 1124 672 1183 iprae
690 1109 855 1168 societatem
882 1108 917 1167 ad
932 1112 1091 1166 extremam
1110 1122 1170 1180 per·

125 1195 231 1253 niciem
246 1194 387 1252 adducere
402 1193 508 1267 solent;
524 1193 664 1252 maiorem
679 1192 869 1253 reverentiam
890 1191 1012 1266 principi
1026 1190 1168 1266 conciliat,

124 1279 161 1340 ob
176 1278 282 1338 animm
295 1279 472 1338 nobilitatem
487 1284 517 1337 et
531 1276 681 1352 sanguinis
696 1278 890 1352 splendorem,
913 1282 973 1335 tum
992 1276 1054 1335 eius
1068 1277 1170 1335 educa·

17 1391 18 1398 1
123 1363 230 1421 tionem
237 1363 450 1424 accuratiorem
463 1363 570 1436 reddit,
596 1364 605 1421 i
609 1378 749 1436 psumquo
764 1362 875 1421 animos
881 1361 989 1435 iorem,
1000 1376 1033 1419 ac
1050 1361 1169 1435 diligen·

123 1448 227 1509 tiorem
235 1450 332 1522 eiticit,
345 1449 438 1524 quoad
447 1448 582 1508 socialem
592 1447 756 1507 felicitatem
768 1447 986 1522 procurandam,
998 1462 1065 1505 cum
1078 1446 1171 1506 sibiet

118 1534 249 1606 propriae
263 1533 389 1593 familiae
402 1538 538 1608 perpetuo
555 1532 738 1593 mniunclam
763 1531 972 1606 rempublicam
992 1535 1170 1591 contueatur.

162 1617 412 1685 tradendarum
426 1632 489 1677 mos
504 1616 716 1676 transmittendi
731 1621 896 1691 potestatem
910 1617 972 1675 iure
983 1614 1171 1676 haereditario

122 1700 228 1761 alicubi
242 1718 301 1761 non
315 1703 418 1775 uigeat,
431 1706 500 1761 tnnc
509 1701 647 1761 electione
663 1714 729 1759 eam
742 1701 865 1760 conlerri
879 1716 951 1775 opus
970 1706 1022 1761 est.
1034 1700 1108 1760 llaec
1122 1716 1170 1760 au·

122 1790 180 1845 tem
198 1786 322 1845 babetur
339 1800 415 1859 cum,
437 1784 567 1860 principe
586 1785 644 1844 rita
664 1784 782 1857 iuncto,
798 1784 957 1859 primores,
976 1788 1025 1843 aut
1037 1784 1167 1859 populos,

121 1875 170 1929 aut
189 1885 255 1944 pars
273 1870 386 1944 populi,
405 1870 452 1929 cui
475 1871 660 1930 commissum
679 1875 723 1929 est
743 1862 928 1944 sull'ragium,
950 1874 1058 1929 certam
1075 1884 1169 1944 perso-

120 1969 188 2012 nam
207 1956 366 2028 designant,
386 1969 472 2027 quam
493 1955 696 2027 gubernandae
715 1954 890 2028 reipublicae
908 1954 1040 2013 idoneam
1058 1960 1167 2028 putent,

120 2044 151 2097 et
167 2055 259 2113 quae,
280 2038 472 2112 acceptatione
491 2045 624 2111 peracta,
642 2052 756 2097 summo
775 2038 895 2112 imperio
915 2038 1053 2097 incuncta
1072 2054 1169 2097 cense-

121 2127 176 2181 tur.
195 2125 253 2181 llac
271 2124 302 2181 in
314 2138 347 2181 re
365 2138 423 2181 non
441 2122 518 2179 aliud
533 2122 688 2181 dicendum
707 2122 838 2196 occurrit,
860 2123 916 2182 nisi
935 2124 1089 2197 pessimam
1106 2140 1168 2183 esse

119 2206 298 2278 electionem,
314 2220 388 2279 quae
403 2204 495 2279 plebis
511 2209 621 2264 mutum
634 2205 742 2265 iudicio
758 2207 954 2266 committitur.
972 2210 1051 2283 Nam,
1070 2209 1106 2267 ad
1119 2208 1169 2268 ho·

119 2306 172 2349 uos
191 2288 369 2363 scientesque
389 2290 529 2362 homines,
546 2290 597 2363 qui
615 2289 791 2363 reipublicae
809 2290 1011 2367 gubernandae
1031 2294 1088 2366 apii
1100 2293 1166 2367 sint,

119 2369 283 2443 deligendos
312 2369 431 2429 scientia
449 2375 477 2428 ct
499 2369 650 2443 prudentia
676 2370 849 2443 requiritur,
872 2384 928 2443 qua
949 2370 1027 2443 plebs
1051 2387 1169 2445 prorsus

119 2455 245 2515 orbatur.
261 2456 428 2529 Praepterea
442 2454 523 2530 plebs
536 2455 627 2513 nimia
639 2454 730 2513 animi
742 2454 902 2513 mobilitate
917 2454 1027 2512 laborat
1041 2459 1069 2511 et
1083 2455 1166 2513 iacile

120 2540 272 2615 exponitur
286 2540 461 2615 deceptioni3
479 2546 540 2599 mm
554 2540 641 2599 etiam
658 2545 772 2614 propter
785 2539 922 2613 inopiam,
935 2554 992 2613 qua
1008 2551 1093 2610 saepe
1107 2552 1169 2611 pre·

119 2626 217 2699 mitur,
230 2625 389 2699 pericnlum
403 2632 496 2684 estne
509 2624 707 2698 largitionibus
725 2624 866 2683 alliciatur
882 2624 918 2683 ad
934 2621 1101 2695 suffragium
1118 2636 1169 2695 pro

119 2710 156 2771 iis
172 2710 332 2782 terendum,
349 2710 398 2783 qui
412 2708 510 2767 minus
525 2709 592 2781 eligi
607 2714 796 2769 mererentur.

158 2794 218 2851 til.
239 2792 401 2865 Postremo,
422 2791 574 2865 imperium
600 2792 709 2867 acquiri
730 2798 822 2866 potest
840 2793 903 2852 iure
923 2790 1066 2852 victoriae.
1089 2791 1168 2861 Quod

120 2884 153 2938 ut
167 2876 289 2950 eveniat,
299 2875 461 2951 exposcitur
474 2876 505 2933 in
515 2875 617 2949 primis
630 2882 663 2935 ut
675 2875 784 2936 bellum
799 2880 873 2939 iuste
889 2882 1052 2951 susceptum
1063 2875 1108 2934 sit.
1123 2876 1168 2934 Se·

119 2978 171 3023 cos
188 2961 335 3036 potestatis
353 2959 499 3034 occupatio
516 2960 663 3019 latmcinio
684 2963 915 3035 comparabitur,
932 2968 960 3021 ct
980 2962 1094 3019 invasor
1108 2974 1166 3017 non

119 3047 254 3122 princeps
269 3045 318 3104 sed
334 3049 484 3118 usurpator
497 3045 656 3103 censendus
667 3046 730 3104 erit.
747 3046 853 3105 Deinde
866 3061 983 3111 necesse
998 3048 1060 3114 est,
1076 3048 1108 3102 ut
1123 3058 1167 3101 so·

119 3132 200 3193 cialis
215 3130 405 3205 tranquillitas
418 3130 542 3190 victricis
556 3130 658 3204 gentis,
671 3136 721 3189 aut
738 3131 859 3191 aliarum
873 3132 1006 3190 cilinium
1020 3128 1166 3189 nationum

118 3230 220 3289 reapse
233 3216 361 3289 requirat
379 3216 566 3275 mutationem
580 3214 729 3287 numinis
750 3220 800 3273 aut
818 3215 957 3275 iacturam
972 3212 1166 3286 independen-

119 3301 175 3360 tiac
189 3299 307 3374 popuii,
323 3299 373 3374 qui
389 3300 555 3359 debellatur.
577 3300 663 3358 secus
683 3300 808 3358 iustitiae
827 3315 845 3357 a
865 3300 971 3358 victore
986 3298 1164 3370 laederetur,

116 3386 167 3461 qui
186 3384 301 3445 nonnisi
315 3384 351 3442 ad
369 3385 540 3443 damnorum
558 3384 768 3458 reparationem
786 3384 974 3457 exigendam,
992 3398 1026 3441 ac
1044 3393 1167 3455 menam

119 3469 285 3544 promerito
300 3469 400 3543 culpae
414 3468 497 3527 victis
512 3469 698 3542 infligendam
714 3469 760 3527 ius
775 3469 909 3543 possidet.
922 3469 1082 3541 Numquam
1097 3480 1165 3524 vero

119 3554 253 3614 facultate
270 3553 374 3627 gaudet
394 3552 553 3628 principem
573 3568 589 3611 e
610 3552 736 3625 legitimo
756 3552 825 3611 solio
843 3551 1013 3611 deturbandi
1031 3558 1081 3609 aut
1094 3550 1167 3609 inte·

118 3654 200 3711 mam
214 3639 360 3699 nationem
374 3638 491 3697 alterim
509 3637 611 3696 ditioni
629 3638 802 3697 subiiciendi
821 3638 916 3713 (quod
927 3636 1052 3711 speciem
1067 3650 1165 3709 quam·

120 3722 187 3781 dam
201 3725 300 3782 mortis
314 3723 401 3782 veluti
416 3720 528 3781 socialis
545 3722 737 3797 praesefert),
755 3722 810 3782 nisi
825 3723 854 3782 id
872 3721 994 3797 postulet
1012 3722 1084 3781 ratio
1098 3736 1163 3796 poe-

122 3820 196 3878 nae,
213 3814 263 3866 aut
276 3807 413 3868 securitas
425 3806 684 3881 eorumgentium,
700 3822 773 3895 quae
785 3806 889 3879 iniuste
903 3806 997 3877 labile
1016 3810 1091 3873 suot.
1108 3804 1164 3891 Sed

122 3888 159 3953 de
172 3888 226 3954 trac
243 3906 275 3955 rc
289 3891 360 3955 alias
374 3906 467 3959 mrmo
480 3889 596 3961 redibit.
