2767 4492
529 316 604 366 rsus
617 317 738 366 murus
1114 303 1151 368 ii

92 401 330 479 supernaturali,
341 417 427 477 quem
441 402 608 462 veritubbus
622 400 755 462 revelatis
768 405 956 475 praestamus,
972 401 1153 475 quemadmc

91 487 163 547 dum
179 487 325 562 Theolcgi
338 489 401 547 inse
415 487 568 561 explicant.

421 699 423 704 ι
444 655 609 717 soluatur
622 655 815 730 diffimtttctss.

123 827 173 888 36.
193 829 234 887 st
255 825 336 886 enim
353 831 453 885 coutm
474 826 601 886 diversos
617 825 724 900 gradus
745 825 942 899 certitudinis,
961 839 1035 900 quos
1054 824 1151 886 stabi-

86 926 177 978 mus.
197 913 249 972 sic
265 912 336 972 iorte
350 912 486 970 obiicies:
503 912 643 970 certitudo
658 911 777 984 quaevis
790 911 844 968 sita
857 917 900 970 est
915 911 946 969 in
964 910 1149 983 indivisibili,

85 1011 202 1070 nempe
219 997 259 1056 in
274 1009 354 1054 mera
371 995 557 1054 dubitationis
575 995 713 1053 carentia.
729 995 812 1066 dtqui
824 1010 897 1067 quac
911 1001 979 1054 sunt
992 994 1148 1066 eiusmodi,

85 1080 204 1152 gradus
221 1079 321 1138 nullos
335 1079 495 1151 includunt,
512 1086 597 1152 atque
611 1079 674 1136 ideo
688 1094 780 1137 uuum
794 1078 832 1136 ab
845 1079 900 1139 alio
914 1080 1043 1154 superari
1062 1079 1150 1136 mini·

84 1177 135 1222 me
160 1169 278 1238 potest.
294 1163 365 1237 Ergo
380 1163 519 1236 certitudo
532 1163 564 1221 in
580 1162 709 1235 qualibet
723 1162 841 1220 veritae
854 1163 931 1222 idem
944 1165 1031 1223 robur
1045 1163 1149 1236 babet,

83 1261 143 1306 nec
157 1263 230 1308 uua
248 1247 329 1306 alteri
344 1250 479 1321 praescit.

123 1331 359 1404 Respondemus
372 1328 574 1401 distinguendo
587 1328 748 1386 maioreru:
762 1328 903 1388 certitudo
916 1331 1035 1402 quaevis
1047 1331 1101 1390 sita
1110 1336 1155 1388 cst

81 1413 119 1472 in
134 1411 325 1472 indivisibili
337 1427 389 1470 seu
401 1413 432 1470 in
444 1423 522 1469 mera
532 1411 717 1468 dubitationis
730 1413 864 1478 carentia,
879 1415 971 1485 quoad
984 1419 1093 1486 partem
1107 1429 1154 1470 ne·

84 1495 237 1569 gativam
254 1501 281 1552 ct
293 1495 488 1554 exclusionem
508 1495 654 1567 deiectus,
674 1495 875 1566 macedimos;
896 1499 989 1568 quoad
1011 1496 1155 1568 periectio·

83 1593 164 1637 uem
183 1577 354 1652 positivam,
368 1594 405 1636 ex
418 1594 476 1652 qua
490 1579 539 1637 illa
552 1579 680 1637 exclusio
695 1580 823 1651 emergit,
839 1590 993 1654 amonius.
1008 1579 1155 1651 distinguo

84 1663 214 1736 pariter
233 1663 400 1735 minorem
414 1663 488 1736 quod
504 1668 545 1733 est
562 1663 716 1736 eiusmodi,
735 1664 808 1722 idest
822 1664 847 1722 si
863 1663 956 1737 quoad
976 1677 1092 1721 omnem
1109 1662 1155 1722 sui

87 1753 214 1820 partam
226 1746 260 1805 in
270 1762 349 1806 mera
358 1748 508 1822 negatione
519 1755 650 1822 ponetur,
659 1749 765 1822 gradus
774 1763 833 1808 non
846 1747 942 1821 babet,
953 1745 1152 1820 wcccdimm5

87 1845 192 1903 secus,
211 1847 371 1906 acquosus.

128 1915 325 1976 (lentitudinis
347 1917 495 1976 diversitas
510 1931 543 1975 ac
556 1918 642 1976 unlus
661 1917 835 1991 praestantia
849 1932 918 1992 prae
936 1917 1026 1974 altera
1045 1931 1104 1975 non
1121 1917 1152 1976 in

89 1999 177 2059 dubii
197 2001 360 2068 vacuitate,
376 2001 473 2060 sedin
489 2002 609 2075 positiva
624 2003 796 2075 perfectione
810 2001 991 2060 adhaesionis
1012 2015 1047 2059 aa
1062 2000 1152 2059 varie·

94 2089 153 2142 tate
176 2085 285 2144 motivi
302 2085 439 2144 trahentis
453 2085 489 2142 ad
504 2101 652 2144 assensum
667 2086 823 2159 reponitur.
840 2086 919 2152 Quod
933 2099 1001 2144 cum
1014 2085 1153 2158 explana·

93 2175 157 2228 tum
175 2173 218 2230 sit
231 2171 314 2244 satis,
330 2171 378 2228 bic
395 2171 486 2230 {usius
500 2171 649 2244 explanari
664 2187 722 2230 non
737 2177 810 2245 eget.

129 2255 282 2314 instabis:
304 2254 410 2313 Saltem
428 2256 566 2314 certitudo
583 2255 661 2314 Fidei
679 2255 842 2315 certitudini
856 2256 980 2314 nabrrali
998 2271 1056 2314 non
1074 2269 1162 2328 prae·

94 2342 162 2410 stat,
180 2340 237 2398 sed
254 2339 347 2413 potius
362 2339 444 2397 cedit.
461 2339 532 2398 liam
546 2340 684 2398 certitudo
700 2341 837 2398 naturalis
851 2347 894 2399 cst
907 2340 1047 2398 eiusmodi
1062 2344 1094 2396 ut
1110 2339 1154 2395 in·

93 2422 171 2482 vitos
187 2425 282 2482 etiam
299 2429 395 2496 cogat3
412 2431 511 2482 contra
525 2439 591 2482 veru
606 2423 687 2504 Fides
701 2425 816 2482 nonnisi
832 2425 958 2483 volentes
971 2422 1092 2478 inducit.

132 2507 222 2582 Resp.
244 2507 417 2582 Distinprsc:
433 2507 537 2566 invitos
555 2507 641 2566 etiam
655 2508 750 2581 cogit,
766 2523 854 2567 causa
872 2505 990 2566 maioris
1011 2503 1155 2564 firmitatis

95 2603 190 2664 ccgc,·
210 2607 302 2650 causa
316 2593 476 2651 evidentiae
491 2607 548 2665 qua
565 2592 677 2658 fruitur,
693 2592 822 2650 conmdo.

132 2674 208 2733 Cum
223 2689 309 2734 mens
324 2676 442 2734 iacmtas
456 2677 494 2734 sit
507 2677 677 2748 necessarie,
690 2690 708 2732 a
720 2689 787 2732 vero
799 2676 944 2734 evidenter
955 2673 1099 2748 proposito
1109 2687 1153 2730 as

98 2772 221 2818 sensum
246 2760 379 2818 cohibere
399 2773 457 2818 uon
475 2765 584 2832 potest3
601 2759 688 2831 idque
702 2760 728 2816 si
743 2759 866 2830 faceret,
884 2760 943 2817 iam
958 2774 975 2815 a
990 2759 1032 2816 sui
1053 2762 1156 2814 natura

100 2841 288 2902 descisceret.
303 2843 413 2914 Combe,
425 2841 476 2900 ubi
491 2843 633 2900 evidentia
647 2843 737 2909 deest,
753 2841 879 2897 medium
893 2841 1071 2896 desiderabit
1080 2837 1157 2908 quod

98 2927 207 2985 ordine
231 2933 352 2983 naturae
373 2925 509 2982 idoneum
523 2925 561 2982 sit
575 2924 611 2981 ed
628 2921 789 2980 intellectus
808 2921 1036 2991 extorquendam
1055 2919 1157 2974 adilae

101 3011 232 3068 sionem.
250 3008 291 3066 Ex
306 3023 362 3078 quo
380 3008 517 3076 edicitur,
530 3013 563 3063 ut
576 3006 680 3062 veritas
700 3003 839 3059 naturalis
856 3002 1003 3060 evidenter
1017 3015 1158 3074 apparens

99 3096 238 3150 mentem
252 3089 348 3160 adigat
361 3089 398 3144 ed
413 3101 575 3158 assensum,
592 3101 649 3142 non
662 3085 703 3141 ita
716 3083 820 3142 verius
834 3084 1067 3159 supematuralis,
1084 3097 1158 3157 quae
1247 3101 1253 3108 ·
1307 3074 1312 3082 ’

100 3175 154 3233 liei
171 3173 297 3232 obscure
314 3170 467 3230 revelantis
484 3169 646 3229 testimonio
661 3168 804 3228 fulciatur.
821 3173 854 3229 st
867 3172 934 3229 binc
948 3185 1006 3228 non
1021 3169 1098 3227 aliud
1116 3168 1158 3226 in-

103 3259 216 3330 fertur,
233 3257 290 3316 uisi
313 3257 438 3331 priorem
457 3269 606 3314 assensum
624 3269 686 3314 esse
702 3255 912 3328 necessarium,
929 3260 1025 3329 utpote
1043 3253 1158 3312 eviden-

105 3345 185 3414 tem,
202 3341 327 3402 alterum
342 3355 408 3400 vero
423 3341 544 3400 liberum
559 3346 655 3415 utpote
669 3339 812 3400 evidentia
828 3340 969 3400 orbatum.
987 3340 1041 3400 llos
1060 3344 1156 3397 autem

106 3427 314 3496 praestantiam
333 3427 410 3485 lidei
427 3441 497 3502 prae
516 3426 684 3486 certitudine
705 3427 829 3484 naturali
848 3440 906 3483 nou
921 3440 958 3483 ex
972 3424 1115 3483 avidentia
1129 3427 1158 3482 et

107 3510 278 3569 necessitate
293 3526 442 3585 assensus,
459 3511 507 3570 sed
525 3527 542 3569 a
557 3511 705 3570 nobilitate
720 3510 838 3568 luminis
855 3507 1087 3582 scpematcralis,
1100 3522 1156 3580 quo

105 3605 192 3662 ‚mens
211 3595 375 3665 instruitur,
391 3603 474 3670 atque
490 3596 527 3654 ab
541 3595 710 3654 excellentia
722 3594 823 3653 motivi
837 3593 1061 3673 desumpsimus3
1082 3607 1155 3664 quae

111 3682 186 3736 certe
196 3679 305 3738 affatim
317 3680 530 3754 praestabiliora
544 3695 607 3738 esse
622 3680 654 3738 in
669 3679 737 3740 vide
752 3691 840 3753 quam
855 3677 886 3738 in
900 3678 1022 3738 scientia
1032 3675 1157 3736 naturali

111 3771 207 3840 nemo,
223 3763 280 3826 nisi
293 3779 403 3841 amens,
420 3764 605 3828 inficiabitur.
