2767 4492
248 324 302 395 rat
580 309 966 383 maraenxsmacnnnmms

247 425 363 500 qnidam
375 422 501 499 partium
511 421 689 480 diversarum
704 426 764 480 tnm
776 419 849 480 inter
859 435 899 492 se,
908 425 968 478 tum
978 421 1110 493 respectu
1120 419 1299 494 totins,quod

230 499 406 584 'perlectum
429 511 563 580 exurgat,
590 504 626 563 ad
643 503 886 578 pulchrlmdinem
905 503 1098 562 exhibendam
1117 507 1297 564 necessarius

247 593 365 652 omnino
386 591 509 652 ridentr.
529 588 636 648 Deinde
652 605 723 662 opus
738 594 796 662 est,
818 595 850 646 nt
864 587 1014 666 harmonia
1026 587 1097 646 baec
1117 593 1183 646 actu
1198 604 1215 646 a
1229 604 1297 648 con-

249 678 402 753 templante
413 674 679 747 comprehendatur,
693 679 721 730 et
732 672 968 746 contemplatione
979 673 1042 746 ipsa
1050 673 1208 732 intuentem
1219 673 1297 732 oble-

247 767 315 822 ctet.
331 763 389 821 lloc
403 761 480 819 enim
495 759 623 817 maxime
638 757 734 816 differt
747 758 899 832 pulchrum
914 773 932 816 a
946 757 1030 830 bono,
1047 757 1122 830 qnod
1133 757 1240 816 bonnm
1254 773 1297 816 as-

248 846 330 921 sequi
345 844 486 919 cupimus,
498 843 651 917 pulchrum
662 847 759 902 antem
774 843 901 902 contueri
911 861 918 916 3
930 857 983 900 nac
998 842 1060 900 eins
1070 856 1156 900 nsum
1170 847 1220 900 aut
1234 842 1299 900 ade·

247 932 392 1006 ptionem,
408 930 459 988 aod
482 927 751 1002 contemplationem
765 928 914 986 dumtaxat
932 941 1050 985 avemus
1072 926 1101 984 in
1127 941 1217 1000 eaque
1233 942 1297 985 sna-

246 1015 321 1074 viter
334 1012 564 1087 conquiescimus
580 1014 604 1069 l.
626 1013 672 1071 Sic
686 1012 799 1070 caelum
813 1012 955 1071 sideribus
973 1019 1105 1070 ornatum
1120 1011 1297 1070 distinctum-

248 1113 304 1173 que
319 1113 387 1157 cnm
400 1099 471 1156 torte
482 1112 534 1171 per
548 1096 652 1154 sudum
663 1096 844 1170 suspicimus,
861 1095 1014 1169 pulchrum
1029 1094 1220 1168 appellamus,
1237 1096 1297 1153 sola

248 1185 310 1244 eius
330 1181 482 1242 intuitione
507 1180 753 1247 contentionem
774 1180 980 1254 complacentia
999 1185 1027 1238 et
1044 1178 1193 1238 delectatio
1208 1195 1297 1252 quam

246 1265 468 1342 prdcbritudinis
489 1265 692 1340 perspicientia
707 1265 805 1336 affert,
819 1263 935 1322 nonnisi
950 1263 986 1320 ad
1005 1262 1193 1336 cognoscendi
1207 1262 1297 1321 lacul-

248 1356 336 1423 tatem
349 1350 486 1425 pertinet,
503 1364 556 1408 neo
571 1349 728 1422 quidquam
748 1362 900 1406 commune
914 1347 1018 1406 retinet
1033 1362 1099 1405 cnm
1114 1347 1296 1404 facultatibus

246 1435 411 1510 appetitivis
421 1433 536 1509 proprie
552 1434 645 1493 dictis.
663 1433 739 1500 Quae
750 1447 816 1491 cum
830 1433 871 1490 ita
883 1432 956 1506 sint,
972 1431 1154 1506 pulchritudo
1169 1430 1294 1489 describi

180 1529 185 1538 ·
245 1526 355 1595 posset:
372 1520 496 1579 varietm
509 1519 540 1577 in
556 1517 695 1576 unitatem
710 1517 796 1576 totins
811 1517 960 1576 cniusdam
973 1515 1092 1589 perlecti
1110 1516 1294 1589 conspirans,

246 1605 278 1664 in
291 1605 373 1663 cuius
388 1602 642 1676 comprehensione
657 1617 739 1660 mens
754 1601 946 1674 conquiescat.

182 1739 187 1747 .
284 1690 327 1748 19.
343 1688 490 1760 Facultas,
507 1702 565 1760 qua
579 1687 731 1761 pulchrum
746 1687 935 1746 discernimus
955 1690 1040 1760 atque
1055 1686 1225 1760 indicamus,
1243 1703 1297 1761 qo-

247 1772 494 1845 stnanominatnr3
510 1771 661 1844 desumpta
675 1772 842 1845 metaphora
856 1787 873 1829 a
886 1787 973 1830 sensu
987 1769 1045 1844 illo,
1059 1787 1114 1845 qno
1130 1772 1166 1829 ad
1181 1787 1297 1846 sapores

247 1855 500 1931 deprehendendos
519 1855 616 1914 donati
630 1871 740 1914 snmus.
764 1857 819 1915 Nec
835 1871 900 1914 vero
921 1855 957 1913 ab
972 1855 1149 1929 intelligendi
1163 1856 1298 1915 facultate

248 1941 442 2014 distinguitur,
454 1940 505 2000 sed
519 1940 620 1998 cadem
634 1945 719 2014 atque
734 1940 784 2000 illa
798 1945 850 2014 cst,
867 1945 951 2015 prout
965 1940 1109 2014 peculiare
1124 1941 1178 2000 hoc
1192 1956 1298 2000 munus

248 2030 362 2084 exercet
375 2029 404 2083 et
418 2024 574 2099 capacitate
587 2030 706 2084 ornatur
719 2026 859 2085 elusmodi
875 2025 1018 2099 pacidiare
1036 2024 1179 2084 obiectum
1194 2026 1297 2084 diiudi-

249 2108 342 2167 candi.
365 2108 438 2168 Eine
456 2114 499 2168 est
515 2121 549 2168 nt
566 2115 666 2184 gnatus
684 2111 778 2184 quoad
798 2111 923 2184 ahqucnr
941 2109 1106 2169 inferiorern
1124 2111 1245 2183 gradum
1267 2111 1298 2169 in
1333 2179 1340 2189 ,

248 2191 381 2252 omnibns
394 2193 559 2253 bominibus
572 2194 744 2267 inveniatur3
761 2200 790 2254 at
803 2193 897 2268 quoad
911 2193 1126 2267 exquisitiorem
1142 2195 1299 2268 quemdam

249 2293 365 2338 sensnm
386 2277 601 2352 abstrusiusque
623 2278 783 2352 iudicium,
799 2293 886 2354 saepe
906 2293 1044 2352 magnum
1065 2279 1198 2353 exquirat
1219 2279 1298 2352 lnge

258 2463 262 2470 '
293 2463 304 2508 1
322 2464 380 2511 Scite
393 2468 419 2510 ut
434 2463 565 2526 clientulis,
578 2465 690 2510 notatlroc
702 2463 974 2511 Pullarioinussicrions:
1002 2463 1210 2510 ebebellenenon
1224 2462 1301 2509 diletis

249 2559 258 2581 ι
278 2541 302 2585 ἰιι
318 2544 401 2601 quomo
418 2539 539 2602 effmmem,
555 2555 591 2586 me
608 2541 631 2585 in
646 2545 728 2602 quanto
743 2541 822 2587 reduto
837 2557 850 2585 o
866 2555 960 2602 oppress
971 2541 1126 2587 vivacemente.
1143 2541 1197 2586 Perd
1213 2539 1301 2600 quando

250 2635 258 2655 ·
278 2615 347 2661 ancira
363 2617 385 2661 io
401 2616 484 2677 capessi
495 2615 566 2678 (come
580 2617 671 2663 arriana
686 2615 777 2662 talvolta
793 2615 892 2676 nc’soqni
908 2617 947 2678 piri
962 2615 1061 2678 lippari)
1077 2615 1100 2660 (11
1114 2631 1193 2676 sequar
1206 2616 1230 2660 in
1245 2631 1301 2677 que-

250 2709 259 2730 ·
278 2689 381 2751 st'ore;o
396 2690 436 2737 che
452 2694 504 2753 perd
519 2694 547 2737 n‘e
563 2698 639 2754 questo
655 2692 711 2739 viole
728 2693 747 2738 si
764 2692 899 2738 nobilmonte
916 2707 1002 2754 emeno,
1019 2695 1047 2738 nd
1063 2691 1112 2753 qno'
1123 2692 1214 2752 preziosi
1228 2707 1302 2737 scom-

249 2785 258 2806 α
277 2766 405 2828 pertimenti
421 2765 444 2810 (11
460 2765 528 2829 fiori,
545 2769 574 2813 ud
588 2767 660 2829 quello
675 2772 746 2814 statue
761 2770 806 2814 cosi
820 2767 930 2828 leqqiedre
944 2767 1026 2814 lossero
1040 2766 1095 2812 altro
1111 2767 1151 2812 eho
1167 2782 1211 2812 una
1228 2767 1301 2828 impa-

247 2862 257 2883 ι
276 2846 359 2890 statura
375 2842 398 2887 di
414 2841 474 2890 larva
489 2849 593 2890 nodurne
600 2861 608 2908 3
626 2845 727 2908 tutavit,
744 2860 767 2891 so
781 2861 809 2891 no
822 2843 913 2890 durasse
922 2845 947 2892 in
958 2860 993 2890 me
1003 2843 1024 2890 la
1035 2849 1103 2889 stessi
1118 2843 1193 2891 riraca
1207 2857 1302 2905 appren-

246 2939 256 2960 ι
275 2919 356 2981 sione,
372 2917 524 2966 dnrerebbemi
539 2921 631 2966 insieme
644 2919 666 2964 lo
681 2925 749 2966 stesso
765 2921 859 2982 placere.
878 2919 896 2965 ll
913 2919 1025 2982 proclamo
1042 2919 1123 2965 tuttodl
1139 2918 1196 2964 nelle
1210 2917 1300 2980 foxole,

248 3014 257 3036 ι
276 2994 317 3039 che
331 2999 455 3040 raceontete
469 2994 497 3040 da
512 2996 633 3057 capressiro
648 2996 756 3059 scrittore,
769 3012 781 3039 o
792 2999 956 3058 rappreseutale
967 2995 993 3040 do
1005 2995 1092 3040 istrioni
1107 2994 1178 3055 aspari
1194 2993 1302 3039 dilettane

247 3089 257 3111 ι
276 3085 318 3115 con
328 3069 350 3116 le
360 3069 453 3116 bellem
466 3069 522 3133 loro,
539 3071 622 3117 teneto
636 3071 692 3118 altro
708 3073 731 3118 di
746 3075 777 3134 ab,
795 3071 834 3118 che
848 3072 869 3118 lo
885 3072 956 3135 prima
970 3072 1124 3133 apprensione,
1143 3085 1187 3123 non
1204 3069 1304 3115 introdu-

248 3166 257 3186 ·
276 3161 332 3191 cano
345 3145 369 3191 in
385 3146 423 3191 noi
437 3146 480 3191 ben
496 3147 549 3192 certi
564 3145 622 3193 della
636 3147 670 3194 lor
684 3147 765 3211 instet,
783 3163 844 3195 come
861 3147 880 3193 si
892 3151 904 3193 ὸ
914 3147 1050 3193 dimostrato.
1068 3149 1094 3209 E,
1112 3147 1191 3209 [ιιι-(11
1204 3145 1302 3192 l’orehio

249 3239 257 3261 ι
278 3236 291 3263 o
306 3220 336 3280 pli
351 3221 402 3266 altri
423 3222 482 3268 sensi
498 3237 542 3268 non
558 3237 635 3268 errem
650 3224 710 3286 mai,
727 3222 789 3270 nulle
805 3225 848 3270 assi
864 3223 1019 3287 allermendo,
1036 3223 1076 3270 cllo
1092 3223 1115 3267 in
1130 3223 1182 3284 ogni
1204 3221 1303 3282 ingenuo

249 3314 258 3336 ι
277 3294 422 3356 d'epperenza
436 3312 482 3343 non
496 3299 550 3343 reati
564 3314 624 3361 vero,
637 3313 697 3345 eonio
711 3299 753 3344 ieri
770 3315 798 3345 no
813 3299 912 3346 dichiarb
927 3300 942 3345 il
959 3301 983 3345 P.
1001 3299 1101 3360 Andrea3
1116 3314 1128 3344 e
1142 3298 1164 3344 le
1178 3299 1250 3359 prima
1264 3314 1302 3360 ap·

248 3390 257 3412 ι
276 3371 395 3433 pransione
408 3388 453 3418 non
468 3375 481 3418 d
495 3388 574 3436 cepere
589 3376 617 3418 nd
632 3373 654 3418 di
668 3373 737 3420 veriti
753 3376 781 3420 nb
797 3374 820 3420 (11
835 3390 908 3420 erroro
923 3374 1054 3438 (supponpo
1070 3375 1103 3420 oid
1118 3373 1213 3420 serendo
1227 3373 1249 3418 1ιι
1263 3373 1303 3434 piri

248 3467 257 3489 ι
277 3461 370 3492 comune
384 3448 450 3509 epid
464 3464 515 3496 rara
530 3447 649 3511 filosofie);
664 3451 718 3511 perd
733 3448 794 3496 nulla
809 3450 877 3498 rilera
891 3450 911 3495 al
926 3451 1091 3511 raqlreqpistore
1103 3449 1138 3496 del
1149 3449 1206 3495 bollo
1217 3464 1256 3510 per
1266 3464 1302 3494 re·

249 3543 258 3564 ι
277 3522 351 3569 ridear
365 3523 387 3568 le
402 3539 441 3569 sue
455 3525 587 3586 cognitioni,
601 3523 641 3570 obe
651 3523 755 3585 l'ogqctto
768 3525 796 3570 da
807 3526 839 3570 lni
850 3541 942 3587 appreso
956 3527 988 3571 sia
1002 3543 1015 3572 o
1030 3542 1074 3572 non
1092 3525 1124 3571 sia
1139 3525 1162 3570 di
1176 3525 1239 3586 fatto,
1251 3521 1303 3585 qual

248 3617 257 3638 ι
277 3599 297 3642 ei
312 3598 439 3645 nell’enimo
453 3617 477 3645 se
487 3599 502 3644 ⁷l
514 3599 591 3661 lipom.
608 3599 651 3645 Cho
665 3599 728 3660 s’egli
744 3617 784 3662 per
799 3615 844 3646 una
858 3601 901 3647 talo
916 3601 1000 3648 risione
1015 3618 1027 3646 o
1042 3603 1141 3662 vigorosa
1155 3599 1304 3662 apprenaione

247 3692 257 3713 ι
276 3671 380 3719 s'iodnce
394 3691 407 3720 e
421 3675 519 3721 atimsrlo
533 3680 635 3739 presente
650 3691 690 3722 con
708 3691 738 3722 nn
754 3681 798 3722 atto
814 3676 836 3722 di
851 3677 961 3740 gladiale,
978 3677 994 3722 il
1008 3683 1071 3738 puato
1085 3675 1220 3723 nondimeno
1245 3673 1303 3718 dello

248 3767 258 3791 ι
277 3746 369 3794 bellem
383 3764 427 3796 oon
445 3765 507 3811 sorge
522 3751 550 3797 de
566 3753 612 3797 cosi
626 3750 680 3797 fatto
696 3751 807 3816 poditio,
825 3767 861 3800 rna
874 3753 902 3798 da
917 3752 989 3814 qrrella
1004 3754 1060 3800 rista
1072 3767 1109 3816 ,·o
1123 3752 1150 3798 do
1166 3749 1239 3813 quelle
1254 3750 1304 3795 xire

248 3846 257 3868 ι
276 3825 435 3890 oppansione,
450 3825 473 3872 le
487 3827 551 3889 quale
566 3827 671 3889 potrebbe
685 3832 755 3874 tester
770 3829 794 3874 in
810 3830 845 3876 nol
853 3865 859 3892 ‚
876 3829 993 3876 emendato
1008 3843 1088 3877 ancora
1102 3827 1117 3873 l'
1130 3828 1227 3889 inqanno
1246 3823 1304 3871 della

247 3923 257 3948 ι
275 3901 390 3955 credere.
410 3923 419 3948 ι
440 3904 485 3953 net
499 3907 563 3954 Betae
576 3903 634 3952 libro
648 3904 672 3967 5,
689 3919 737 3967 rep.
755 3905 794 3952 55.
