2767 4492
207 260 245 324 52
647 270 810 317 assumaris

208 375 276 420 cum
290 357 395 420 iudicio
409 357 479 416 boni
492 353 608 416 moralis
622 368 775 414 commune
788 351 888 428 babet3
905 355 935 414 et
944 368 1039 429 saepe,
1050 354 1192 414 eiusmodi
1205 368 1255 414 cu·

136 470 139 477 ·
206 444 358 522 piditatum
373 441 496 502 tumultu
512 439 724 511 effervescente,
740 439 829 498 immo
844 438 933 498 etiam
945 437 1142 505 debacchante
1158 437 1254 512 (modo

154 565 159 572 ·
207 544 294 592 usum
308 527 426 589 rationis
441 541 499 585 non
513 523 640 597 adimat),
659 528 742 597 turpe
757 522 793 582 ab
808 523 927 583 honesto
948 523 1055 598 optime
1076 521 1255 582 discrimina·

206 629 288 693 mus;
305 612 359 672 etsi
372 610 444 672 illud
457 623 574 672 sensum
588 607 774 670 vehomenter
787 607 902 682 alliciat,
919 607 974 670 boc
987 607 1082 669 eidem
1100 621 1255 684 magnope-

210 713 242 760 re
256 698 418 756 reluctetur.

245 782 289 840 26.
307 783 369 840 lure
393 781 616 855 itaqueomnes,
634 771 693 854 'qui
715 779 750 838 de
765 779 905 854 sapientia
918 778 993 838 bene
1006 777 1102 840 meriti
1123 781 1199 851 sunt,
1223 777 1256 837 in

211 865 325 926 entibus
339 865 398 925 solo
412 880 498 925 sensu
511 863 648 939 praeditis
667 862 813 922 notionem
827 863 896 922 boni
908 863 955 922 vel
966 863 1038 936 mali
1059 862 1175 921 moralis
1193 861 1256 920 nul·

209 950 268 1028 lam
291 948 391 1008 baberi
404 964 488 1023 posse
500 949 678 1019 vdocuerunt3
696 947 839 1021 siquidem
853 946 884 1006 in
898 947 956 1006 illis
974 948 1051 1007 notio
1065 945 1211 1006 relationis
1227 950 1257 1004 ct

210 1031 326 1105 ordinis,
343 1047 417 1107 quae
429 1031 508 1090 ideas
523 1030 670 1105 generales
686 1030 822 1105 exquirit,
834 1030 1004 1090 nullainest.
1018 1032 1119 1100 Quare,
1131 1030 1256 1088 rumbo

209 1131 257 1178 mo
272 1117 314 1190 (ut
328 1115 503 1176 conscientie
517 1115 621 1190 coique
639 1115 720 1174 testis
734 1116 786 1186 cst)
804 1114 987 1188 generalibus
1007 1114 1080 1173 ideis
1101 1115 1258 1173 instructus

212 1200 249 1262 sit
263 1206 291 1259 et
305 1200 450 1259 evidenter
461 1200 612 1259 honestum
626 1214 644 1256 a
659 1198 736 1273 turpi
750 1197 915 1272 distinguat;
926 1197 1054 1272 ‚cognitio
1064 1196 1204 1257 eiusmodi
1220 1197 1258 1255 ad

211 1285 340 1344 animum
355 1291 466 1344 ‘tantum
482 1284 600 1359 eiusque
614 1284 776 1358 spirituales
787 1284 935 1343 facultates
949 1279 1099 1343 referenda
1113 1288 1164 1342 est.
1186 1283 1257 1341 Sen-

210 1385 261 1450 sus
276 1375 372 1428 autem
397 1373 425 1428 et
446 1384 554 1443 organa
568 1368 694 1443 corporis
718 1368 835 1427 nonnisi
851 1366 1011 1426 administri
1032 1374 1061 1427 et
1082 1365 1259 1426 conditiones

211 1455 361 1528 quaedam,
377 1470 429 1528 pro
443 1453 586 1527 praesenti
601 1453 756 1512 iunctionis
780 1457 865 1526 statu,
886 1451 923 1510 ad
942 1452 1132 1511 evolutionem
1155 1449 1258 1510 intelli·

214 1538 326 1611 gantiae
346 1537 499 1612 requisitae
514 1537 579 1595 duci
599 1537 713 1594 debent.

246 1621 291 1679 at.
304 1622 361 1679 lioc
377 1621 467 1694 primo
483 1635 578 1678 errore
594 1619 748 1686 declinato,
765 1619 839 1679 alius
860 1619 948 1679 ctiam
971 1619 1103 1694 scopulus
1123 1618 1259 1678 vitandus

213 1709 265 1764 est.
281 1705 351 1763 Nam
366 1705 535 1776 Hutcbeson,
556 1703 606 1777 qui
622 1705 734 1762 Scotiae
753 1705 865 1762 scholae
880 1705 974 1779 prima
982 1704 1049 1762 iecit
1059 1703 1256 1775 fundamenta,

214 1788 251 1848 ad
265 1788 410 1846 notionem
423 1787 492 1845 boni
508 1787 624 1845 moralis
640 1787 670 1846 in
682 1804 734 1848 nos
750 1788 956 1860 inducendam,
972 1789 1136 1846 facultatem
1160 1802 1259 1861 quam-

214 1872 281 1929 dam
303 1871 394 1944 fingit,
411 1887 497 1944 quam
511 1871 572 1944 ipse
587 1887 704 1930 sensum
719 1872 857 1931 momlem
871 1887 984 1947 quoquc
998 1871 1138 1945 appellat,
1152 1871 1205 1929 etsi
1224 1871 1261 1929 si·

214 1955 558 2030 gollicationeasensistis
573 1956 656 2026 longe
669 1957 782 2015 divorsa
798 1958 822 2014 ⁴.
839 1957 909 2015 Nam
924 1955 1063 2016 eiusmodi
1084 1971 1185 2014 sensus
1198 1971 1260 2013 mo

213 2039 282 2097 ralis
297 2039 377 2098 iusta
391 2039 483 2112 ipsum
500 2039 536 2098 ab
552 2040 739 2114 intelligentia
753 2042 904 2100 atratinus
926 2041 1041 2114 quidem
1058 2039 1257 2114 distinguitur,

214 2129 244 2183 at
257 2139 314 2182 non
330 2123 508 2182 consimilem
518 2125 567 2184 sed
578 2127 660 2200 longo
676 2127 911 2199 praestantiorem
921 2133 1051 2185 naturam
1062 2127 1162 2201 babet,
1173 2141 1261 2198 quam

214 2223 315 2268 sensus
330 2207 519 2281 communiter
533 2209 635 2268 dictus.
653 2210 757 2269 Ceteris
771 2211 848 2270 enim
863 2211 1047 2270 facultatibus
1065 2211 1198 2271 omnibus
1217 2210 1261 2268 di·

218 2291 314 2350 vinior
329 2296 381 2365 est,
404 2296 547 2366 totamque
565 2294 690 2354 bominis
716 2295 802 2354 vitam
817 2311 951 2374 suprema
975 2297 1099 2370 quadam
1126 2301 1263 2370 potestate

213 2377 385 2435 moderatur.
401 2375 472 2434 Huic
487 2379 642 2436 sententiae
658 2379 807 2452 suffragari
828 2379 940 2452 videtur
954 2380 1013 2438 fere
1038 2381 1172 2439 universa
1197 2380 1261 2437 Sco

215 2461 270 2520 tiae
286 2460 391 2532 schola;
412 2475 485 2534 quae
499 2467 531 2518 ut
549 2461 579 2519 in
589 2462 801 2536 metaphysica,
819 2463 860 2520 sic
876 2465 963 2522 etiam
983 2464 1014 2522 in
1037 2464 1139 2523 morali
1160 2462 1262 2522 instin-

214 2549 292 2606 ctum
306 2545 459 2620 quemdam
473 2560 591 2604 caecum
605 2547 641 2604 ad
655 2546 842 2606 iudicandum
851 2547 987 2607 obtrudit.
1000 2548 1091 2616 Quare
1101 2563 1153 2622 per
1168 2547 1263 2621 ipsam
1311 2613 1318 2622 ,

215 2629 320 2688 iudicia
339 2629 462 2703 practica
477 2629 553 2689 circa
564 2630 673 2689 bonum
687 2636 717 2688 et
730 2631 839 2690 malum
854 2632 962 2726 morale
976 2647 1034 2691 non
1055 2631 1262 2703 intelligentiae

215 2721 244 2772 et
257 2714 371 2786 rationi,
388 2713 538 2774 relationes
552 2729 650 2774 rerum
661 2715 868 2789 detegentibus,
885 2716 1089 2792 attribuuntur,
1109 2714 1160 2773 sed
1174 2729 1264 2786 pecu-

217 2797 284 2857 liari
296 2799 410 2857 cuidam
425 2798 553 2856 facultati
568 2799 681 2873 dautur,
705 2817 743 2859 ex
752 2801 941 2875 propensione
960 2806 1071 2860 tantum
1093 2804 1213 2857 naturae
1235 2805 1266 2858 et

215 2895 300 2940 caeco
315 2883 439 2955 quodam
453 2883 563 2956 impetu
580 2885 725 2959 operanti3
738 2900 811 2961 quae
819 2885 938 2960 proinde
947 2900 1049 2946 sensus
1058 2883 1175 2944 moralis
1188 2897 1264 2944 nun·

216 2970 344 3039 cupetur.

252 3049 355 3108 llerrrm
369 3051 414 3112 his
423 3053 606 3126 opinionibus
617 3056 749 3116 assentiri
758 3057 877 3116 minime
887 3073 1049 3132 possumus.
1060 3057 1169 3118 Revera
1183 3053 1264 3112 enim

216 3134 355 3193 iudicium
370 3135 438 3195 boni
452 3137 578 3211 moralis,
605 3141 716 3198 cumin
741 3141 878 3200 relatione
898 3141 1022 3216 quadam
1045 3138 1265 3199 internoscenda

217 3219 361 3293 consistat,
379 3227 460 3280 actus
484 3229 527 3280 est
551 3223 755 3298 intelligentiae
770 3225 910 3299 proprius,
933 3241 1006 3300 quae
1022 3223 1058 3284 a'd
1080 3239 1180 3283 verum
1206 3217 1266 3280 non

217 3304 302 3362 modo
318 3305 524 3378 speculativum
540 3308 589 3365 scd
605 3307 691 3367 etiam
702 3310 1033 3382 practicumdestinatur.
1047 3308 1161 3379 Quodsi
1176 3321 1266 3381 quan-

218 3386 311 3461 doque
325 3387 397 3446 baec
411 3390 510 3449 relatio
522 3392 618 3468 statim
628 3397 656 3450 et
670 3407 723 3466 per
737 3408 767 3451 se
777 3409 835 3453 non
845 3402 949 3469 pateat,
957 3394 1011 3454 ¹sed
1025 3392 1266 3468 quemadmodum

218 3478 312 3530 cetera
327 3471 449 3530 mediata
470 3473 576 3534 iudicia
599 3492 634 3534 eu
650 3475 738 3535 variis
760 3478 836 3537 inter
859 3495 890 3537 se
915 3480 1056 3552 gradatim
1081 3474 1266 3538 conferendis

215 3554 290 3614 ideis
307 3555 401 3630 detegi
414 3557 525 3630 debeat,
545 3564 610 3617 tnnc
624 3561 848 3622 ratiocinationis
864 3579 933 3623 usus
948 3563 1081 3634 occurrit,
1098 3577 1133 3621 ac
1146 3559 1268 3636 proinde
1370 3594 1382 3617 a

218 3636 268 3697 illa
283 3639 383 3698 notitia
396 3655 449 3714 ope
463 3641 582 3701 rationis
597 3645 817 3717 comparabitur.
839 3649 892 3716 Qui
911 3654 1008 3708 autem
1026 3653 1126 3706 contra
1147 3644 1267 3722 opinan-

265 3815 276 3866 t
294 3817 384 3870 eruo.
400 3797 485 3874 aaut.
501 3823 577 3874 emat.
595 3827 713 3890 ospes.
729 3825 769 3875 us.
788 3827 812 3876 t.
