2767 4492
683 267 702 309 s
745 265 811 309 roan

230 257 374 410 ¹2lsslrimus
389 350 486 423 itaque
504 266 746 423 philosophorutmfl,
767 345 816 420 qui
835 346 1048 420 scepticismum
1067 348 1193 420 apertius
1207 365 1271 425 pro·

226 435 319 494 fessus
333 439 384 508 est,
400 433 506 508 Pyrrho
520 432 643 491 habetur
658 434 683 504 t,
701 447 739 488 ex
753 445 808 504 quo
817 429 1024 504 pyrrhonismi
1033 433 1151 491 ductum
1166 439 1209 492 est
1223 450 1272 493 no-

225 533 304 578 men.
320 520 353 576 lit
367 518 496 576 omnium
510 517 636 576 maxime
660 515 848 589 scepticorum
866 529 982 574 causam
997 516 1153 576 scientifico
1178 517 1213 590 (si
1231 520 1273 578 ita

226 602 305 676 loqui
319 603 364 660 las
378 602 431 674 est)
446 605 584 674 apparatu
598 599 656 673 egit
669 599 745 657 inter
759 603 869 656 veteres
884 597 986 657 Sextus
1002 605 1188 672 cognomento
1208 602 1272 660 lim-

224 686 342 760 piricus,
360 685 434 744 inter
447 684 619 742 recentiores
633 697 700 742 vero
715 681 836 756 Baylins,
854 683 904 756 qui
919 683 1030 755 prolixe
1045 684 1184 743 refutatus
1198 691 1241 742 est
1255 702 1274 744 a

225 770 338 842 Gruaae,
354 783 420 828 cum
430 767 571 827 Petruade
580 766 758 839 llillemandy
769 765 886 824 Sextum
897 765 1071 839 Empiricnm
1086 766 1215 841 aliosque
1224 783 1274 826 an·

225 854 319 928 tiques
333 852 529 928 pyrrhonistaa
547 850 701 924 sumpserit
715 848 891 908 refellendos
906 849 958 916 Oui
972 852 1085 922 sequuti
1095 849 1270 924 auntscepti·

226 938 263 1012 ci,
279 938 311 996 hi
324 937 458 996 bifariam
472 935 646 994 dividuntur.
663 933 717 992 llil
732 932 810 990 enim
824 933 859 991 de
873 932 1007 1000 omnibus
1018 933 1273 993 omninoduhitan·

226 1023 296 1080 dum
312 1037 375 1080 esse
388 1020 546 1090 roluemnt3
564 1017 613 1077 alii
628 1023 724 1076 autern
738 1016 783 1076 uel
793 1017 828 1075 de
842 1016 928 1075 rebus
943 1021 1054 1076 tantum
1068 1032 1153 1076 sensu
1175 1031 1273 1092 perce·

226 1105 293 1179 ptis:
315 1105 361 1164 vel
380 1105 415 1162 de
435 1103 502 1161 solis
520 1102 638 1161 obiectis
662 1100 849 1174 naturalibus,
871 1101 995 1159 exclusis
1012 1101 1058 1174 iis,
1080 1116 1153 1174 quae
1176 1101 1274 1160 diviua

227 1187 393 1247 auctoritate
406 1188 566 1247 firmantur.
582 1187 638 1258 Age
653 1201 721 1243 vero
736 1184 804 1258 quid
819 1185 854 1242 de
869 1183 983 1258 capitali
1006 1185 1060 1243 hac
1074 1183 1273 1258 philosophiae

226 1270 300 1343 labe,
317 1271 509 1343 meoiudicio,
530 1268 756 1328 sentiendumsit
771 1267 911 1340 gradatim
927 1268 1063 1342 aperiam.

261 1353 306 1413 80.
326 1355 363 1412 Ac
381 1354 521 1428 principio
536 1352 653 1427 quidem
669 1351 714 1410 aio
734 1351 893 1426 perlectum
914 1351 1124 1428 scepticismnm
1144 1367 1181 1410 ex
1203 1367 1272 1411 vera

224 1437 314 1497 animi
329 1438 470 1497 sententia
483 1438 658 1496 chimaeram
677 1451 749 1509 ease,
773 1440 822 1493 aut
841 1439 917 1494 certe
936 1435 1078 1493 delirium.
1099 1435 1173 1494 Fieri
1191 1435 1269 1494 euim

224 1521 324 1596 nequit
337 1527 369 1581 ut
382 1523 456 1596 quis,
473 1523 542 1580 dum
555 1522 661 1580 mentis
674 1526 718 1579 est
732 1535 857 1594 compca,
873 1520 909 1578 de
925 1521 1059 1579 omnibns
1068 1521 1177 1580 sincere
1189 1520 1270 1579 dubi-

227 1612 274 1665 tet.
293 1607 362 1664 (ium
376 1606 454 1664 enim
478 1606 515 1663 ad
530 1603 657 1677 obiecta,
674 1620 748 1678 quae
764 1609 813 1662 aut
827 1603 989 1663 immediate
1008 1605 1045 1662 ab
1060 1604 1154 1678 aliqua
1169 1619 1272 1678 cogno

223 1689 321 1749 scendi
343 1688 477 1747 facultate
491 1687 697 1762 percipiuntur,
716 1693 765 1745 aut
779 1688 905 1760 legitima
923 1688 1139 1746 ratiocinatione
1158 1703 1196 1746 ex
1216 1687 1269 1746 im-

224 1774 347 1833 mediate
360 1772 502 1847 perceptis
516 1772 689 1844 derivantur,
706 1787 757 1845 pro
772 1773 856 1830 certis
870 1771 1002 1831 habenda
1020 1773 1050 1832 vi
1064 1777 1183 1831 naturae
1199 1771 1269 1830 inci·
1297 1795 1301 1800 ·

224 1864 326 1930 temur3
344 1872 406 1915 ease
423 1856 549 1930 prolecto
559 1870 618 1915 non
630 1861 722 1930 potest
735 1861 767 1913 ut
780 1857 815 1913 de
830 1855 875 1914 his
893 1871 976 1915 mena
994 1871 1064 1914 sana
1078 1855 1196 1914 dubitet.
1218 1856 1269 1914 Na-

225 1946 289 1999 tura
307 1941 385 1998 enim
399 1939 468 1998 exui
491 1939 599 2012 nequit,
615 1944 644 1998 et
658 1955 757 1998 omnes
782 1939 914 1998 adversos
928 1946 1056 2018 conatae,
1071 1939 1139 2013 quia
1152 1939 1182 1997 in
1207 1939 1270 2012 ipsa

226 2023 306 2082 nulla
320 2024 431 2082 ratione
445 2023 610 2095 tundantur,
627 2023 713 2097 plane
724 2030 847 2098 superat.
868 2048 878 2074 l
895 2024 1008 2082 Necesse
1022 2032 1062 2082 est
1077 2023 1123 2097 (ad
1132 2038 1194 2082 rem
1208 2023 1269 2081 Tul-

228 2130 240 2160 «
255 2107 322 2179 lius)
336 2115 370 2164 ut
382 2106 491 2165 liorem
501 2105 680 2180 ponderibus
692 2107 837 2182 impositis
851 2107 989 2183 deposui,
1005 2108 1050 2167 ito
1061 2107 1269 2181 onimomper·

222 2190 332 2265 spicuis
342 2190 438 2248 cedere
455 2192 480 2248 2.
499 2212 511 2240 a

260 2274 351 2342 Quare
363 2275 413 2348 qui
427 2274 585 2348 perlectum
599 2276 814 2349 sceptieismum
827 2277 1005 2351 profitentur,
1017 2275 1072 2350 ipsi
1081 2275 1196 2336 sibimet
1205 2291 1269 2337 con·

225 2359 365 2416 tradicant
378 2363 496 2431 oportet,
513 2364 541 2415 et
555 2358 621 2417 licet
635 2375 693 2418 uon
708 2361 804 2434 verbo,
821 2377 851 2420 re
868 2366 962 2420 tamen
974 2361 1126 2420 ostendunt
1137 2376 1168 2418 se
1183 2360 1269 2435 pluu'-

222 2443 298 2500 rima
316 2449 462 2516 tamquam
477 2447 554 2500 certa
565 2450 648 2515 atque
663 2443 782 2502 indubia
798 2444 955 2504 admittere.
972 2445 1044 2503 Eira
1059 2444 1175 2518 quidem
1189 2459 1266 2517 vera,

222 2543 318 2586 nonne
333 2528 492 2586 istiusmodi
508 2527 638 2586 homiues
651 2528 752 2586 usibus
768 2528 843 2586 vitae
859 2530 1019 2588 communis
1038 2534 1067 2589 et
1081 2529 1223 2587 humanae
1238 2544 1268 2586 se

225 2611 457 2669 accommodant?
465 2612 562 2670 Nonne
573 2612 636 2669 cibo
646 2613 726 2670 statis
741 2613 819 2671 horis
829 2614 1004 2687 reficiuntur,
1016 2629 1131 2672 somnos
1141 2612 1267 2687 capiunt,

225 2694 315 2753 vitant
329 2695 464 2769 pericula,
490 2695 603 2768 negotia
616 2697 797 2770 contrahunt,
814 2712 879 2756 cum
895 2696 958 2755 aliis
974 2697 1213 2770 sermocinantur,
1229 2697 1267 2755 lo·

223 2784 291 2836 cant
305 2779 349 2836 vel
363 2779 535 2852 conducunt,
556 2780 746 2839 valetudinem
765 2787 875 2852 curant,
892 2781 1059 2856 propulsant
1072 2780 1203 2852 iniurias,
1220 2781 1268 2838 da·

222 2877 323 2921 muum
338 2863 525 2922 inferentibus
539 2864 721 2924 irascuntur?
736 2865 879 2932 Quomodo
894 2867 964 2923 lraec
979 2865 1114 2937 lacerent,
1130 2863 1187 2922 nisi
1196 2865 1267 2922 mul-

222 2951 251 3004 ta
265 2948 312 3019 (ne
326 2947 419 3005 dicam
435 2947 596 3020 innumera)
612 2949 656 3006 vel
671 2948 792 3022 obiecta,
808 2950 853 3007 vel
868 2949 1019 3024 principia,
1032 2949 1077 3007 vel
1088 2947 1202 3006 criteria
1215 2961 1267 3020 pro

221 3031 306 3089 certis
324 3039 409 3105 atque
424 3032 601 3091 inconcussis
610 3033 769 3092 haberent?

257 3115 328 3173 Hinc
337 3116 372 3173 de
382 3116 426 3173 nis
441 3115 604 3174 hominibus
614 3117 862 3193 ridiculaprorsus
872 3124 1051 3193 enarrantur,
1063 3123 1095 3177 ut
1104 3120 1139 3179 de
1149 3119 1267 3195 Pyrrho·

223 3212 270 3269 ne,
287 3199 337 3270 qiu
354 3214 419 3257 cum
435 3199 577 3272 pollicitus
588 3209 662 3261 esset
676 3217 707 3260 se
722 3203 856 3277 deinceps
872 3204 902 3262 in
919 3205 966 3264 via
976 3218 1029 3263 nec
1043 3219 1131 3278 equos
1139 3219 1194 3263 nec
1205 3219 1267 3263 cur-

222 3296 273 3339 rus
291 3296 344 3338 nec
363 3283 421 3339 ulla
439 3286 616 3342 occurrentia
633 3286 760 3359 pericula
779 3287 943 3361 vitatmum;
968 3292 1062 3347 tamen
1081 3304 1148 3346 cum
1167 3288 1267 3347 rabido

223 3380 294 3424 cane
308 3365 501 3439 invaderetur,
518 3369 615 3441 lugam
629 3369 757 3443 arripuit.
776 3371 835 3437 Qua
849 3371 884 3428 de
899 3387 930 3428 re
945 3387 1010 3430 cnm
1025 3377 1122 3446 postea
1136 3372 1172 3430 ab
1197 3371 1268 3429 ami·

223 3450 264 3507 cia
274 3455 448 3524 argueretur,
464 3453 643 3524 respondisse
657 3452 756 3510 fertur:
773 3453 924 3526 difficilem
933 3464 1142 3515 assecutorem
1152 3471 1266 3523 emere,

221 3534 390 3594 mecedem
404 3542 511 3595 tomen.
529 3536 625 3594 Simile
644 3537 747 3595 accidit
756 3536 884 3611 iliodoro,
901 3538 951 3612 qari
965 3549 1074 3599 motum
1087 3540 1207 3600 localem
1221 3539 1269 3597 de

267 3719 280 3764 l
299 3717 349 3764 vid.
367 3720 458 3764 serron
474 3721 605 3768 Earrmcuu
622 3721 740 3782 lippetyp.
753 3719 792 3768 lib.
805 3721 830 3784 t,
841 3738 860 3768 c.
874 3722 897 3768 l.

268 3793 284 3842 2
300 3793 370 3843 leod.
386 3793 426 3852 lli.
442 3796 465 3842 ὅ.
