2767 4492
149 357 151 360 ¹
216 435 698 552 omrtrursrouu
726 360 1044 557 aenomaus

441 655 467 724 P
477 654 507 723 Α
517 654 546 722 R
558 653 580 722 S
613 652 638 720 T
650 651 676 720 E
688 651 715 721 R
728 652 754 720 T
765 651 780 720 Ι
790 651 819 718 Α

304 931 625 1068 duroman
656 973 956 1066 urrunnun

535 1179 711 1217 *⁴0⁸*-

443 1571 445 1575 ·
479 1542 612 1611 CAPUT
628 1541 787 1610 PRIMUM

382 1741 420 1786 DE
438 1741 617 1786 masuerum
635 1743 675 1785 ΕΤ
693 1741 817 1786 aarum
830 1741 879 1786 unt

145 1895 176 1953 ln
192 1897 248 1954 tres
263 1895 397 1956 articulos
412 1901 497 1970 caput
509 1897 563 1956 hoc
581 1897 730 1969 partimur.
747 1895 891 1967 Primum,
907 1893 958 1952 liei
972 1885 1153 1952 existentiam

109 1983 206 2038 contra
220 1981 317 2039 atheos
331 1981 555 2052 vindicabimus;
573 1979 685 2052 deinde,
705 1995 778 2052 quae
794 1979 856 2038 eiua
866 1984 969 2036 natura
983 1978 1021 2035 sit
1035 1992 1153 2050 perpen-

108 2062 218 2137 demus;
235 2071 385 2137 postremo,
397 2066 432 2124 de
443 2065 571 2124 eiusdem
586 2063 693 2122 unitate
705 2065 840 2122 aduersus
851 2062 1035 2136 polytheistaa
1046 2066 1074 2119 ct
1085 2062 1153 2120 dua·

108 2144 189 2202 listas
202 2146 339 2204 dicemus.
362 2147 438 2214 Quae
457 2153 514 2205 tres
527 2146 736 2204 controversiae
752 2152 846 2217 partes
861 2146 1019 2204 arctissimo
1034 2144 1108 2203 inter
1122 2159 1152 2202 aa

108 2226 222 2290 vinculo
241 2229 419 2302 colligantur.

472 2395 649 2458 'laricanus
665 2398 778 2464 Pmuns

392 2568 442 2628 Dei
456 2568 610 2630 existentia
628 2569 860 2628 demonstratur.

144 2732 204 2794 144.
221 2735 340 2796 Nomine
353 2737 403 2797 llci
419 2738 604 2813 intelligimus
623 2740 680 2798 llns
701 2739 844 2812 quoddam
864 2747 1030 2808 supremum
1050 2736 1078 2790 et
1092 2748 1151 2793 ma·

106 2817 239 2891 xlmam,
256 2823 331 2893 quod
346 2824 382 2880 ab
403 2823 536 2882 universa
557 2839 653 2881 rerum
674 2823 815 2879 factarum
836 2819 1001 2877 collectione
1021 2817 1150 2890 diderat,

105 2903 239 2975 quodque
252 2911 351 2977 suapte
366 2907 394 2962 vi
409 2912 438 2964 et
452 2906 581 2963 absoluta
590 2919 707 2977 prorsus
717 2903 886 2961 necessitate
896 2906 999 2959 exstet.
1014 2899 1154 2973 Einspor-

104 2999 138 3042 ro
153 2985 335 3043 existentiam
350 2987 487 3044 errabas
507 2988 645 3056 conditis,
663 3001 737 3058 quae
758 2992 874 3057 aspectu
893 2986 954 3056 ipso
972 2985 1151 3057 sentiuntur,

103 3067 266 3127 necessario
281 3069 380 3127 inferri
395 3069 524 3141 abunde,
541 3075 572 3128 ut
588 3069 720 3137 arbitror,
738 3070 769 3126 in
783 3068 959 3140 Cosmologia
972 3077 1153 3142 perspectum

1 3167 3 3174 ·
104 3157 165 3211 esta
181 3151 369 3210 Nihilominus
388 3160 502 3226 propter
522 3153 564 3212 rei
583 3151 753 3224 manitatem
772 3157 997 3210 consentaneum
1016 3151 1071 3210 erit
1089 3167 1153 3210 eam

103 3235 172 3307 hic,
187 3241 335 3309 tamquam
349 3237 463 3310 proprio
479 3237 557 3308 loco,
574 3235 740 3309 diligentins
756 3240 895 3307 tractare,
912 3241 941 3294 ct
958 3250 1032 3295 novo
1051 3233 1152 3292 robore

103 3319 288 3378 obfirmatam
304 3336 321 3379 a
335 3321 452 3395 perditis
467 3321 614 3380 atheorum
629 3320 778 3380 conatibus
797 3318 942 3379 uindicare
958 3322 982 3376 ⁴.
999 3321 1097 3390 Atque,
1114 3330 1151 3373 ne
1207 3355 1213 3372 .

151 3491 163 3535 l
183 3491 266 3538 Summi
284 3491 385 3539 Numinis
401 3489 514 3540 existentia
529 3493 569 3539 etsi
584 3509 623 3556 par
637 3508 660 3539 aa
675 3490 739 3538 aubia
760 3490 885 3538 immediata
905 3505 951 3536 non
971 3489 1106 3549 innotascat;
1122 3491 1155 3533 ta·

103 3581 156 3613 man
172 3565 231 3615 facili
248 3569 413 3616 ratiocinatione
432 3585 456 3616 er
474 3569 551 3632 primis
566 3569 680 3632 principiis
698 3583 737 3630 par
755 3583 779 3614 aa
796 3566 853 3612 notia
871 3567 903 3611 aio
919 3564 1052 3625 deducitur,
1071 3568 1096 3608 at
1116 3577 1145 3608 na
1172 3575 1175 3578 ⁴

103 3657 141 3688 ano
161 3642 252 3688 rationis
272 3659 359 3706 oompoa
380 3659 427 3692 aanr
447 3645 547 3706 ignorare
566 3661 630 3708 possa
650 3644 769 3704 uideatnr3
791 3656 922 3705 quamquam
942 3655 987 3686 non
1008 3637 1099 3685 scicntia
1126 3637 1155 3682 sit

102 3716 219 3780 arxcultna³
242 3717 280 3764 aad
297 3719 380 3766 trutina
399 3724 484 3766 tantum
505 3725 578 3766 utatur
599 3719 708 3782 populari.
732 3719 762 3764 Ea
783 3733 825 3780 qna
845 3717 949 3762 facilitate
968 3714 1066 3761 veritatis
1087 3712 1153 3759 huius

103 3793 285 3841 inter-noscendae
304 3794 423 3858 proiectum
443 3801 483 3859 aat,
505 3801 530 3842 nt
549 3797 619 3858 ipsam
637 3795 739 3842 nonnulli
753 3809 766 3840 a
781 3798 859 3839 natura
878 3791 1054 3838 animisnostris
1072 3787 1153 3835 inacul-

102 3873 167 3932 ptam
180 3875 245 3931 ΜΝ
259 3871 380 3932 insanitum
394 3871 503 3922 luerint.
516 3870 586 3927 Qnarc
601 3869 704 3920 atheiataa
718 3869 807 3932 quidem
820 3865 936 3932 practicns',
951 3866 989 3928 qni
1004 3879 1069 3929 opera
1082 3869 1104 3910 et
1117 3861 1155 3928 qi-
