2767 4492
228 293 261 364 68
682 311 823 359 rocrcaa

211 381 364 476 parendi,
381 397 553 457 evidentiam
571 392 905 454 obiectiramconstituit
922 391 1000 459 Quod
1014 391 1193 449 siobiectum
1211 407 1271 450 cer-

224 487 324 544 tumet
342 480 558 541 evidensmenti
571 485 753 574 proponatur,
770 478 801 535 in
815 477 878 550 ipsa
892 481 988 535 mente
1007 475 1150 550 quoddam
1171 475 1270 534 lumen

224 567 353 642 exsurgit
379 565 589 640 perceptionem
619 564 712 637 ipsam
734 562 924 636 pertundens,
952 566 1036 632 atque
1064 558 1160 616 tirida
1185 574 1272 632 quae·

225 655 293 712 dam
307 658 335 711 et
354 651 430 710 clara
451 648 554 708 obiecti
568 647 799 722 repraesentatio
815 646 873 703 Hoc
887 643 975 717 igitur
994 643 1105 715 lumen,
1123 643 1194 702 hacc
1212 643 1270 702 cla-

224 737 295 795 ritas
309 733 508 809 apparentiae,
529 747 602 806 quae
616 736 742 790 mentem
752 729 860 800 aflicit,
882 726 1024 785 avidentia
1038 725 1197 785 subiectira
1217 742 1270 786 seu

225 820 353 878 formalis
368 818 534 892 appellatur.
551 817 620 874 Cum
636 830 702 874 vero
716 813 859 872 evidentia
874 818 902 870 et
919 810 1057 868 certitudo
1067 809 1168 870 intimo
1191 826 1270 870 nexu

222 906 298 963 inter
308 919 338 962 se
353 903 528 976 copulentur,
545 899 785 974 quemadmodum
795 912 831 955 ex
842 902 906 954 ante
920 895 1004 953 dictis
1014 894 1199 954 manifestum
1214 901 1266 967 est,

225 988 360 1062 consequi
362 993 453 1046 tturu
473 986 559 1045 etiam
573 984 696 1043 evident'
676 989 717 1042 tra
738 982 770 1040 in
791 978 1044 1054 metaphysicom,
1063 978 1224 1053 physicam
1242 987 1269 1038 et

226 1074 372 1132 rnnrolern
390 1071 538 1146 partienda
553 1069 599 1128 sit

263 1158 384 1216 Demum
405 1162 465 1215 tum
482 1153 619 1214 certitudo
629 1158 689 1214 tum
705 1152 893 1212 evidentiam
905 1149 1109 1211 ιιιιιιιιιιαιιιιη
1120 1155 1150 1208 et
1159 1153 1269 1208 raedro

227 1251 290 1300 tom
309 1241 398 1299 diuidi
415 1244 515 1314 potest.
541 1237 705 1297 immediate
723 1242 800 1296 certa
817 1242 846 1295 et
863 1235 1006 1295 evidentia
1025 1234 1175 1306 dicuntur,
1197 1245 1271 1306 qnae

225 1325 322 1384 animo
334 1324 395 1382 sine
409 1321 661 1393 demonstratione,
673 1320 770 1379 statim
784 1335 818 1378 ac
830 1322 1035 1393 proponuntur,
1052 1322 1198 1391 apparent.
1215 1317 1270 1375 liu·

225 1410 348 1468 iusmodi
362 1413 429 1467 sunt
442 1411 503 1466 tum
518 1421 552 1465 ea
566 1421 640 1479 quae
658 1403 833 1463 conscientia
846 1417 898 1477 per
912 1417 943 1460 se
962 1407 1095 1474 testatur,
1112 1406 1145 1458 nt
1158 1401 1268 1475 cogito,

226 1495 325 1566 aristo,
336 1493 433 1552 dolore
442 1491 569 1566 effarier,
579 1490 680 1562 hisque
695 1488 809 1560 similia,
820 1493 880 1546 tum
894 1503 967 1560 quae
981 1502 1082 1545 sensus
1094 1487 1230 1558 reierunt,
1239 1492 1272 1544 ut

226 1593 350 1652 corporo
363 1584 433 1634 suot
447 1575 565 1649 praeta,
577 1573 637 1631 dier
651 1580 701 1639 ert,
711 1572 812 1630 sidero
825 1571 975 1642 collucent;
990 1575 1050 1628 tum
1064 1570 1186 1652 denique
1199 1585 1272 1643 quae

172 1719 174 1724 ,
226 1660 442 1733 complectimur
455 1656 652 1728 intelligentia,
664 1661 697 1714 ut
709 1655 813 1728 nequit
825 1656 902 1713 ideae
916 1654 1008 1712 simul
1021 1670 1078 1712 arse
1090 1663 1116 1712 et
1129 1671 1190 1713 nort
1204 1669 1271 1724 asca·

227 1761 304 1819 quoe
317 1751 387 1801 sacrat
401 1743 502 1800 codena
511 1741 567 1798 ιιιιι
579 1741 671 1808 tertio,
682 1748 754 1797 aurat
764 1739 862 1798 eodem
872 1740 950 1798 inter
958 1755 998 1812 aa·
1009 1745 1158 1812 ceteraque
1168 1739 1270 1813 prima,

227 1833 364 1901 quotquot
379 1830 501 1890 exstant,
513 1824 664 1898 principia.
676 1823 794 1882 Mediate
809 1829 905 1882 antem
919 1829 1029 1883 certum
1042 1823 1088 1882 rei
1102 1823 1219 1882 evidens
1232 1823 1272 1882 di·

227 1917 308 1971 cetur
321 1910 360 1982 id,
371 1910 453 1968 cuius
467 1907 572 1967 veritas
586 1923 644 1966 non
658 1907 843 1982 simulatque
859 1908 954 1966 animo
963 1905 1115 1966 obiiciatur
1123 1909 1210 1982 patet,
1221 1907 1273 1966 sed

228 1994 441 2055 ratiocinatione
455 1993 572 2066 indiget,
584 1993 725 2065 debetque
739 2008 777 2051 ex
792 1991 906 2051 aliunde
920 1991 995 2050 notis
1005 1991 1203 2050 demonstrari.
1219 1993 1273 2050 llu-

228 2079 352 2139 iusmodi
364 2082 431 2137 sunt
441 2078 494 2136 irae
504 2077 645 2149 veritates
657 2078 779 2135 uniatur
790 2076 942 2134 damonae
951 2083 992 2133 art
1000 2075 1191 2144 imatortolis,
1200 2074 1273 2133 licata

229 2165 327 2223 existit
341 2163 469 2234 aliaeque
484 2162 667 2234 quamplures
682 2176 755 2234 quas
769 2160 965 2219 ratiocinando
980 2159 1191 2233 consequimur.

266 2248 309 2306 tl.
326 2247 446 2314 Quaeret
460 2245 578 2303 tortasse
592 2245 737 2318 quispiam
749 2244 846 2302 utrtrm
866 2243 1004 2303 certitudo
1023 2258 1081 2301 una
1099 2243 1182 2302 alteri
1195 2258 1275 2317 prae·

228 2336 294 2404 stet,
305 2345 341 2388 en
357 2328 454 2388 omnia
467 2326 578 2385 obiecta
591 2333 621 2384 et
635 2327 742 2386 iudicia
756 2327 856 2386 eodem
869 2326 1012 2385 firmitatis
1022 2327 1112 2400 gradu
1120 2328 1274 2401 potiantur.

230 2419 290 2484 Qua
309 2416 340 2473 in
361 2430 393 2472 re
413 2411 614 2470 existimarunt
635 2411 783 2484 nonnulli,
800 2411 978 2470 certitudinis
995 2411 1105 2470 nullam
1120 2427 1183 2471 esse
1196 2413 1276 2471 abso·

228 2500 319 2558 lutam
334 2503 362 2556 et
374 2497 519 2554 internam
540 2494 751 2569 diversitatem,
767 2496 818 2554 sed
831 2496 979 2554 relativam
998 2496 1148 2554 dumtaxat
1161 2497 1198 2554 ad
1212 2497 1278 2555 edu·

230 2584 372 2642 cationem
384 2585 413 2638 et
426 2579 558 2652 peritiam
571 2579 712 2637 mentium
720 2579 906 2651 diversamm3
918 2579 959 2637 ita
967 2585 999 2638 ut
1008 2580 1165 2653 aequalitas
1174 2595 1221 2638 ex.
1231 2595 1275 2652 gr.

231 2664 362 2739 quadrati
374 2663 568 2736 hypotenusae
582 2677 648 2720 cum
663 2661 808 2735 quadratis
826 2663 1003 2722 cathetorum
1018 2665 1121 2722 certior
1135 2665 1165 2722 in
1179 2679 1210 2723 se
1219 2678 1278 2722 non

231 2749 278 2821 sit,
290 2762 376 2822 quam
391 2745 518 2804 Caesaris
532 2747 563 2804 in
574 2745 666 2804 Gallos
679 2745 808 2818 victoria3
825 2745 875 2803 sed
889 2747 1014 2817 primum
1028 2754 1199 2821 geometrae,
1210 2748 1278 2806 alte

228 2847 295 2892 rum
308 2830 450 2906 philologo
465 2829 575 2888 llrmius
589 2828 738 2887 habeatur.
753 2829 859 2887 Verum
872 2827 943 2886 haec
951 2830 1108 2889 minuenda
1117 2831 1214 2904 opinio
1223 2836 1276 2889 est.

229 2918 288 2978 Etsi
303 2916 380 2975 enim
391 2915 467 2974 ellici
483 2913 653 2987 quandoque
667 2913 757 2986 possit
770 2917 802 2971 ut
817 2927 869 2986 pro
883 2911 1068 2985 dispositione
1081 2915 1242 2973 animorum
1250 2919 1280 2973 et

229 3001 334 3061 mentis
349 2997 487 3059 exercitio
501 2997 639 3056 certitudo
650 2995 841 3055 diversimode
851 2999 1062 3067 attemperetur,
1074 2998 1173 3069 negari
1183 3003 1279 3055 tamen

227 3087 328 3162 nequit
342 3087 412 3160 quin
427 3083 577 3142 diversitas
593 3083 688 3156 aliqua
702 3082 832 3140 absoluta
845 3080 1024 3140 certitudinis
1038 3095 1075 3139 ex
1086 3080 1149 3153 ipsa
1159 3082 1280 3141 obiecto-

212 3183 295 3230 'rum
308 3176 412 3229 natura
421 3173 450 3227 et
464 3167 609 3226 essentiali
624 3166 878 3238 intelligentiarum
890 3166 1029 3224 varietate
1042 3164 1218 3224 desumenda
1231 3166 1277 3225 sit.

175 3267 176 3272 ¹
230 3255 275 3312 Sic
290 3268 383 3322 nemo,
396 3252 453 3310 nisi
467 3265 584 3325 prorsus
597 3249 798 3320 insanientes
811 3248 942 3306 eamdem
957 3264 990 3307 ac
1004 3248 1079 3306 Deus
1088 3247 1280 3306 habetrerum

231 3335 430 3396 certitudinem
444 3334 590 3407 possidere
604 3333 778 3405 opinabitur3
796 3333 871 3404 quod
885 3332 937 3388 etei
949 3330 1142 3405 imprudenter
1152 3332 1282 3390 Genuen·

229 3421 268 3479 sis
277 3417 500 3490 inlictaplryaica
509 3416 745 3486 asserueritmox
757 3420 852 3473 tamen
861 3415 892 3473 in
902 3415 1004 3487 logica
1012 3415 1176 3474 retractavit
1191 3418 1216 3472 ⁴.
1229 3415 1276 3473 Sic

231 3503 318 3560 etiam
335 3515 387 3559 nos
405 3501 560 3559 firmiorem
580 3515 729 3558 assensum
746 3498 859 3557 veritati
876 3499 1071 3572 metaphysIce
1091 3503 1185 3557 certae
1199 3497 1280 3556 adiri·

230 3587 350 3656 hamne,
367 3593 454 3658 quam
467 3583 502 3642 iis
516 3599 589 3658 quae
607 3583 727 3658 physica
741 3587 852 3642 tantum
871 3588 920 3642 aut
932 3583 1033 3646 morali
1051 3582 1220 3646 certitudine
1234 3596 1280 3641 or-

231 3673 346 3729 uantur.

276 3850 285 3898 l
306 3847 371 3898 Δνιιι
388 3849 541 3914 logico-etat·
558 3849 574 3896 i.
591 3847 615 3912 5,
633 3865 652 3896 c.
670 3849 693 3911 l,
710 3847 736 3914 5.
752 3847 790 3902 42.
