2767 4492
518 250 596 294 runrs
611 250 753 294 suranus
1107 239 1158 299 itt

114 340 187 409 qnae
201 332 314 393 stabilia
328 329 470 392 dicuntur.
496 335 603 407 lertio,
621 333 699 407 ipsae
714 349 760 393 res
775 332 895 393 mobiles
917 349 1001 411 saepe
1016 336 1078 397 sine
1093 352 1154 397 ma-

113 436 168 494 gno
182 419 362 479 incommodo
377 430 405 479 ot
416 422 541 495 periculo
557 419 704 479 transferri
714 420 769 479 alio
779 435 834 480 non
851 428 975 495 possunt.
987 423 1057 483 Hinc
1081 426 1158 499 apud

113 506 202 565 cultas
216 512 314 581 gentes
328 521 410 564 merx
427 506 522 579 aliqua
536 506 697 563 introducta
713 510 765 576 est,
777 506 824 563 cui
839 506 916 565 ralor
929 508 1045 581 quidam
1062 509 1153 569 deter-

7 628 11 634 «
111 591 237 650 minatus
252 590 385 650 tribuitur
405 598 536 664 respectu
557 605 653 648 rorum
668 590 797 648 omnium
822 592 993 651 commercio
1013 593 1153 653 subiecta·

111 691 185 734 rum.
203 676 278 744 Quae
293 676 412 751 proinde
427 676 517 733 evasit
531 674 692 733 eommunis
707 680 866 733 ceterarum
881 676 1020 735 mercium
1040 694 1157 737 mensu·
1178 710 1181 715 ·

111 776 153 833 ra,
169 766 253 833 atque
269 761 304 819 ad
319 775 418 819 earum
435 760 558 833 pretinm
573 758 844 831 repraesentandum
855 766 882 817 et
892 775 949 829 nuo
966 760 1060 819 lubeat
1076 767 1150 821 tran·

111 846 274 903 sistendum
288 845 415 903 inservit.
431 844 506 902 Haec
517 843 645 918 peottnin
658 850 714 915 est;
733 858 806 916 quae
827 843 932 901 ideirco
948 844 1073 903 eontinet
1085 862 1151 921 pre-

113 930 189 987 tinm
202 945 298 987 rerum
316 930 446 987 eminens
460 935 488 986 et
506 927 619 985 [inliniri
642 934 749 1001 posset:
766 942 851 985 mern
867 928 906 985 nd
925 934 1091 987 celerarat-nt
1106 946 1155 988 uu-

112 1014 202 1072 lorem
217 1014 434 1087 desipnunduut·
449 1022 474 1072 et
496 1011 746 1071 transvehendum
764 1012 920 1071 destinato.
942 1014 1042 1085 Porro,
1061 1020 1091 1073 nt
1106 1030 1155 1089 pa·
1226 1008 1233 1017 “

111 1104 167 1172 tet,
189 1116 238 1172 pro
252 1114 372 1156 munere
394 1099 447 1156 hoc
462 1099 622 1157 exercendo
638 1113 709 1170 opus
728 1099 843 1155 omniuo
859 1114 913 1157 nnn
930 1105 991 1156 erat
1006 1105 1037 1157 ut
1051 1100 1152 1157 nretal·

110 1184 169 1241 lum
183 1184 297 1257 aliquod
313 1182 496 1255 deligeretur3
514 1182 703 1241 nibilominus
722 1182 797 1255 apud
812 1181 904 1240 cultas
915 1188 1013 1255 gentes
1028 1183 1056 1240 id
1071 1183 1151 1241 inta-

110 1269 171 1341 luit,
187 1275 283 1341 utpote
297 1268 371 1339 qnod
389 1283 482 1340 perse
499 1267 654 1341 pretiosum
668 1266 715 1338 sit,
734 1266 802 1323 satis
817 1266 974 1339 dividuum,
996 1268 1153 1340 corruptio·

108 1354 140 1411 ni
150 1353 245 1411 miuus
254 1352 422 1443 obnorg'nm,
436 1350 520 1409 facile
531 1351 567 1408 ad
578 1350 791 1422 asportandum,
803 1354 831 1409 et
842 1366 934 1423 capax
943 1350 1099 1424 recipiendi
1112 1366 1155 1409 ro·

109 1436 273 1509 timendique
287 1442 383 1494 nomm
398 1435 533 1508 aliquam,
550 1450 607 1509 qua
622 1434 658 1492 ad
673 1434 803 1491 vitandas
818 1434 933 1493 fraudes
956 1434 1131 1507 obsignatur.

145 1521 206 1579 118.
218 1520 365 1579 declarata
378 1525 480 1578 natura
489 1520 637 1593 pecuniae,
650 1518 733 1575 facile
744 1524 821 1591 patet
831 1518 898 1591 qnid
914 1518 976 1577 eius
988 1535 1071 1577 usum
1082 1535 1149 1577 con·

108 1605 215 1665 stituat.
230 1604 301 1663 Usus
316 1604 393 1663 enim
408 1604 451 1663 rei
466 1604 618 1663 cuiuslibet
634 1601 846 1675 tunebabetun
859 1617 924 1659 eum
939 1602 1018 1661 illam
1034 1603 1150 1662 adbibe-

107 1704 173 1749 mus
188 1704 237 1763 pro
251 1688 371 1749 utilitate
386 1688 482 1763 aliqua
496 1688 600 1745 exinde
616 1686 803 1760 decerpenda.
820 1691 852 1743 nt
867 1686 896 1744 id
910 1690 1040 1761 respectu
1065 1704 1150 1761 pecu·

108 1773 175 1832 niae
189 1777 250 1831 tum
265 1772 425 1845 intercedit,
437 1786 503 1829 cum
517 1777 582 1829 actu
597 1786 662 1828 eam
676 1770 866 1843 expendimus
881 1771 987 1829 adrem
1002 1771 1088 1829 aliam
1103 1788 1151 1830 no·

107 1856 152 1916 bis
176 1857 410 1931 comparandam3
427 1872 476 1915 seu
487 1850 566 1914 'cum
585 1855 713 1928 valeres,
730 1869 801 1929 qirns
824 1861 1036 1928 repraesentat,
1052 1870 1153 1930 reapse

108 1942 264 2008 transvehit
278 1942 313 2000 de
326 1954 415 2000 mann
428 1942 459 1999 in
482 1955 614 2013 manum3
632 1940 685 1999 bor
700 1940 778 1998 enim
800 1939 950 1998 dumtaxat
964 1942 1146 1999 commodum

107 2024 227 2084 includit
245 2030 385 2099 qnatenus
407 2026 530 2099 pecunia
553 2030 604 2083 est.
620 2025 733 2083 turem
750 2024 948 2098 pecuniarum
965 2026 1147 2099 expenditur,

107 2110 245 2168 amittitur
259 2112 346 2183 litque
361 2109 488 2167 alterius.
501 2109 572 2181 Ergo
590 2108 722 2181 pecunia
736 2118 820 2181 prout
833 2109 899 2167 talis
914 2116 965 2177 est,
984 2126 1083 2169 earum
1104 2127 1149 2169 re·

4 2219 5 2266 ;
106 2210 172 2252 rum
181 2210 301 2253 numero
309 2194 470 2252 continetur
480 2209 563 2266 qnae,
580 2193 648 2251 dum
661 2193 842 2265 adhibentur,
856 2194 1055 2269 absumuntur,
1068 2202 1152 2269 atque

106 2278 170 2337 ideo
185 2294 268 2337 usum
282 2294 349 2337 oum
362 2277 488 2336 dominio
503 2277 689 2335 conlaudant.
708 2276 774 2335 Eius
789 2278 867 2335 enim
882 2286 1011 2349 respectu
1031 2280 1151 2339 facultas

4 2371 5 2374 ’
106 2364 204 2421 utendi
220 2380 237 2421 a
250 2363 384 2421 facultate
399 2360 563 2420 destruendi
581 2360 625 2417 vel
640 2360 785 2419 alienandi
800 2376 858 2419 non
874 2362 1067 2433 distinguitur.
1085 2364 1151 2421 lilli-

107 2448 181 2506 oitnr
193 2448 260 2506 binc
276 2452 306 2505 nt
322 2446 443 2521 pecunia
456 2446 517 2503 dari
533 2450 632 2503 mutua
647 2444 729 2503 alteri
745 2450 868 2518 nequeat
880 2460 929 2518 pro
941 2442 1053 2517 integra
1074 2448 1149 2505 utili-

108 2537 163 2590 tate
184 2532 331 2605 capienda,
354 2532 423 2605 quin
445 2530 579 2589 continuo
598 2528 727 2588 eiusdem
744 2528 904 2588 dominium
923 2535 1101 2589 amntnante
1123 2532 1153 2588 in

106 2618 310 2676 mutuatarinm
326 2619 522 2676 transferatur.

141 2702 361 2776 Hispraeiactis,
379 2704 415 2761 ad
429 2702 624 2776 qinaestionem
640 2700 839 2759 resolvendam
854 2698 1012 2757 veniamus.
1024 2698 1090 2757 lliro
1103 2700 1153 2757 itu·
1191 2712 1196 2721 ·

106 2802 161 2861 que
176 2803 291 2846 usuram
301 2802 352 2861 per
362 2803 392 2845 se
407 2788 468 2846 iure
482 2792 601 2844 naturae
611 2801 673 2844 esse
689 2784 828 2856 illicitam,
840 2788 990 2857 propterea
999 2782 1074 2857 qnod
1088 2800 1153 2842 eon·

105 2877 212 2930 tractus
222 2871 423 2944 aequalitatem
438 2887 496 2929 non
510 2876 613 2928 servat.
631 2871 700 2928 Nam
716 2875 858 2939 mutuum,
871 2883 908 2925 ex
923 2884 979 2941 quo
995 2868 1045 2926 illa
1053 2870 1155 2941 repeti·

106 2956 161 3022 tur,
178 2952 214 3008 ad
235 2957 398 3009 contractus
421 2950 584 3008 bilateralos
604 2950 741 3022 pertinet;
759 2964 880 3021 quorum
907 2949 1035 3021 aequitas
1053 2948 1085 3007 in
1101 2948 1154 3008 hoe

4 3041 5 3044 ’
105 3034 241 3108 cernitur,
258 3034 334 3108 quod
352 3044 473 3108 unaque
492 3049 559 3107 pars
577 3033 614 3091 ad
629 3033 797 3092 tantundem
816 3034 1019 3109 praestandum
1034 3033 1155 3093 adstrin-

105 3127 196 3193 gatur.
209 3119 324 3192 lingunt
340 3119 449 3178 iustitia
464 3127 563 3177 mutuo
577 3124 695 3191 constet,
712 3123 849 3193 qirantam
860 3118 931 3177 alter
944 3119 1096 3192 pecuniam
1107 3120 1156 3177 dat

105 3209 245 3277 mutuam,
259 3208 367 3263 mutam
380 3204 454 3263 alter
464 3204 614 3263 restituere
629 3209 756 3276 tenetnr3
773 3203 911 3279 quidquid
925 3203 1098 3276 adiungitur,
1108 3204 1155 3262 de·

104 3286 269 3346 trimentnm
285 3303 335 3361 per
353 3304 384 3347 se
405 3294 449 3347 est
468 3288 595 3362 partium
618 3287 784 3361 aequalitati
805 3302 978 3361 repugnans.
997 3288 1051 3345 Sed
1066 3287 1151 3346 detri-

105 3378 233 3430 mentum
248 3372 301 3430 boe
311 3388 412 3431 revera
421 3374 595 3447 adiungitur,
608 3388 674 3431 cum
688 3372 840 3447 apponitur
853 3388 951 3431 usura.
968 3371 1057 3431 Usum
1068 3370 1155 3444 igitur

105 3455 229 3515 institiae
243 3457 417 3516 adversatur.
434 3459 488 3517 Nee
503 3459 539 3516 ad
553 3458 611 3516 vim
625 3457 710 3517 buius
725 3457 859 3517 illationis
870 3457 1013 3515 vitandam
1029 3456 1155 3515 obiicere

106 3550 185 3616 potes
196 3543 319 3604 valorem
335 3558 412 3617 usus,
422 3543 471 3616 qni
482 3543 511 3601 iu
522 3543 730 3601 commodanda
742 3542 865 3616 pecnnia
876 3540 957 3600 alteri
971 3540 1152 3613 conceditur3

4 3633 5 3652 ¹
103 3628 254 3769 {iniuidem
270 3637 303 3705 ut
320 3628 427 3688 dictum
444 3632 496 3702 est,
512 3643 582 3687 usus
598 3628 660 3687 eins
675 3643 693 3686 a
711 3627 838 3686 dominio
856 3633 886 3686 et
898 3626 1070 3700 proprietate
1091 3641 1151 3685 nou

4 3729 5 3754 ³
124 3718 208 3772 tert.
