2767 4492
447 263 847 311 psusennes-coercereque
1125 247 1172 310 ‘al

97 393 103 401 ·
125 349 318 425 contingentia
336 347 524 408 concilietur?
538 349 571 406 llt
585 347 615 407 id
628 349 735 408 nedum
752 347 829 408 ellici
842 350 996 422 repugnat,
1014 348 1065 408 sed
1078 362 1116 408 ne
1129 349 1173 409 in·

60 477 68 482 -
125 436 238 496 tellecta
252 433 369 509 quidem
384 433 498 506 concipi
512 437 613 507 potest.

160 520 289 589 Quaestio
302 519 399 592 itaque
412 532 551 592 praesens
565 533 623 578 nou
638 517 679 577 sic
692 519 830 592 agium,
847 525 880 580 nt
894 521 968 581 sitne
981 521 1111 580 absolute
1124 535 1175 580 ue·

125 605 263 666 cassarius
277 604 346 665 ordo
360 603 459 662 mundi
474 602 660 676 disceptetm3
677 602 707 660 id
717 603 796 661 enim
810 610 906 678 aperte
915 610 1068 680 repugnat:
1084 605 1175 664 sedin

123 693 177 752 hoc
192 697 302 750 tantum
316 688 453 762 uertitur,
470 687 544 746 sitne
566 687 706 745 eiusmodi
727 687 797 746 ordo
811 703 877 746 cum
891 689 979 748 rebus
998 689 1120 750 mnditia
1134 689 1176 749 ita

124 776 285 836 necessario
303 789 467 845 connexus,
489 777 522 830 ut
545 772 593 830 his
610 771 770 830 subauditio
789 773 959 831 commutari
974 773 1093 850 llerique
1107 788 1175 834 oon·

123 861 226 920 trarins
241 859 321 919 nulla
334 859 443 918 ratione
457 857 573 931 iposs1t?
587 857 677 930 lltque
693 855 726 925 id
740 856 829 914 etiam
842 871 944 916 verum
957 873 1016 918 non
1034 873 1097 918 esee
1110 874 1175 934 pro-

122 945 300 1003 nuntiamus.
317 943 427 1002 Etenim
441 943 479 1001 ad
492 943 632 1002 eiusmodi
647 942 1029 1017 necessitatembabendam,
1046 943 1110 1002 talis
1120 944 1175 1004 col·

123 1030 221 1102 ligatio
235 1029 311 1087 inter
320 1043 366 1086 res
376 1028 503 1086 munitas
517 1041 673 1100 earumque
687 1026 819 1085 ordinem
833 1026 1008 1087 intercedere
1022 1032 1172 1102 oporteret,

121 1120 155 1172 ut
178 1114 243 1172 illae
259 1112 371 1186 concipi
384 1117 540 1186 nequeant,
557 1111 626 1184 quin
650 1111 801 1194 liic-etiam
817 1111 1001 1186 concipiatur.
1018 1113 1097 1181 Quod
1112 1127 1175 1187 pru-

122 1199 196 1258 lecto
210 1213 296 1257 nemo
311 1212 397 1256 sanus
413 1196 527 1256 dixerit.
545 1196 617 1256 llam
630 1195 738 1268 optime
759 1194 918 1269 cogitamus
936 1197 1077 1256 mundum
1088 1197 1175 1270 pluri-

122 1282 192 1357 bus,
209 1297 296 1357 quem
310 1297 390 1341 nunc
404 1287 462 1354 est,
482 1285 531 1338 aut
549 1279 637 1338 etiam
650 1278 834 1353 paucioribus
851 1279 937 1339 rebus
955 1281 1173 1355 coalescentem,

101 1411 104 1415 .
125 1367 230 1425 maiori
242 1367 408 1424 aut‘minori
419 1369 561 1424 astromm
570 1377 691 1422 numero
704 1367 846 1435 ornatum,
858 1364 978 1422 diversis
988 1365 1177 1424 animantium

123 1450 278 1524 generibus
296 1449 478 1523 locupletem,
492 1448 555 1508 aliis
568 1453 699 1507 motuum
712 1447 825 1521 legibus
836 1453 1035 1523 temperatum,
1047 1450 1104 1508 alia
1113 1465 1174 1508 cor·

123 1549 228 1608 porum
242 1533 425 1593 collocadone
440 1532 634 1591 distributum.

161 1621 203 1678 lln
218 1634 286 1678 vero
305 1619 412 1693 periret
426 1618 551 1677 muudus
565 1617 683 1692 eiusque
701 1619 780 1677 notio
793 1618 973 1692 demeretur,
989 1621 1015 1679 si
1032 1620 1089 1679 duro
1102 1621 1176 1680 soles

125 1704 237 1763 coelum
250 1703 304 1762 hoc
317 1701 526 1774 illuminarent3
544 1702 569 1760 si
584 1701 661 1760 mille
680 1709 730 1761 aut
745 1718 798 1776 par
811 1708 923 1762 tantum
936 1702 1117 1779 planetarum
1130 1721 1174 1766 so

123 1789 179 1847 lem
196 1788 394 1860 circumirent;
414 1787 439 1845 si
460 1791 554 1846 motus
579 1786 688 1846 telluris
703 1787 780 1846 circa
794 1788 942 1861 proprium
960 1803 1045 1848 axem
1064 1804 1122 1850 non
1136 1791 1174 1850 ab

123 1889 225 1934 occasu
240 1873 379 1932 adortum
395 1872 445 1931 sed
459 1873 553 1946 potius
563 1871 599 1930 ab
609 1875 674 1930 ortu
683 1872 720 1930 ad
734 1886 869 1931 occasum
879 1872 1064 1946 dirigeretur,
1076 1872 1174 1932 sidies

122 1975 179 2019 uon
190 1959 291 2033 uiginti
301 1957 567 2032 quatuorlrorarum
576 1957 681 2032 spatio,
694 1958 744 2016 sed
753 1957 939 2016 breuioreaut
948 1957 1076 2032 longiore
1085 1959 1172 2017 inler-
1229 1949 1234 1958 '

116 2035 191 2102 uall'o
206 2044 414 2116 concurretur,
436 2047 519 2114 atque
533 2041 575 2100 ita
589 2041 625 2101 de
640 2041 784 2101 sexcentis
803 2041 867 2101 aliis
881 2042 994 2116 generis
1008 2042 1157 2101 eiusdem?

86 2189 88 2194 ,
160 2129 250 2186 Immo
265 2127 341 2185 ellici
355 2126 492 2200 potuisset
506 2130 610 2184 utnon
624 2127 709 2185 modo
723 2141 779 2200 res,
795 2127 997 2187 verumetiam
1007 2128 1173 2187 earumdem

120 2211 267 2270 collocatio
281 2215 455 2282 mutuaeque
473 2209 627 2269 relationes
640 2214 799 2282 manerent,
819 2215 848 2269 et
862 2215 958 2270 tamen
972 2211 1050 2284 ordo,
1065 2212 1097 2271 in
1111 2213 1173 2286 qui·

119 2294 244 2354 busdam
256 2293 400 2352 saltemin
411 2293 585 2352 contrarium
601 2309 717 2368 prorsus
731 2299 898 2354 mutaretur.
915 2296 970 2369 Sic,
985 2297 1112 2356 ulfacile
1122 2314 1173 2356 ex·

121 2377 251 2451 emplum
265 2377 392 2449 efferam,
405 2377 429 2435 si
444 2377 574 2450 planetae
589 2377 620 2437 in
633 2383 732 2453 motu,
759 2395 814 2453 quo
828 2380 906 2439 circa
919 2380 1008 2440 solem
1021 2381 1174 2440 rolumlur

120 2478 179 2522 non
194 2463 252 2520 inm
266 2462 303 2520 ab
318 2462 465 2521 occidente
480 2463 512 2521 in
523 2462 670 2532 orientem,
689 2465 739 2523 sed
753 2465 900 2524 viceuersa
913 2465 950 2523 ab
965 2465 1072 2524 emente
1086 2465 1118 2522 in
1127 2479 1172 2524 oc-

120 2547 263 2606 cidentem
278 2547 439 2621 terrentur,
461 2547 587 2622 itemque
604 2548 685 2608 tellus
700 2551 770 2608 dum
785 2551 861 2608 circa
875 2565 961 2608 suum
982 2564 1068 2608 axem
1082 2549 1173 2609 cietm

119 2631 251 2690 eamdem
267 2631 375 2691 subiret
392 2633 640 2708 vicissitudinem
662 2635 743 2693 nulla
756 2640 833 2693 certe
848 2635 967 2694 mutabo
976 2635 1008 2694 in
1022 2649 1173 2710 corporum

119 2715 310 2790 collocatione,
334 2717 477 2790 distantia,
499 2719 664 2791 mutuisque
678 2718 866 2776 relationibus
880 2719 1040 2792 accideret;
1061 2720 1112 2779 sed
1125 2737 1173 2780 ae·

120 2816 175 2873 qne
189 2816 304 2874 prorsus
319 2801 392 2860 llaec
402 2818 432 2860 se
443 2802 583 2860 habereut
597 2818 630 2858 ac
646 2816 725 2858 nnnc
740 2806 815 2870 sunt,
833 2810 861 2857 ct
877 2806 971 2859 tamen
980 2803 1050 2860 ordo
1063 2804 1095 2861 in
1108 2817 1174 2874 par·

121 2889 146 2944 te
161 2901 223 2944 esse
238 2886 368 2944 diversus
380 2905 387 2958 3
404 2901 472 2944 uam
486 2891 618 2942 motuum
632 2884 763 2941 omnium
773 2884 891 2942 directio
900 2884 931 2941 in
941 2884 1114 2942 contrariam
1122 2888 1172 2944 ab

118 2967 208 3027 iisset.
229 2969 302 3026 Ordo
317 2967 404 3038 igitur
418 2981 557 3038 praesens
571 2980 629 3022 non
644 2965 729 3023 modo
740 2970 870 3023 enatura
882 2981 993 3040 rerum,
1009 2975 1169 3045 quaesunt,

116 3068 179 3110 nou
194 3051 319 3121 exigitur
333 3047 514 3118 necessario,
543 3046 594 3104 sed
609 3045 696 3103 etiam
710 3047 854 3107 interdum
874 3065 941 3108 cum
953 3052 1170 3128 distributione,

117 3149 194 3210 quae
210 3148 287 3192 nunc
301 3132 397 3204 viget,
419 3136 447 3190 et
462 3129 659 3204 respectibus,
681 3131 732 3205 qui
746 3138 905 3208 servantur,
925 3137 1094 3196 necessitate
1113 3152 1173 3197 non

124 3219 259 3279 nectitur.

156 3304 201 3363 tc.
223 3303 300 3363 ldem
316 3303 428 3362 dicatur
441 3303 477 3362 de
491 3301 621 3378 legibus,
638 3303 720 3362 iuxta
734 3320 806 3378 quas
819 3310 914 3365 motus
928 3321 1080 3380 corporum
1092 3321 1174 3380 pera-

121 3395 235 3462 guntur.
257 3390 327 3450 Nam
342 3403 416 3462 quae
430 3388 585 3448 necessitas
605 3394 637 3448 ut
651 3390 750 3463 grevia
764 3391 801 3448 ed
815 3397 945 3451 centrum
960 3391 1068 3451 telluru
1082 3391 1174 3451 nitan-

123 3476 162 3534 tia
174 3480 344 3534 moveautur
359 3474 389 3532 in
404 3475 522 3534 ratione
536 3473 649 3534 directa
660 3489 822 3535 massarum]
836 3482 865 3536 ct
878 3477 1027 3552 reciproca
1040 3476 1173 3553 duplico-

121 3567 152 3617 to
165 3559 383 3618 distantiarum?
402 3559 621 3633 adpugnaretue
636 3559 661 3618 si
676 3561 804 3620 secunde
817 3562 888 3620 haec
909 3563 989 3620 ratio
1006 3577 1023 3620 e
1038 3562 1123 3636 dupla
1140 3564 1172 3624 in

122 3643 235 3718 triplam
250 3645 428 3708 mutaretur?
445 3647 499 3704 lut
514 3644 539 3704 si
552 3644 583 3703 id
598 3646 792 3720 contingeret,
815 3662 886 3706 num
900 3661 1051 3722 corpomm
1065 3653 1171 3708 natura

121 3730 306 3788 vanesceret?
324 3729 394 3788 lum
415 3729 503 3788 etiam
522 3745 665 3804 quaenam
684 3730 814 3790 absoluta
832 3729 988 3790 necessitas
1006 3737 1038 3791 ut
1052 3748 1171 3807 corpora

120 3811 477 3890 impulsoremtacceuto,
494 3815 639 3890 aequabili
647 3820 727 3877 motu
738 3816 867 3878 terantur
873 3830 925 3890 per
934 3815 1041 3881 lineam
1050 3823 1169 3898 mcum,
