2767 4492
519 231 729 280 uertentem
744 228 908 278 emmens

600 405 779 464 Pnoeosinio
794 399 838 461 ll.

228 577 360 637 ⁴lutoroo
373 589 479 636 rerum
488 575 668 652 possibilitas
681 588 743 632 noo
756 569 859 647 pendet
873 583 893 628 c
907 567 1012 628 diuino
1025 565 1186 638 uoluntate,

548 667 584 719 ut
599 658 748 718 donadus
761 655 884 716 uolebat.

228 831 389 893 Probatur.
407 832 436 891 Si
454 846 550 891 remm
570 829 746 905 possibilitas
762 845 779 887 a
796 827 847 888 bei
861 827 1005 888 voluntate
1018 823 1176 899 penderet,
1192 820 1243 880 ali·

194 918 264 992 quid
277 918 450 976 intrinsecus
462 931 626 989 repugnans
640 914 786 973 obiectum
800 928 863 972 esse
876 917 971 987 posset
985 909 1099 970 dimone
1114 906 1244 966 volunta·

194 1003 231 1061 tis
240 1009 269 1060 et
277 1001 430 1077 potentiae,
442 1001 567 1076 exempli
577 1015 664 1058 causa
678 998 804 1057 circulus
818 997 983 1069 quadratus,
995 998 1045 1052 ant
1059 990 1167 1050 animal
1181 1004 1245 1048 sen·

195 1103 229 1145 su
244 1102 355 1145 careus.
371 1086 400 1145 Si
414 1085 493 1145 enim
507 1085 581 1144 licus
595 1083 791 1155 meminisset,
804 1083 876 1142 haec
889 1097 942 1156 per
955 1078 1111 1138 Gartesiunu
1126 1073 1246 1148 possibi-

194 1171 235 1229 lia
244 1171 374 1238 tuissent,
386 1175 470 1244 atque
480 1169 517 1228 ad
528 1169 712 1228 existendum
727 1168 839 1226 idonea.
850 1167 884 1225 lt
893 1181 960 1225 vero
971 1165 1026 1223 boc
1035 1159 1245 1238 perabsurdum

195 1260 248 1328 est,
259 1260 315 1314 eta
327 1255 437 1314 ratione
446 1254 572 1314 alienum
586 1254 723 1312 maxime.
736 1254 806 1312 Nam
816 1251 956 1310 eiusmodi
968 1248 1079 1308 obiecta
1091 1261 1127 1304 ne
1137 1245 1167 1303 in
1180 1259 1246 1302 oon·

194 1347 279 1413 coptu
292 1339 407 1413 quidem
421 1346 488 1398 sunt
502 1338 622 1412 aliquid3
640 1337 881 1412 quandoquidem,
898 1349 965 1394 cum
979 1333 1055 1392 notis
1069 1332 1144 1389 inter
1158 1343 1189 1388 se
1202 1342 1246 1386 re·

170 1475 176 1485 .
194 1424 368 1482 luctantibus
382 1430 525 1494 constent,
538 1425 592 1483 bac
607 1423 777 1482 seinvicem
792 1423 926 1494 demunt,
944 1426 972 1478 et
982 1419 1059 1493 quod
1076 1431 1136 1474 nne
1149 1413 1243 1488 ponit,

194 1508 250 1566 alia
265 1509 394 1567 destruit.
412 1509 486 1568 liibil
501 1525 568 1579 ergo
582 1507 720 1566 realitatis
735 1508 766 1564 in
780 1507 889 1565 obiecto
909 1503 1053 1563 eiusmodi·
1063 1499 1245 1571 relinquitur.

194 1592 332 1652 Nileilum
350 1593 437 1665 igitur
452 1593 621 1650 absolutum
634 1593 665 1650 in
680 1592 830 1667 hypothesi
845 1589 1005 1649 cortesiana
1019 1586 1164 1646 obiectum
1183 1595 1246 1640 esse

197 1683 294 1751 posset
307 1682 336 1744 et
350 1677 488 1735 terminus
505 1677 624 1736 Divinae
638 1677 792 1736 voluntatis
806 1681 834 1734 et
850 1673 1003 1749 potentiae.
1021 1669 1104 1744 liqui
1119 1668 1149 1727 id
1164 1665 1247 1726 rebe-

195 1750 308 1820 menter
320 1767 470 1835 repugnat,
485 1761 548 1836 ipso
560 1760 814 1833 taoeutedartesim
830 1760 879 1834 qui
889 1771 974 1832 saepe
990 1754 1091 1814 asserit
1101 1751 1244 1811 actionem

196 1845 324 1904 moinum
345 1846 492 1904 terminari
506 1862 565 1905 non
579 1861 664 1920 posse
678 1847 715 1904 ad
729 1861 787 1904 non
802 1859 863 1903 eus.
880 1843 953 1917 llrgo
971 1838 1121 1915 possibilia
1134 1837 1248 1896 interna

195 1929 320 2003 pendere
334 1936 481 2004 nequeunt
494 1946 512 1988 a
525 1931 624 1990 divina
636 1931 792 1990 voluntate.

232 2013 370 2087 Secundo,
385 2015 504 2073 scientia
519 2021 562 2073 est
571 2016 607 2074 de
616 2015 800 2088 necessariis;
815 2014 1009 2088 cognitionem
1023 2011 1102 2069 enim
1113 2007 1249 2081 importat

198 2099 358 2157 absolutam
371 2104 401 2157 et
419 2099 638 2159 immutabilem.
655 2099 775 2158 Proinde
790 2115 849 2158 non
868 2098 944 2158 circa
964 2110 1064 2156 rerum
1079 2089 1247 2160 miscendas

197 2183 248 2241 sed
263 2183 340 2242 cinca
352 2198 450 2242 rernm
458 2184 599 2243 essentias
612 2185 726 2258 proprie
737 2188 874 2242 versatur.
887 2182 971 2260 Atqui
981 2178 1143 2240 Gmtesiana
1151 2173 1248 2250 opinio

197 2267 270 2341 ipsis
283 2283 382 2326 rerum
395 2269 526 2327 essentiis
541 2269 766 2343 contingentiam
780 2273 808 2326 et
821 2267 1042 2326 mutabilitatem
1057 2261 1166 2322 tribuit.
1177 2259 1251 2331 Ergo

198 2351 348 2411 scientiam
362 2353 475 2428 proprie
490 2354 597 2412 domm
611 2354 729 2420 omnino
742 2353 918 2428 pessumdat.

236 2435 364 2510 Denique
378 2439 494 2496 accedat
508 2453 610 2497 sensus
639 2438 801 2497 communis
812 2443 932 2495 naturae
949 2432 1152 2494 testimonium.
1169 2428 1250 2497 Ouis-

203 2535 258 2592 que
273 2521 350 2578 enim
364 2528 483 2580 naturae
497 2523 585 2582 ditctu
599 2537 666 2582 cnm
681 2523 756 2581 sitne
770 2521 906 2596 possibile
919 2519 1028 2594 aliquid
1042 2533 1080 2576 an
1094 2530 1176 2576 secus
1190 2528 1249 2572 em·

202 2602 284 2676 bigit,
294 2619 353 2662 non
360 2605 403 2663 rei
410 2612 578 2680 conceptum
587 2610 723 2666 deserens
737 2607 774 2665 ad
784 2606 911 2665 divinam
921 2604 1049 2676 coniugii
1059 2602 1248 2668 volimtatem;

202 2687 253 2746 sed
267 2687 298 2745 in
311 2695 451 2763 conceptu
465 2690 527 2765 ipso
540 2692 645 2752 sistem
659 2691 811 2765 diligenter
825 2691 956 2749 observet
970 2694 1068 2747 ntrnm
1081 2701 1129 2745 res
1141 2685 1173 2743 in
1187 2681 1248 2740 suis

198 2772 276 2831 notis
288 2774 486 2834 emendabbm
506 2777 761 2836 contradictionem
779 2777 905 2834 involvat
921 2789 1022 2834 necne.
1038 2773 1081 2830 llx
1095 2785 1152 2845 qna
1171 2764 1247 2839 cogi·

204 2858 284 2917 tandi
298 2860 408 2918 ratione
421 2860 493 2920 illud
505 2863 689 2936 perspicuum
705 2862 746 2934 fit,
763 2875 816 2920 noe
831 2865 960 2918 enatura
975 2857 1070 2917 doceri
1082 2869 1179 2914 rerum
1189 2865 1254 2926 pos·

201 2941 367 3002 sibilitatem
377 2945 521 3004 internam
534 2961 621 3005 none
634 2945 733 3009 divino
744 2945 892 3018 arbitratu,
906 2943 1000 3003 seder
1008 2943 1070 3016 ipso
1082 2937 1250 2999 earumdem

203 3033 342 3100 conceptu
355 3044 389 3087 ec
402 3030 486 3103 notis,
503 3030 608 3104 quibus
626 3031 800 3104 coalescunt,
817 3044 973 3104 emergere.

235 3112 331 3185 Neque
345 3128 411 3173 cum
427 3114 551 3173 (lartesio
565 3130 700 3174 occurras
715 3115 849 3188 inquiens
864 3113 914 3173 Dei
927 3113 1084 3188 potentiam
1097 3107 1186 3169 nullis
1197 3106 1254 3164 cir«

199 3197 354 3256 cumscribi
368 3199 522 3272 limitibns3
547 3208 633 3272 atque
656 3199 720 3258 ideo
734 3213 792 3257 non
806 3213 889 3272 posse
904 3198 991 3258 etism
1010 3199 1046 3256 ed
1061 3212 1105 3270 ca,
1122 3207 1196 3269 qliae
1214 3188 1254 3248 oh

200 3285 389 3355 conceptuum
398 3297 525 3357 pugnam
531 3282 725 3356 impossibilia
734 3282 944 3356 existimantur,
952 3297 1011 3342 non
1020 3279 1160 3356 protendi.
1169 3276 1254 3345 Nam,

200 3368 233 3422 ut
244 3367 330 3438 paulo
344 3373 409 3425 ante
426 3368 535 3427 dictum
550 3373 605 3436 est,
620 3367 696 3426 nulli
711 3367 816 3427 limites
831 3367 945 3427 divinae
959 3367 1058 3426 virtuti
1073 3366 1201 3439 figuntur
1215 3372 1254 3418 cn

200 3463 244 3522 eo,
260 3451 336 3523 qnod
348 3453 569 3511 monadictorm
581 3467 647 3511 nea
659 3452 716 3510 ileo
731 3452 846 3526 quidem
861 3453 925 3511 lieri
939 3467 1022 3526 posse
1036 3452 1179 3510 dicentur.
1196 3447 1254 3506 Ob-

199 3532 308 3592 iccium
321 3536 400 3594 enim
415 3537 537 3596 actionis
549 3537 690 3610 cuinsqne
705 3541 750 3596 est
763 3552 830 3611 ens3
848 3537 921 3611 qnod
938 3542 1035 3596 antem
1053 3539 1196 3610 repugnat
1210 3533 1254 3590 in-

200 3616 356 3689 trinsecus,
372 3621 403 3679 id
416 3621 490 3680 entis
505 3621 615 3680 ratione
630 3619 746 3695 prorsus
762 3627 848 3682 caret.
865 3621 979 3681 infinito
989 3623 1085 3681 antem
1098 3619 1149 3679 llei
1163 3619 1258 3680 virtue

199 3702 230 3762 in
244 3702 301 3761 boc
315 3705 449 3779 comitur,
467 3707 544 3780 quod
561 3705 661 3766 omnia
674 3707 789 3767 efficere
807 3707 906 3782 possit,
924 3722 997 3782 quae
1015 3707 1051 3765 ad
1071 3703 1258 3766 existendum

199 3791 266 3849 suut
277 3787 394 3860 idonea,
410 3804 464 3849 sen
476 3805 549 3866 quae
563 3791 786 3868 repugnantiam
801 3793 858 3854 sibi
871 3807 930 3854 non
944 3791 1103 3870 implicent.
