<?xml version="1.0" encoding="UTF-8"?>
<!DOCTYPE html PUBLIC "-//W3C//DTD XHTML 1.0 Transitional//EN"
    "http://www.w3.org/TR/xhtml1/DTD/xhtml1-transitional.dtd">
<html xmlns="http://www.w3.org/1999/xhtml" xml:lang="en" lang="en">
 <head>
  <title>
</title>
<meta http-equiv="Content-Type" content="text/html;charset=utf-8" />
  <meta name='ocr-system' content='tesseract 3.04.00' />
  <meta name='ocr-capabilities' content='ocr_page ocr_carea ocr_par ocr_line ocrx_word'/>
</head>
<body>
  <div class='ocr_page' id='page_1' title='image "./institutionesph00libegoog_0711.png"; bbox 0 0 2767 4492; ppageno 0'>
   <div class='ocr_carea' id='block_1_1' title="bbox 529 269 1167 352">
    <p class='ocr_par' dir='ltr' id='par_1_1' title="bbox 529 269 1167 352">
     <span class='ocr_line' id='line_1_1' title="bbox 529 269 1167 352; baseline -0.019 1"><span class='ocrx_word' id='word_1_1' title='bbox 529 301 607 352; x_wconf 83' lang='lat' dir='ltr'>mars</span> <span class='ocrx_word' id='word_1_2' title='bbox 624 299 766 351; x_wconf 81' lang='lat' dir='ltr'>uaaouaa</span> <span class='ocrx_word' id='word_1_3' title='bbox 800 304 804 310; x_wconf 94' lang='lat'><em>·</em></span> <span class='ocrx_word' id='word_1_4' title='bbox 1114 269 1167 341; x_wconf 76' lang='lat' dir='ltr'>llll</span> 
     </span>
    </p>
   </div>
   <div class='ocr_carea' id='block_1_2' title="bbox 125 376 1183 2512">
    <p class='ocr_par' dir='ltr' id='par_1_2' title="bbox 125 376 1177 1664">
     <span class='ocr_line' id='line_1_2' title="bbox 130 376 1166 466; baseline -0.032 -2"><span class='ocrx_word' id='word_1_5' title='bbox 130 406 228 466; x_wconf 79' lang='lat' dir='ltr'>mator</span> <span class='ocrx_word' id='word_1_6' title='bbox 243 397 268 458; x_wconf 75' lang='lat' dir='ltr'>l,</span> <span class='ocrx_word' id='word_1_7' title='bbox 284 392 428 459; x_wconf 77' lang='lat' dir='ltr'><strong>Posterius</strong></span> <span class='ocrx_word' id='word_1_8' title='bbox 439 391 492 452; x_wconf 87' lang='lat' dir='ltr'>hoc</span> <span class='ocrx_word' id='word_1_9' title='bbox 507 391 623 450; x_wconf 90' lang='lat' dir='ltr'>omuino</span> <span class='ocrx_word' id='word_1_10' title='bbox 638 386 744 460; x_wconf 78' lang='lat' dir='ltr'>requiri</span> <span class='ocrx_word' id='word_1_11' title='bbox 760 382 847 443; x_wconf 91' lang='lat' dir='ltr'>ailad</span> <span class='ocrx_word' id='word_1_12' title='bbox 860 378 1009 442; x_wconf 81' lang='lat' dir='ltr'>honestam</span> <span class='ocrx_word' id='word_1_13' title='bbox 1026 376 1166 438; x_wconf 80' lang='lat' dir='ltr'>actionem</span> 
     </span>
     <span class='ocr_line' id='line_1_3' title="bbox 130 469 1166 556; baseline -0.032 -6"><span class='ocrx_word' id='word_1_14' title='bbox 130 486 369 556; x_wconf 81' lang='lat' dir='ltr'>constituendam3</span> <span class='ocrx_word' id='word_1_15' title='bbox 387 480 425 538; x_wconf 86' lang='lat' dir='ltr'>ita</span> <span class='ocrx_word' id='word_1_16' title='bbox 436 479 500 538; x_wconf 84' lang='lat' dir='ltr'>utsi</span> <span class='ocrx_word' id='word_1_17' title='bbox 518 477 591 536; x_wconf 88' lang='lat' dir='ltr'>actio</span> <span class='ocrx_word' id='word_1_18' title='bbox 608 475 660 548; x_wconf 84' lang='lat' dir='ltr'>legi</span> <span class='ocrx_word' id='word_1_19' title='bbox 678 469 831 530; x_wconf 78' lang='lat' dir='ltr'>coartormis</span> <span class='ocrx_word' id='word_1_20' title='bbox 846 469 991 540; x_wconf 77' lang='lat' dir='ltr'>eliciatur,</span> <span class='ocrx_word' id='word_1_21' title='bbox 1004 481 1059 524; x_wconf 92' lang='lat' dir='ltr'>nou</span> <span class='ocrx_word' id='word_1_22' title='bbox 1072 469 1166 520; x_wconf 87' lang='lat' dir='ltr'>tamen</span> 
     </span>
     <span class='ocr_line' id='line_1_4' title="bbox 128 544 1169 648; baseline -0.031 -14"><span class='ocrx_word' id='word_1_23' title='bbox 128 581 242 648; x_wconf 88' lang='lat' dir='ltr'>propter</span> <span class='ocrx_word' id='word_1_24' title='bbox 254 569 399 644; x_wconf 89' lang='lat' dir='ltr'>inpulsum</span> <span class='ocrx_word' id='word_1_25' title='bbox 415 560 633 624; x_wconf 75' lang='lat' dir='ltr'>existimationis</span> <span class='ocrx_word' id='word_1_26' title='bbox 648 564 677 616; x_wconf 89' lang='lat' dir='ltr'>et</span> <span class='ocrx_word' id='word_1_27' title='bbox 692 554 891 614; x_wconf 79' lang='lat' dir='ltr'>observantiae</span> <span class='ocrx_word' id='word_1_28' title='bbox 911 554 1000 626; x_wconf 88' lang='lat' dir='ltr'>ipsius</span> <span class='ocrx_word' id='word_1_29' title='bbox 1015 550 1101 623; x_wconf 75' lang='lat' dir='ltr'>legis,</span> <span class='ocrx_word' id='word_1_30' title='bbox 1118 544 1169 605; x_wconf 90' lang='lat' dir='ltr'>sed</span> 
     </span>
     <span class='ocr_line' id='line_1_5' title="bbox 130 631 1169 717; baseline -0.026 0"><span class='ocrx_word' id='word_1_31' title='bbox 130 657 234 717; x_wconf 91' lang='lat' dir='ltr'>iutuitu</span> <span class='ocrx_word' id='word_1_32' title='bbox 249 653 364 714; x_wconf 87' lang='lat' dir='ltr'>alterius</span> <span class='ocrx_word' id='word_1_33' title='bbox 379 649 447 710; x_wconf 89' lang='lat' dir='ltr'>boui</span> <span class='ocrx_word' id='word_1_34' title='bbox 466 647 549 706; x_wconf 87' lang='lat' dir='ltr'>nobis</span> <span class='ocrx_word' id='word_1_35' title='bbox 563 641 713 706; x_wconf 90' lang='lat' dir='ltr'>obventuri</span> <span class='ocrx_word' id='word_1_36' title='bbox 730 646 780 699; x_wconf 92' lang='lat' dir='ltr'>aut</span> <span class='ocrx_word' id='word_1_37' title='bbox 794 637 910 696; x_wconf 86' lang='lat' dir='ltr'>alterius</span> <span class='ocrx_word' id='word_1_38' title='bbox 932 637 1069 709; x_wconf 83' lang='lat' dir='ltr'>cuiusque</span> <span class='ocrx_word' id='word_1_39' title='bbox 1085 631 1169 692; x_wconf 86' lang='lat' dir='ltr'>ratio-</span> 
     </span>
     <span class='ocr_line' id='line_1_6' title="bbox 130 717 1168 815; baseline -0.027 -13"><span class='ocrx_word' id='word_1_40' title='bbox 130 743 176 802; x_wconf 88' lang='lat' dir='ltr'>nis</span> <span class='ocrx_word' id='word_1_41' title='bbox 189 756 262 815; x_wconf 90' lang='lat' dir='ltr'>quae</span> <span class='ocrx_word' id='word_1_42' title='bbox 275 740 362 812; x_wconf 76' lang='lat' dir='ltr'>alege</span> <span class='ocrx_word' id='word_1_43' title='bbox 377 736 582 806; x_wconf 72' lang='lat' dir='ltr'>distinguatur,</span> <span class='ocrx_word' id='word_1_44' title='bbox 598 728 672 788; x_wconf 87' lang='lat' dir='ltr'>aelio</span> <span class='ocrx_word' id='word_1_45' title='bbox 689 728 754 784; x_wconf 91' lang='lat' dir='ltr'>licet</span> <span class='ocrx_word' id='word_1_46' title='bbox 770 722 915 798; x_wconf 80' lang='lat' dir='ltr'>tepotttote</span> <span class='ocrx_word' id='word_1_47' title='bbox 930 720 1050 791; x_wconf 76' lang='lat' dir='ltr'>leuatam,</span> <span class='ocrx_word' id='word_1_48' title='bbox 1064 717 1168 776; x_wconf 79' lang='lat' dir='ltr'>nihilo·</span> 
     </span>
     <span class='ocr_line' id='line_1_7' title="bbox 131 802 1171 889; baseline -0.026 -3"><span class='ocrx_word' id='word_1_49' title='bbox 131 823 404 886; x_wconf 81' lang='lat' dir='ltr'>miuusutorolitota</span> <span class='ocrx_word' id='word_1_50' title='bbox 419 824 514 878; x_wconf 90' lang='lat' dir='ltr'>careat</span> <span class='ocrx_word' id='word_1_51' title='bbox 529 833 562 876; x_wconf 90' lang='lat' dir='ltr'>ac</span> <span class='ocrx_word' id='word_1_52' title='bbox 578 813 669 889; x_wconf 85' lang='lat' dir='ltr'>turpis</span> <span class='ocrx_word' id='word_1_53' title='bbox 685 811 817 870; x_wconf 86' lang='lat' dir='ltr'>habenda</span> <span class='ocrx_word' id='word_1_54' title='bbox 831 809 869 867; x_wconf 87' lang='lat' dir='ltr'>sit</span> <span class='ocrx_word' id='word_1_55' title='bbox 884 807 909 862; x_wconf 83' lang='lat'>2.</span> <span class='ocrx_word' id='word_1_56' title='bbox 922 805 998 864; x_wconf 89' lang='lat' dir='ltr'>llanc</span> <span class='ocrx_word' id='word_1_57' title='bbox 1014 802 1171 862; x_wconf 78' lang='lat' dir='ltr'>doctrinam</span> 
     </span>
     <span class='ocr_line' id='line_1_8' title="bbox 132 887 1172 981; baseline -0.027 -10"><span class='ocrx_word' id='word_1_58' title='bbox 132 913 320 971; x_wconf 88' lang='lat' dir='ltr'>communiter</span> <span class='ocrx_word' id='word_1_59' title='bbox 334 901 586 981; x_wconf 84' lang='lat' dir='ltr'>sequunturhuius</span> <span class='ocrx_word' id='word_1_60' title='bbox 602 897 702 959; x_wconf 86' lang='lat' dir='ltr'>aetatis</span> <span class='ocrx_word' id='word_1_61' title='bbox 717 891 911 954; x_wconf 89' lang='lat' dir='ltr'>rationalistae</span> <span class='ocrx_word' id='word_1_62' title='bbox 925 887 1096 962; x_wconf 48' lang='lat' dir='ltr'>omuessqui</span> <span class='ocrx_word' id='word_1_63' title='bbox 1112 903 1172 945; x_wconf 88' lang='lat' dir='ltr'>sae·</span> 
     </span>
     <span class='ocr_line' id='line_1_9' title="bbox 133 973 1172 1072; baseline -0.027 -15"><span class='ocrx_word' id='word_1_64' title='bbox 133 1013 168 1072; x_wconf 93' lang='lat' dir='ltr'>pe</span> <span class='ocrx_word' id='word_1_65' title='bbox 182 997 273 1070; x_wconf 90' lang='lat' dir='ltr'>plenis</span> <span class='ocrx_word' id='word_1_66' title='bbox 284 993 380 1052; x_wconf 87' lang='lat' dir='ltr'>buccis</span> <span class='ocrx_word' id='word_1_67' title='bbox 391 991 547 1048; x_wconf 86' lang='lat' dir='ltr'>inclamant</span> <span class='ocrx_word' id='word_1_68' title='bbox 557 983 684 1043; x_wconf 91' lang='lat' dir='ltr'>ollloium</span> <span class='ocrx_word' id='word_1_69' title='bbox 696 978 812 1039; x_wconf 88' lang='lat' dir='ltr'>uouulsi</span> <span class='ocrx_word' id='word_1_70' title='bbox 829 984 941 1050; x_wconf 91' lang='lat' dir='ltr'>propter</span> <span class='ocrx_word' id='word_1_71' title='bbox 955 973 1079 1046; x_wconf 89' lang='lat' dir='ltr'>seipsum</span> <span class='ocrx_word' id='word_1_72' title='bbox 1094 987 1172 1045; x_wconf 88' lang='lat' dir='ltr'>prae·</span> 
     </span>
     <span class='ocr_line' id='line_1_10' title="bbox 134 1059 1173 1152; baseline -0.027 -11"><span class='ocrx_word' id='word_1_73' title='bbox 134 1084 266 1141; x_wconf 88' lang='lat' dir='ltr'>staudum</span> <span class='ocrx_word' id='word_1_74' title='bbox 281 1095 360 1152; x_wconf 79' lang='lat' dir='ltr'>esse,</span> <span class='ocrx_word' id='word_1_75' title='bbox 376 1075 437 1135; x_wconf 89' lang='lat' dir='ltr'>siue</span> <span class='ocrx_word' id='word_1_76' title='bbox 458 1076 514 1132; x_wconf 93' lang='lat' dir='ltr'>ullo</span> <span class='ocrx_word' id='word_1_77' title='bbox 537 1072 591 1130; x_wconf 89' lang='lat' dir='ltr'>alio</span> <span class='ocrx_word' id='word_1_78' title='bbox 612 1070 798 1128; x_wconf 83' lang='lat' dir='ltr'>inuitamento</span> <span class='ocrx_word' id='word_1_79' title='bbox 818 1065 894 1137; x_wconf 83' lang='lat' dir='ltr'>quod</span> <span class='ocrx_word' id='word_1_80' title='bbox 913 1077 964 1120; x_wconf 91' lang='lat' dir='ltr'>nos</span> <span class='ocrx_word' id='word_1_81' title='bbox 985 1059 1103 1129; x_wconf 82' lang='lat' dir='ltr'>alliciat,</span> <span class='ocrx_word' id='word_1_82' title='bbox 1120 1071 1173 1116; x_wconf 88' lang='lat' dir='ltr'>uec</span> 
     </span>
     <span class='ocr_line' id='line_1_11' title="bbox 133 1140 1173 1242; baseline -0.028 -14"><span class='ocrx_word' id='word_1_83' title='bbox 133 1185 183 1242; x_wconf 84' lang='lat' dir='ltr'>spe</span> <span class='ocrx_word' id='word_1_84' title='bbox 201 1162 440 1226; x_wconf 86' lang='lat' dir='ltr'>remunerationis</span> <span class='ocrx_word' id='word_1_85' title='bbox 458 1165 508 1218; x_wconf 90' lang='lat' dir='ltr'>aut</span> <span class='ocrx_word' id='word_1_86' title='bbox 530 1163 607 1216; x_wconf 90' lang='lat' dir='ltr'>metu</span> <span class='ocrx_word' id='word_1_87' title='bbox 625 1167 798 1230; x_wconf 84' lang='lat' dir='ltr'>poenarum3</span> <span class='ocrx_word' id='word_1_88' title='bbox 817 1156 847 1208; x_wconf 93' lang='grc' dir='ltr'>ιιι</span> <span class='ocrx_word' id='word_1_89' title='bbox 867 1147 916 1222; x_wconf 88' lang='lat' dir='ltr'>qui</span> <span class='ocrx_word' id='word_1_90' title='bbox 936 1161 1018 1205; x_wconf 85' lang='lat' dir='ltr'>secus</span> <span class='ocrx_word' id='word_1_91' title='bbox 1038 1144 1119 1212; x_wconf 88' lang='lat' dir='ltr'>lucit,</span> <span class='ocrx_word' id='word_1_92' title='bbox 1137 1140 1173 1200; x_wconf 90' lang='lat' dir='ltr'>ab</span> 
     </span>
     <span class='ocr_line' id='line_1_12' title="bbox 135 1231 1175 1314; baseline -0.03 0"><span class='ocrx_word' id='word_1_93' title='bbox 135 1255 279 1314; x_wconf 87' lang='lat' dir='ltr'>honestate</span> <span class='ocrx_word' id='word_1_94' title='bbox 294 1247 441 1306; x_wconf 84' lang='lat' dir='ltr'>desciscat.</span> <span class='ocrx_word' id='word_1_95' title='bbox 462 1243 567 1302; x_wconf 87' lang='lat' dir='ltr'>Horum</span> <span class='ocrx_word' id='word_1_96' title='bbox 583 1246 678 1301; x_wconf 87' lang='lat' dir='ltr'>tamen</span> <span class='ocrx_word' id='word_1_97' title='bbox 699 1237 847 1296; x_wconf 82' lang='lat' dir='ltr'>doctorum</span> <span class='ocrx_word' id='word_1_98' title='bbox 862 1233 950 1292; x_wconf 86' lang='lat' dir='ltr'>vitam</span> <span class='ocrx_word' id='word_1_99' title='bbox 965 1231 989 1290; x_wconf 87' lang='lat' dir='ltr'>ai</span> <span class='ocrx_word' id='word_1_100' title='bbox 1009 1244 1075 1289; x_wconf 89' lang='lat' dir='ltr'>curu</span> <span class='ocrx_word' id='word_1_101' title='bbox 1095 1241 1175 1302; x_wconf 85' lang='lat' dir='ltr'>pcae-</span> 
     </span>
     <span class='ocr_line' id='line_1_13' title="bbox 135 1316 1175 1410; baseline -0.021 -15"><span class='ocrx_word' id='word_1_102' title='bbox 135 1337 223 1410; x_wconf 90' lang='lat' dir='ltr'>ceptis</span> <span class='ocrx_word' id='word_1_103' title='bbox 238 1348 393 1406; x_wconf 77' lang='lat' dir='ltr'>compares,</span> <span class='ocrx_word' id='word_1_104' title='bbox 411 1343 517 1388; x_wconf 82' lang='lat' dir='ltr'>uorum</span> <span class='ocrx_word' id='word_1_105' title='bbox 532 1331 734 1400; x_wconf 80' lang='lat' dir='ltr'>argumentum</span> <span class='ocrx_word' id='word_1_106' title='bbox 751 1319 802 1378; x_wconf 86' lang='lat' dir='ltr'>uni</span> <span class='ocrx_word' id='word_1_107' title='bbox 812 1326 925 1394; x_wconf 88' lang='lat' dir='ltr'>praesto</span> <span class='ocrx_word' id='word_1_108' title='bbox 939 1316 1002 1387; x_wconf 75' lang='lat' dir='ltr'>erit,</span> <span class='ocrx_word' id='word_1_109' title='bbox 1020 1329 1077 1372; x_wconf 92' lang='lat' dir='ltr'>nou</span> <span class='ocrx_word' id='word_1_110' title='bbox 1094 1327 1175 1386; x_wconf 80' lang='lat' dir='ltr'>posse</span> 
     </span>
     <span class='ocr_line' id='line_1_14' title="bbox 136 1395 1175 1484; baseline -0.018 -7"><span class='ocrx_word' id='word_1_111' title='bbox 136 1421 274 1478; x_wconf 83' lang='lat' dir='ltr'>rationem</span> <span class='ocrx_word' id='word_1_112' title='bbox 289 1417 343 1476; x_wconf 89' lang='lat' dir='ltr'>sibl</span> <span class='ocrx_word' id='word_1_113' title='bbox 359 1415 484 1474; x_wconf 87' lang='lat' dir='ltr'>relictam</span> <span class='ocrx_word' id='word_1_114' title='bbox 501 1413 555 1472; x_wconf 84' lang='lat' dir='ltr'>nial</span> <span class='ocrx_word' id='word_1_115' title='bbox 572 1411 675 1471; x_wconf 88' lang='lat' dir='ltr'>stoicos</span> <span class='ocrx_word' id='word_1_116' title='bbox 693 1421 845 1484; x_wconf 79' lang='lat' dir='ltr'>generare,</span> <span class='ocrx_word' id='word_1_117' title='bbox 862 1403 912 1479; x_wconf 82' lang='lat' dir='ltr'>qui</span> <span class='ocrx_word' id='word_1_118' title='bbox 933 1401 1066 1461; x_wconf 81' lang='lat' dir='ltr'>uirtutem</span> <span class='ocrx_word' id='word_1_119' title='bbox 1088 1399 1123 1456; x_wconf 86' lang='lat' dir='ltr'>od</span> <span class='ocrx_word' id='word_1_120' title='bbox 1138 1395 1175 1473; x_wconf 65' lang='lat' dir='ltr'>tif</span> 
     </span>
     <span class='ocr_line' id='line_1_15' title="bbox 125 1479 1177 1578; baseline -0.024 -15"><span class='ocrx_word' id='word_1_121' title='bbox 125 1503 312 1578; x_wconf 63' lang='lat' dir='ltr'>„girtissimam</span> <span class='ocrx_word' id='word_1_122' title='bbox 332 1502 512 1560; x_wconf 87' lang='lat' dir='ltr'>severitatem</span> <span class='ocrx_word' id='word_1_123' title='bbox 533 1495 627 1556; x_wconf 83' lang='lat' dir='ltr'>uerbis</span> <span class='ocrx_word' id='word_1_124' title='bbox 648 1493 803 1552; x_wconf 76' lang='lat' dir='ltr'>adduxisse</span> <span class='ocrx_word' id='word_1_125' title='bbox 824 1487 964 1559; x_wconf 76' lang='lat' dir='ltr'>conteuti,</span> <span class='ocrx_word' id='word_1_126' title='bbox 981 1492 1125 1554; x_wconf 86' lang='lat' dir='ltr'>ceterum,</span> <span class='ocrx_word' id='word_1_127' title='bbox 1141 1479 1177 1538; x_wconf 85' lang='lat' dir='ltr'>ad</span> 
     </span>
     <span class='ocr_line' id='line_1_16' title="bbox 137 1566 1173 1664; baseline -0.02 -16"><span class='ocrx_word' id='word_1_128' title='bbox 137 1591 278 1664; x_wconf 83' lang='lat' dir='ltr'>agendum</span> <span class='ocrx_word' id='word_1_129' title='bbox 289 1589 361 1661; x_wconf 81' lang='lat' dir='ltr'>quod</span> <span class='ocrx_word' id='word_1_130' title='bbox 380 1585 486 1658; x_wconf 87' lang='lat' dir='ltr'>attinet,</span> <span class='ocrx_word' id='word_1_131' title='bbox 504 1583 702 1658; x_wconf 90' lang='lat' dir='ltr'>epicureorum</span> <span class='ocrx_word' id='word_1_132' title='bbox 718 1592 834 1652; x_wconf 72' lang='lat' dir='ltr'>graegem</span> <span class='ocrx_word' id='word_1_133' title='bbox 850 1573 1052 1649; x_wconf 83' lang='lat' dir='ltr'>sequebantur.</span> <span class='ocrx_word' id='word_1_134' title='bbox 1170 1566 1173 1572; x_wconf 89' lang='grc'>’</span> 
     </span>
    </p>

    <p class='ocr_par' dir='ltr' id='par_1_3' title="bbox 138 1651 1183 2512">
     <span class='ocr_line' id='line_1_17' title="bbox 175 1651 1177 1747; baseline -0.024 -13"><span class='ocrx_word' id='word_1_135' title='bbox 175 1675 245 1747; x_wconf 83' lang='lat' dir='ltr'>Sed,</span> <span class='ocrx_word' id='word_1_136' title='bbox 263 1679 293 1732; x_wconf 91' lang='lat' dir='ltr'>ut</span> <span class='ocrx_word' id='word_1_137' title='bbox 308 1671 344 1731; x_wconf 88' lang='lat' dir='ltr'>ad</span> <span class='ocrx_word' id='word_1_138' title='bbox 359 1688 410 1731; x_wconf 91' lang='lat' dir='ltr'>uos</span> <span class='ocrx_word' id='word_1_139' title='bbox 425 1671 586 1740; x_wconf 82' lang='lat' dir='ltr'>redeamus,</span> <span class='ocrx_word' id='word_1_140' title='bbox 604 1667 674 1726; x_wconf 87' lang='lat' dir='ltr'>haec</span> <span class='ocrx_word' id='word_1_141' title='bbox 689 1664 811 1728; x_wconf 84' lang='lat' dir='ltr'>theoria,</span> <span class='ocrx_word' id='word_1_142' title='bbox 827 1677 901 1736; x_wconf 88' lang='lat' dir='ltr'>quae</span> <span class='ocrx_word' id='word_1_143' title='bbox 916 1658 1041 1732; x_wconf 86' lang='lat' dir='ltr'>speciem</span> <span class='ocrx_word' id='word_1_144' title='bbox 1056 1651 1177 1728; x_wconf 80' lang='lat' dir='ltr'>dignita·</span> 
     </span>
     <span class='ocr_line' id='line_1_18' title="bbox 140 1739 1178 1828; baseline -0.022 -9"><span class='ocrx_word' id='word_1_145' title='bbox 140 1760 175 1819; x_wconf 88' lang='lat' dir='ltr'>lis</span> <span class='ocrx_word' id='word_1_146' title='bbox 191 1757 293 1816; x_wconf 82' lang='lat' dir='ltr'>nabere</span> <span class='ocrx_word' id='word_1_147' title='bbox 310 1756 438 1828; x_wconf 82' lang='lat' dir='ltr'>videtur,</span> <span class='ocrx_word' id='word_1_148' title='bbox 456 1770 512 1814; x_wconf 92' lang='lat' dir='ltr'>nou</span> <span class='ocrx_word' id='word_1_149' title='bbox 529 1754 619 1812; x_wconf 73' lang='lat' dir='ltr'>soleam</span> <span class='ocrx_word' id='word_1_150' title='bbox 636 1750 757 1809; x_wconf 89' lang='lat' dir='ltr'>lalsitate</span> <span class='ocrx_word' id='word_1_151' title='bbox 772 1747 891 1818; x_wconf 81' lang='lat' dir='ltr'>laborat,</span> <span class='ocrx_word' id='word_1_152' title='bbox 907 1745 957 1804; x_wconf 91' lang='lat' dir='ltr'>sed</span> <span class='ocrx_word' id='word_1_153' title='bbox 972 1740 1058 1802; x_wconf 90' lang='lat' dir='ltr'>etiam</span> <span class='ocrx_word' id='word_1_154' title='bbox 1073 1740 1097 1798; x_wconf 88' lang='lat' dir='ltr'>si</span> <span class='ocrx_word' id='word_1_155' title='bbox 1114 1739 1178 1805; x_wconf 58' lang='lat' dir='ltr'>lun,-</span> 
     </span>
     <span class='ocr_line' id='line_1_19' title="bbox 138 1822 1179 1914; baseline -0.019 -13"><span class='ocrx_word' id='word_1_156' title='bbox 138 1844 214 1901; x_wconf 86' lang='lat' dir='ltr'>dilua</span> <span class='ocrx_word' id='word_1_157' title='bbox 228 1841 395 1900; x_wconf 85' lang='lat' dir='ltr'>discutiatur</span> <span class='ocrx_word' id='word_1_158' title='bbox 412 1839 500 1914; x_wconf 89' lang='lat' dir='ltr'>turpis</span> <span class='ocrx_word' id='word_1_159' title='bbox 515 1845 566 1910; x_wconf 87' lang='lat' dir='ltr'>est,</span> <span class='ocrx_word' id='word_1_160' title='bbox 584 1843 679 1896; x_wconf 92' lang='lat' dir='ltr'>etnon</span> <span class='ocrx_word' id='word_1_161' title='bbox 696 1835 731 1892; x_wconf 88' lang='lat' dir='ltr'>ad</span> <span class='ocrx_word' id='word_1_162' title='bbox 747 1833 893 1891; x_wconf 81' lang='lat' dir='ltr'>homiuem</span> <span class='ocrx_word' id='word_1_163' title='bbox 908 1827 1113 1888; x_wconf 88' lang='lat' dir='ltr'>nobilitandum</span> <span class='ocrx_word' id='word_1_164' title='bbox 1129 1822 1179 1890; x_wconf 88' lang='lat' dir='ltr'>sed</span> 
     </span>
     <span class='ocr_line' id='line_1_20' title="bbox 138 1911 1180 2002; baseline -0.017 -16"><span class='ocrx_word' id='word_1_165' title='bbox 138 1928 354 2002; x_wconf 74' lang='lat' dir='ltr'>deprimentium</span> <span class='ocrx_word' id='word_1_166' title='bbox 369 1931 536 2000; x_wconf 88' lang='lat' dir='ltr'>opportuna.</span> <span class='ocrx_word' id='word_1_167' title='bbox 555 1923 590 1982; x_wconf 79' lang='lat' dir='ltr'>Et</span> <span class='ocrx_word' id='word_1_168' title='bbox 604 1921 634 1981; x_wconf 92' lang='lat' dir='ltr'>iu</span> <span class='ocrx_word' id='word_1_169' title='bbox 652 1920 765 1996; x_wconf 86' lang='lat' dir='ltr'>primis,</span> <span class='ocrx_word' id='word_1_170' title='bbox 783 1917 909 1976; x_wconf 89' lang='lat' dir='ltr'>olticium</span> <span class='ocrx_word' id='word_1_171' title='bbox 925 1920 1038 1990; x_wconf 87' lang='lat' dir='ltr'>propter</span> <span class='ocrx_word' id='word_1_172' title='bbox 1054 1911 1180 1985; x_wconf 87' lang='lat' dir='ltr'>seipsum</span> 
     </span>
     <span class='ocr_line' id='line_1_21' title="bbox 138 1995 1180 2093; baseline -0.018 -22"><span class='ocrx_word' id='word_1_173' title='bbox 138 2015 222 2071; x_wconf 90' lang='lat' dir='ltr'>unice</span> <span class='ocrx_word' id='word_1_174' title='bbox 238 2013 395 2093; x_wconf 85' lang='lat' dir='ltr'>inspectum</span> <span class='ocrx_word' id='word_1_175' title='bbox 407 2009 501 2069; x_wconf 89' lang='lat' dir='ltr'>nobile</span> <span class='ocrx_word' id='word_1_176' title='bbox 515 2009 630 2082; x_wconf 78' lang='lat' dir='ltr'>quidem</span> <span class='ocrx_word' id='word_1_177' title='bbox 646 2005 784 2064; x_wconf 85' lang='lat' dir='ltr'>motivum</span> <span class='ocrx_word' id='word_1_178' title='bbox 800 2001 934 2071; x_wconf 81' lang='lat' dir='ltr'>continet,</span> <span class='ocrx_word' id='word_1_179' title='bbox 951 2006 980 2058; x_wconf 94' lang='lat' dir='ltr'>at</span> <span class='ocrx_word' id='word_1_180' title='bbox 992 2014 1048 2056; x_wconf 92' lang='lat' dir='ltr'>nou</span> <span class='ocrx_word' id='word_1_181' title='bbox 1064 1995 1180 2055; x_wconf 81' lang='lat' dir='ltr'>nobilia·</span> 
     </span>
     <span class='ocr_line' id='line_1_22' title="bbox 139 2081 1178 2167; baseline -0.019 -10"><span class='ocrx_word' id='word_1_182' title='bbox 139 2099 253 2157; x_wconf 87' lang='lat' dir='ltr'>simum.</span> <span class='ocrx_word' id='word_1_183' title='bbox 270 2097 418 2154; x_wconf 88' lang='lat' dir='ltr'>Summum</span> <span class='ocrx_word' id='word_1_184' title='bbox 433 2095 510 2152; x_wconf 89' lang='lat' dir='ltr'>euim</span> <span class='ocrx_word' id='word_1_185' title='bbox 525 2091 708 2167; x_wconf 79' lang='lat' dir='ltr'>perfectiouis</span> <span class='ocrx_word' id='word_1_186' title='bbox 723 2088 845 2163; x_wconf 82' lang='lat' dir='ltr'>gradum</span> <span class='ocrx_word' id='word_1_187' title='bbox 855 2103 890 2153; x_wconf 86' lang='lat' dir='ltr'>ea</span> <span class='ocrx_word' id='word_1_188' title='bbox 901 2092 1011 2144; x_wconf 90' lang='lat' dir='ltr'>tantum</span> <span class='ocrx_word' id='word_1_189' title='bbox 1027 2081 1099 2141; x_wconf 88' lang='lat' dir='ltr'>ratio</span> <span class='ocrx_word' id='word_1_190' title='bbox 1113 2095 1178 2155; x_wconf 91' lang='lat' dir='ltr'>ope·</span> 
     </span>
     <span class='ocr_line' id='line_1_23' title="bbox 138 2165 1181 2252; baseline -0.015 -10"><span class='ocrx_word' id='word_1_191' title='bbox 138 2183 220 2242; x_wconf 86' lang='lat' dir='ltr'>randi</span> <span class='ocrx_word' id='word_1_192' title='bbox 237 2183 291 2240; x_wconf 78' lang='lat' dir='ltr'>silai</span> <span class='ocrx_word' id='word_1_193' title='bbox 311 2181 442 2252; x_wconf 84' lang='lat' dir='ltr'>vindieat,</span> <span class='ocrx_word' id='word_1_194' title='bbox 460 2194 532 2252; x_wconf 85' lang='lat' dir='ltr'>quae</span> <span class='ocrx_word' id='word_1_195' title='bbox 552 2175 644 2235; x_wconf 91' lang='lat' dir='ltr'>ordini</span> <span class='ocrx_word' id='word_1_196' title='bbox 665 2176 747 2249; x_wconf 90' lang='lat' dir='ltr'>plane</span> <span class='ocrx_word' id='word_1_197' title='bbox 760 2173 945 2246; x_wconf 88' lang='lat' dir='ltr'>respondeat,</span> <span class='ocrx_word' id='word_1_198' title='bbox 963 2169 1125 2242; x_wconf 82' lang='lat' dir='ltr'>motivoque</span> <span class='ocrx_word' id='word_1_199' title='bbox 1139 2165 1181 2226; x_wconf 89' lang='lat' dir='ltr'>ui·</span> 
     </span>
     <span class='ocr_line' id='line_1_24' title="bbox 140 2250 1181 2340; baseline -0.016 -15"><span class='ocrx_word' id='word_1_200' title='bbox 140 2275 223 2340; x_wconf 77' lang='lat' dir='ltr'>atriu,</span> <span class='ocrx_word' id='word_1_201' title='bbox 237 2265 311 2340; x_wconf 86' lang='lat' dir='ltr'>quod</span> <span class='ocrx_word' id='word_1_202' title='bbox 327 2272 472 2338; x_wconf 82' lang='lat' dir='ltr'>tamquam</span> <span class='ocrx_word' id='word_1_203' title='bbox 486 2276 652 2336; x_wconf 87' lang='lat' dir='ltr'>supremum</span> <span class='ocrx_word' id='word_1_204' title='bbox 666 2259 704 2318; x_wconf 85' lang='lat' dir='ltr'>ab</span> <span class='ocrx_word' id='word_1_205' title='bbox 715 2259 813 2319; x_wconf 87' lang='lat' dir='ltr'>ordine</span> <span class='ocrx_word' id='word_1_206' title='bbox 829 2255 1036 2319; x_wconf 77' lang='lat' dir='ltr'>manifestetur.</span> <span class='ocrx_word' id='word_1_207' title='bbox 1053 2252 1136 2326; x_wconf 78' lang='lat' dir='ltr'>Atqui</span> <span class='ocrx_word' id='word_1_208' title='bbox 1152 2250 1181 2308; x_wconf 89' lang='lat' dir='ltr'>id</span> 
     </span>
     <span class='ocr_line' id='line_1_25' title="bbox 140 2337 1182 2423; baseline -0.014 -13"><span class='ocrx_word' id='word_1_209' title='bbox 140 2353 253 2411; x_wconf 89' lang='lat' dir='ltr'>uonuisi</span> <span class='ocrx_word' id='word_1_210' title='bbox 265 2351 294 2410; x_wconf 92' lang='lat' dir='ltr'>iu</span> <span class='ocrx_word' id='word_1_211' title='bbox 304 2351 396 2410; x_wconf 85' lang='lat' dir='ltr'>allicio</span> <span class='ocrx_word' id='word_1_212' title='bbox 409 2355 521 2423; x_wconf 81' lang='lat' dir='ltr'>propter</span> <span class='ocrx_word' id='word_1_213' title='bbox 531 2347 581 2406; x_wconf 88' lang='lat' dir='ltr'>llei</span> <span class='ocrx_word' id='word_1_214' title='bbox 592 2346 713 2422; x_wconf 74' lang='lat' dir='ltr'>gloriam</span> <span class='ocrx_word' id='word_1_215' title='bbox 724 2344 867 2419; x_wconf 88' lang='lat' dir='ltr'>implendo</span> <span class='ocrx_word' id='word_1_216' title='bbox 882 2343 1031 2418; x_wconf 87' lang='lat' dir='ltr'>reperitur.</span> <span class='ocrx_word' id='word_1_217' title='bbox 1044 2338 1094 2398; x_wconf 87' lang='lat' dir='ltr'>Hic</span> <span class='ocrx_word' id='word_1_218' title='bbox 1104 2337 1182 2397; x_wconf 89' lang='lat' dir='ltr'>enim</span> 
     </span>
     <span class='ocr_line' id='line_1_26' title="bbox 141 2421 1183 2512; baseline -0.013 -14"><span class='ocrx_word' id='word_1_219' title='bbox 141 2445 184 2498; x_wconf 90' lang='lat' dir='ltr'>est</span> <span class='ocrx_word' id='word_1_220' title='bbox 199 2437 264 2498; x_wconf 83' lang='lat' dir='ltr'>finis</span> <span class='ocrx_word' id='word_1_221' title='bbox 278 2452 362 2512; x_wconf 88' lang='lat' dir='ltr'>quem</span> <span class='ocrx_word' id='word_1_222' title='bbox 380 2441 488 2510; x_wconf 87' lang='lat' dir='ltr'>spectat</span> <span class='ocrx_word' id='word_1_223' title='bbox 500 2434 633 2494; x_wconf 87' lang='lat' dir='ltr'>universa</span> <span class='ocrx_word' id='word_1_224' title='bbox 647 2441 759 2504; x_wconf 82' lang='lat' dir='ltr'>natura,</span> <span class='ocrx_word' id='word_1_225' title='bbox 776 2447 849 2506; x_wconf 81' lang='lat' dir='ltr'>qarao</span> <span class='ocrx_word' id='word_1_226' title='bbox 869 2427 983 2487; x_wconf 89' lang='lat' dir='ltr'>nonnisi</span> <span class='ocrx_word' id='word_1_227' title='bbox 1002 2425 1089 2497; x_wconf 85' lang='lat' dir='ltr'>adid,</span> <span class='ocrx_word' id='word_1_228' title='bbox 1107 2421 1183 2497; x_wconf 86' lang='lat' dir='ltr'>qood</span> 
     </span>
    </p>
   </div>
   <div class='ocr_carea' id='block_1_3' title="bbox 94 2586 1209 3964">
    <p class='ocr_par' dir='ltr' id='par_1_4' title="bbox 94 2586 1188 3406">
     <span class='ocr_line' id='line_1_27' title="bbox 186 2586 1185 2660; baseline -0.017 -15"><span class='ocrx_word' id='word_1_229' title='bbox 186 2597 197 2645; x_wconf 94' lang='lat' dir='ltr'>l</span> <span class='ocrx_word' id='word_1_230' title='bbox 215 2595 269 2645; x_wconf 75' lang='lat' dir='ltr'>Vlla</span> <span class='ocrx_word' id='word_1_231' title='bbox 284 2595 381 2645; x_wconf 85' lang='lat' dir='ltr'>criticam</span> <span class='ocrx_word' id='word_1_232' title='bbox 394 2595 486 2644; x_wconf 83' lang='lat' dir='ltr'>rationis</span> <span class='ocrx_word' id='word_1_233' title='bbox 502 2595 608 2660; x_wconf 84' lang='lat' dir='ltr'>practicae</span> <span class='ocrx_word' id='word_1_234' title='bbox 624 2591 641 2640; x_wconf 91' lang='lat' dir='ltr'>l.</span> <span class='ocrx_word' id='word_1_235' title='bbox 658 2591 668 2638; x_wconf 88' lang='lat' dir='ltr'>l</span> <span class='ocrx_word' id='word_1_236' title='bbox 685 2630 691 2658; x_wconf 81' lang='lat'><em>,</em></span> <span class='ocrx_word' id='word_1_237' title='bbox 710 2609 729 2639; x_wconf 87' lang='lat' dir='ltr'>c.</span> <span class='ocrx_word' id='word_1_238' title='bbox 746 2591 770 2654; x_wconf 88' lang='lat' dir='ltr'>l,</span> <span class='ocrx_word' id='word_1_239' title='bbox 796 2589 822 2656; x_wconf 92' lang='lat'>3.</span> <span class='ocrx_word' id='word_1_240' title='bbox 838 2588 872 2654; x_wconf 84' lang='lat'>⁷,</span> <span class='ocrx_word' id='word_1_241' title='bbox 888 2586 980 2635; x_wconf 83' lang='lat' dir='ltr'>marimo</span> <span class='ocrx_word' id='word_1_242' title='bbox 993 2599 1044 2632; x_wconf 78' lang='lat' dir='ltr'>sero</span> <span class='ocrx_word' id='word_1_243' title='bbox 1061 2587 1125 2647; x_wconf 86' lang='lat' dir='ltr'>capot</span> <span class='ocrx_word' id='word_1_244' title='bbox 1139 2589 1185 2629; x_wconf 82' lang='lat' dir='ltr'>ter-</span> 
     </span>
     <span class='ocr_line' id='line_1_28' title="bbox 140 2655 1185 2736; baseline -0.019 -14"><span class='ocrx_word' id='word_1_245' title='bbox 140 2675 202 2722; x_wconf 87' lang='lat' dir='ltr'>tium.</span> <span class='ocrx_word' id='word_1_246' title='bbox 224 2675 290 2722; x_wconf 82' lang='lat' dir='ltr'>Poma</span> <span class='ocrx_word' id='word_1_247' title='bbox 304 2675 356 2722; x_wconf 86' lang='lat' dir='ltr'>haec</span> <span class='ocrx_word' id='word_1_248' title='bbox 371 2673 482 2720; x_wconf 84' lang='lat' dir='ltr'>distinctio</span> <span class='ocrx_word' id='word_1_249' title='bbox 498 2672 614 2736; x_wconf 73' lang='lat' dir='ltr'>legalitatis</span> <span class='ocrx_word' id='word_1_250' title='bbox 634 2677 655 2717; x_wconf 87' lang='lat' dir='ltr'>et</span> <span class='ocrx_word' id='word_1_251' title='bbox 674 2666 803 2716; x_wconf 83' lang='lat' dir='ltr'>moralitatis</span> <span class='ocrx_word' id='word_1_252' title='bbox 822 2666 862 2713; x_wconf 85' lang='lat' dir='ltr'>etsi</span> <span class='ocrx_word' id='word_1_253' title='bbox 879 2669 977 2727; x_wconf 88' lang='lat' dir='ltr'>respectu</span> <span class='ocrx_word' id='word_1_254' title='bbox 995 2662 1068 2721; x_wconf 70' lang='lat' dir='ltr'>legum</span> <span class='ocrx_word' id='word_1_255' title='bbox 1088 2655 1185 2726; x_wconf 75' lang='lat' dir='ltr'>ciuilium</span> 
     </span>
     <span class='ocr_line' id='line_1_29' title="bbox 140 2733 1185 2814; baseline -0.018 -16"><span class='ocrx_word' id='word_1_256' title='bbox 140 2749 197 2798; x_wconf 83' lang='grc' dir='ltr'>δοιιι</span> <span class='ocrx_word' id='word_1_257' title='bbox 211 2751 258 2814; x_wconf 80' lang='lat' dir='ltr'>sil,</span> <span class='ocrx_word' id='word_1_258' title='bbox 274 2758 344 2798; x_wconf 87' lang='lat' dir='ltr'>tamen</span> <span class='ocrx_word' id='word_1_259' title='bbox 361 2757 459 2814; x_wconf 84' lang='lat' dir='ltr'>respecta</span> <span class='ocrx_word' id='word_1_260' title='bbox 473 2749 527 2812; x_wconf 74' lang='lat' dir='ltr'>legis</span> <span class='ocrx_word' id='word_1_261' title='bbox 543 2757 633 2796; x_wconf 86' lang='lat' dir='ltr'>naturae</span> <span class='ocrx_word' id='word_1_262' title='bbox 648 2745 734 2793; x_wconf 84' lang='lat' dir='ltr'>inutilis</span> <span class='ocrx_word' id='word_1_263' title='bbox 749 2743 814 2807; x_wconf 88' lang='lat' dir='ltr'>plane</span> <span class='ocrx_word' id='word_1_264' title='bbox 829 2741 922 2788; x_wconf 81' lang='lat' dir='ltr'>ridetur.</span> <span class='ocrx_word' id='word_1_265' title='bbox 939 2737 1057 2799; x_wconf 76' lang='lat' dir='ltr'>Lepislatur</span> <span class='ocrx_word' id='word_1_266' title='bbox 1071 2733 1130 2782; x_wconf 89' lang='lat' dir='ltr'>euim</span> <span class='ocrx_word' id='word_1_267' title='bbox 1145 2733 1185 2780; x_wconf 66' lang='lat' dir='ltr'>lau⁴</span> 
     </span>
     <span class='ocr_line' id='line_1_30' title="bbox 140 2810 1186 2888; baseline -0.015 -14"><span class='ocrx_word' id='word_1_268' title='bbox 140 2844 226 2888; x_wconf 86' lang='lat' dir='ltr'>manns,</span> <span class='ocrx_word' id='word_1_269' title='bbox 242 2841 291 2872; x_wconf 88' lang='lat' dir='ltr'>cum</span> <span class='ocrx_word' id='word_1_270' title='bbox 302 2828 399 2872; x_wconf 87' lang='lat' dir='ltr'>animum</span> <span class='ocrx_word' id='word_1_271' title='bbox 411 2827 532 2888; x_wconf 81' lang='lat' dir='ltr'>perspicere</span> <span class='ocrx_word' id='word_1_272' title='bbox 547 2829 648 2887; x_wconf 84' lang='lat' dir='ltr'>nequeat,</span> <span class='ocrx_word' id='word_1_273' title='bbox 666 2818 843 2868; x_wconf 81' lang='lat' dir='ltr'>convenientiam</span> <span class='ocrx_word' id='word_1_274' title='bbox 854 2817 965 2862; x_wconf 73' lang='lat' dir='ltr'>dumtaxat</span> <span class='ocrx_word' id='word_1_275' title='bbox 975 2813 1066 2860; x_wconf 80' lang='lat' dir='ltr'>actionis</span> <span class='ocrx_word' id='word_1_276' title='bbox 1075 2828 1125 2858; x_wconf 85' lang='lat' dir='ltr'>com</span> <span class='ocrx_word' id='word_1_277' title='bbox 1138 2810 1186 2872; x_wconf 75' lang='lat' dir='ltr'>lepe</span> 
     </span>
     <span class='ocr_line' id='line_1_31' title="bbox 141 2888 1186 2962; baseline -0.014 -14"><span class='ocrx_word' id='word_1_278' title='bbox 141 2918 179 2948; x_wconf 82' lang='lat' dir='ltr'>eeu</span> <span class='ocrx_word' id='word_1_279' title='bbox 195 2903 240 2948; x_wconf 85' lang='lat' dir='ltr'>eins</span> <span class='ocrx_word' id='word_1_280' title='bbox 256 2899 385 2961; x_wconf 69' lang='lat' dir='ltr'>legalitatem</span> <span class='ocrx_word' id='word_1_281' title='bbox 398 2900 512 2962; x_wconf 79' lang='lat' dir='ltr'>rliiualieat,</span> <span class='ocrx_word' id='word_1_282' title='bbox 524 2900 668 2946; x_wconf 83' lang='lat' dir='ltr'>intentionem</span> <span class='ocrx_word' id='word_1_283' title='bbox 681 2904 754 2943; x_wconf 80' lang='grc' dir='ltr'>ιιιιιιιι</span> <span class='ocrx_word' id='word_1_284' title='bbox 764 2894 857 2955; x_wconf 71' lang='lat' dir='ltr'>agentis,</span> <span class='ocrx_word' id='word_1_285' title='bbox 874 2892 916 2938; x_wconf 82' lang='lat' dir='ltr'>nisi</span> <span class='ocrx_word' id='word_1_286' title='bbox 927 2891 1039 2938; x_wconf 80' lang='lat' dir='ltr'>evidenter</span> <span class='ocrx_word' id='word_1_287' title='bbox 1053 2888 1186 2936; x_wconf 85' lang='lat' dir='ltr'>contrarium</span> 
     </span>
     <span class='ocr_line' id='line_1_32' title="bbox 140 2963 1186 3040; baseline -0.014 -16"><span class='ocrx_word' id='word_1_288' title='bbox 140 2980 220 3040; x_wconf 85' lang='lat' dir='ltr'>pateat,</span> <span class='ocrx_word' id='word_1_289' title='bbox 236 2991 320 3038; x_wconf 86' lang='lat' dir='ltr'>semper</span> <span class='ocrx_word' id='word_1_290' title='bbox 336 2976 415 3024; x_wconf 84' lang='lat' dir='ltr'>bonam</span> <span class='ocrx_word' id='word_1_291' title='bbox 431 2991 477 3022; x_wconf 82' lang='lat' dir='ltr'>esse</span> <span class='ocrx_word' id='word_1_292' title='bbox 492 2976 656 3036; x_wconf 85' lang='lat' dir='ltr'>interpretatur.</span> <span class='ocrx_word' id='word_1_293' title='bbox 674 2975 702 3018; x_wconf 80' lang='lat' dir='ltr'>lt</span> <span class='ocrx_word' id='word_1_294' title='bbox 715 2976 815 3032; x_wconf 85' lang='lat' dir='ltr'>respectu</span> <span class='ocrx_word' id='word_1_295' title='bbox 829 2966 959 3030; x_wconf 69' lang='lat' dir='ltr'>legislatoris</span> <span class='ocrx_word' id='word_1_296' title='bbox 970 2965 1040 3014; x_wconf 78' lang='lat' dir='ltr'>divini</span> <span class='ocrx_word' id='word_1_297' title='bbox 1050 2967 1144 3014; x_wconf 85' lang='lat' dir='ltr'>intentio</span> <span class='ocrx_word' id='word_1_298' title='bbox 1159 2963 1186 3010; x_wconf 87' lang='lat' dir='ltr'>ab</span> 
     </span>
     <span class='ocr_line' id='line_1_33' title="bbox 141 3041 1185 3116; baseline -0.011 -18"><span class='ocrx_word' id='word_1_299' title='bbox 141 3052 212 3098; x_wconf 88' lang='lat' dir='ltr'>allicio</span> <span class='ocrx_word' id='word_1_300' title='bbox 231 3051 325 3116; x_wconf 85' lang='lat' dir='ltr'>separari</span> <span class='ocrx_word' id='word_1_301' title='bbox 346 3051 439 3114; x_wconf 77' lang='lat' dir='ltr'>nequit5</span> <span class='ocrx_word' id='word_1_302' title='bbox 458 3066 497 3096; x_wconf 88' lang='lat' dir='ltr'>uec</span> <span class='ocrx_word' id='word_1_303' title='bbox 517 3049 615 3111; x_wconf 69' lang='lat' dir='ltr'>legalitas</span> <span class='ocrx_word' id='word_1_304' title='bbox 630 3065 668 3095; x_wconf 86' lang='lat' dir='ltr'>son</span> <span class='ocrx_word' id='word_1_305' title='bbox 685 3046 826 3094; x_wconf 75' lang='lat' dir='ltr'>conformitas</span> <span class='ocrx_word' id='word_1_306' title='bbox 846 3061 896 3093; x_wconf 85' lang='lat' dir='ltr'>eam</span> <span class='ocrx_word' id='word_1_307' title='bbox 915 3045 962 3107; x_wconf 78' lang='lat' dir='ltr'>lepe</span> <span class='ocrx_word' id='word_1_308' title='bbox 979 3058 1055 3108; x_wconf 83' lang='lat' dir='ltr'>reapse</span> <span class='ocrx_word' id='word_1_309' title='bbox 1074 3041 1185 3106; x_wconf 68' lang='lat' dir='ltr'>habetur,</span> 
     </span>
     <span class='ocr_line' id='line_1_34' title="bbox 141 3118 1187 3189; baseline -0.01 -15"><span class='ocrx_word' id='word_1_310' title='bbox 141 3129 184 3175; x_wconf 90' lang='lat' dir='ltr'>uisi</span> <span class='ocrx_word' id='word_1_311' title='bbox 200 3128 265 3174; x_wconf 86' lang='lat' dir='ltr'>etiam</span> <span class='ocrx_word' id='word_1_312' title='bbox 280 3125 373 3174; x_wconf 89' lang='lat' dir='ltr'>intentio</span> <span class='ocrx_word' id='word_1_313' title='bbox 387 3143 481 3189; x_wconf 80' lang='lat' dir='ltr'>copprea</span> <span class='ocrx_word' id='word_1_314' title='bbox 497 3127 525 3173; x_wconf 85' lang='lat' dir='ltr'>ait</span> <span class='ocrx_word' id='word_1_315' title='bbox 539 3125 654 3172; x_wconf 87' lang='lat' dir='ltr'>honestati.</span> <span class='ocrx_word' id='word_1_316' title='bbox 670 3125 712 3172; x_wconf 84' lang='lat' dir='ltr'>Lex</span> <span class='ocrx_word' id='word_1_317' title='bbox 722 3124 781 3170; x_wconf 87' lang='lat' dir='ltr'>enim</span> <span class='ocrx_word' id='word_1_318' title='bbox 796 3130 886 3170; x_wconf 86' lang='lat' dir='ltr'>naturae</span> <span class='ocrx_word' id='word_1_319' title='bbox 900 3138 944 3169; x_wconf 89' lang='lat' dir='ltr'>non</span> <span class='ocrx_word' id='word_1_320' title='bbox 959 3121 1030 3174; x_wconf 82' lang='lat' dir='ltr'>oolam</span> <span class='ocrx_word' id='word_1_321' title='bbox 1046 3136 1100 3184; x_wconf 86' lang='lat' dir='ltr'>opos</span> <span class='ocrx_word' id='word_1_322' title='bbox 1115 3118 1187 3182; x_wconf 62' lang='lat' dir='ltr'>respia</span> 
     </span>
     <span class='ocr_line' id='line_1_35' title="bbox 141 3195 1188 3268; baseline -0.011 -16"><span class='ocrx_word' id='word_1_323' title='bbox 141 3207 189 3268; x_wconf 79' lang='lat' dir='ltr'>cit,</span> <span class='ocrx_word' id='word_1_324' title='bbox 207 3204 244 3251; x_wconf 82' lang='lat' dir='ltr'>aed</span> <span class='ocrx_word' id='word_1_325' title='bbox 259 3205 324 3250; x_wconf 89' lang='lat' dir='ltr'>etiam</span> <span class='ocrx_word' id='word_1_326' title='bbox 339 3205 484 3251; x_wconf 86' lang='lat' dir='ltr'>intentionem</span> <span class='ocrx_word' id='word_1_327' title='bbox 500 3209 521 3250; x_wconf 89' lang='lat' dir='ltr'>at</span> <span class='ocrx_word' id='word_1_328' title='bbox 537 3203 635 3266; x_wconf 77' lang='lat' dir='ltr'>motiva5</span> <span class='ocrx_word' id='word_1_329' title='bbox 659 3217 713 3268; x_wconf 81' lang='lat' dir='ltr'>qnae</span> <span class='ocrx_word' id='word_1_330' title='bbox 728 3201 771 3247; x_wconf 88' lang='lat' dir='ltr'>nisi</span> <span class='ocrx_word' id='word_1_331' title='bbox 791 3200 880 3248; x_wconf 80' lang='lat' dir='ltr'>honesta</span> <span class='ocrx_word' id='word_1_332' title='bbox 903 3199 966 3256; x_wconf 83' lang='lat' dir='ltr'>sint,</span> <span class='ocrx_word' id='word_1_333' title='bbox 988 3213 1054 3259; x_wconf 76' lang='lat' dir='ltr'>agens</span> <span class='ocrx_word' id='word_1_334' title='bbox 1068 3197 1096 3243; x_wconf 75' lang='lat' dir='ltr'>alr</span> <span class='ocrx_word' id='word_1_335' title='bbox 1110 3195 1188 3263; x_wconf 72' lang='lat' dir='ltr'>ordino¹</span> 
     </span>
     <span class='ocr_line' id='line_1_36' title="bbox 94 3273 1188 3344; baseline -0.006 -18"><span class='ocrx_word' id='word_1_336' title='bbox 94 3321 95 3326; x_wconf 72' lang='grc'>,</span> <span class='ocrx_word' id='word_1_337' title='bbox 142 3281 222 3328; x_wconf 84' lang='lat' dir='ltr'>delicit.</span> <span class='ocrx_word' id='word_1_338' title='bbox 235 3279 314 3328; x_wconf 86' lang='lat' dir='ltr'>Gouler</span> <span class='ocrx_word' id='word_1_339' title='bbox 328 3297 383 3344; x_wconf 81' lang='lat' dir='ltr'>quae</span> <span class='ocrx_word' id='word_1_340' title='bbox 398 3281 492 3328; x_wconf 81' lang='lat' dir='ltr'>diximus</span> <span class='ocrx_word' id='word_1_341' title='bbox 507 3280 595 3327; x_wconf 87' lang='lat' dir='ltr'>Ethicae</span> <span class='ocrx_word' id='word_1_342' title='bbox 611 3279 681 3342; x_wconf 88' lang='lat' dir='ltr'>capite</span> <span class='ocrx_word' id='word_1_343' title='bbox 696 3279 719 3325; x_wconf 80' lang='lat'>2.</span> <span class='ocrx_word' id='word_1_344' title='bbox 736 3283 777 3324; x_wconf 87' lang='lat' dir='ltr'>art.</span> <span class='ocrx_word' id='word_1_345' title='bbox 796 3277 819 3323; x_wconf 77' lang='grc' dir='ltr'>ὅ.</span> <span class='ocrx_word' id='word_1_346' title='bbox 833 3276 860 3323; x_wconf 82' lang='lat' dir='ltr'>cla</span> <span class='ocrx_word' id='word_1_347' title='bbox 874 3273 990 3339; x_wconf 82' lang='lat' dir='ltr'>principiis</span> <span class='ocrx_word' id='word_1_348' title='bbox 1004 3273 1062 3320; x_wconf 87' lang='lat' dir='ltr'>unde</span> <span class='ocrx_word' id='word_1_349' title='bbox 1077 3273 1188 3319; x_wconf 81' lang='lat' dir='ltr'>moralitas</span> 
     </span>
     <span class='ocr_line' id='line_1_37' title="bbox 142 3337 1089 3406; baseline 0 -2"><span class='ocrx_word' id='word_1_350' title='bbox 142 3359 166 3404; x_wconf 91' lang='lat' dir='ltr'>in</span> <span class='ocrx_word' id='word_1_351' title='bbox 180 3359 287 3406; x_wconf 85' lang='lat' dir='ltr'>actionem</span> <span class='ocrx_word' id='word_1_352' title='bbox 304 3357 421 3404; x_wconf 79' lang='lat' dir='ltr'>derivatur.</span> <span class='ocrx_word' id='word_1_353' title='bbox 1086 3337 1089 3349; x_wconf 45' lang='grc' dir='ltr'>Ι</span> 
     </span>
    </p>

    <p class='ocr_par' dir='ltr' id='par_1_5' title="bbox 146 3425 1209 3964">
     <span class='ocr_line' id='line_1_38' title="bbox 189 3425 1209 3496; baseline -0.009 -12"><span class='ocrx_word' id='word_1_354' title='bbox 189 3436 203 3484; x_wconf 85' lang='grc'><strong>2</strong></span> <span class='ocrx_word' id='word_1_355' title='bbox 219 3435 279 3481; x_wconf 84' lang='lat' dir='ltr'>luter</span> <span class='ocrx_word' id='word_1_356' title='bbox 289 3439 357 3481; x_wconf 82' lang='lat' dir='ltr'>cetera</span> <span class='ocrx_word' id='word_1_357' title='bbox 365 3434 417 3481; x_wconf 84' lang='lat' dir='ltr'>haee</span> <span class='ocrx_word' id='word_1_358' title='bbox 428 3433 504 3484; x_wconf 87' lang='lat' dir='ltr'>habet:</span> <span class='ocrx_word' id='word_1_359' title='bbox 519 3453 528 3477; x_wconf 83' lang='grc' dir='ltr'>ι</span> <span class='ocrx_word' id='word_1_360' title='bbox 547 3433 688 3483; x_wconf 79' lang='grc' dir='ltr'>Διιιιιιιοιιιίιι</span> <span class='ocrx_word' id='word_1_361' title='bbox 697 3431 892 3482; x_wconf 77' lang='lat' dir='ltr'>volontatisoaum</span> <span class='ocrx_word' id='word_1_362' title='bbox 903 3436 935 3478; x_wconf 88' lang='lat' dir='ltr'>est</span> <span class='ocrx_word' id='word_1_363' title='bbox 945 3428 1078 3494; x_wconf 82' lang='lat' dir='ltr'>principiam</span> <span class='ocrx_word' id='word_1_364' title='bbox 1089 3425 1187 3476; x_wconf 88' lang='lat' dir='ltr'>omnium</span> <span class='ocrx_word' id='word_1_365' title='bbox 1202 3485 1209 3496; x_wconf 28' lang='grc' dir='ltr'>ι</span> 
     </span>
     <span class='ocr_line' id='line_1_39' title="bbox 146 3506 1187 3575; baseline -0.003 -20"><span class='ocrx_word' id='word_1_366' title='bbox 146 3532 154 3555; x_wconf 75' lang='grc' dir='ltr'>ι</span> <span class='ocrx_word' id='word_1_367' title='bbox 172 3513 244 3574; x_wconf 71' lang='lat' dir='ltr'>legum</span> <span class='ocrx_word' id='word_1_368' title='bbox 259 3510 373 3558; x_wconf 89' lang='lat' dir='ltr'>moralium</span> <span class='ocrx_word' id='word_1_369' title='bbox 387 3511 551 3575; x_wconf 79' lang='lat' dir='ltr'>officiorumque</span> <span class='ocrx_word' id='word_1_370' title='bbox 567 3512 594 3558; x_wconf 86' lang='lat' dir='ltr'>iia</span> <span class='ocrx_word' id='word_1_371' title='bbox 611 3511 807 3573; x_wconf 72' lang='lat' dir='ltr'>convenientiump</span> <span class='ocrx_word' id='word_1_372' title='bbox 825 3517 899 3556; x_wconf 86' lang='lat' dir='ltr'>contra</span> <span class='ocrx_word' id='word_1_373' title='bbox 913 3525 964 3555; x_wconf 80' lang='lat' dir='ltr'>sero</span> <span class='ocrx_word' id='word_1_374' title='bbox 979 3506 1187 3556; x_wconf 61' lang='lat' dir='ltr'>lauronensium</span> 
     </span>
     <span class='ocr_line' id='line_1_40' title="bbox 147 3583 1189 3650; baseline -0.001 -19"><span class='ocrx_word' id='word_1_375' title='bbox 147 3610 155 3631; x_wconf 71' lang='grc' dir='ltr'>ι</span> <span class='ocrx_word' id='word_1_376' title='bbox 173 3589 233 3636; x_wconf 83' lang='grc' dir='ltr'>δίιιίἰ</span> <span class='ocrx_word' id='word_1_377' title='bbox 249 3586 331 3636; x_wconf 88' lang='lat' dir='ltr'>nullam</span> <span class='ocrx_word' id='word_1_378' title='bbox 345 3603 432 3650; x_wconf 85' lang='lat' dir='ltr'>prorsus</span> <span class='ocrx_word' id='word_1_379' title='bbox 449 3587 602 3649; x_wconf 69' lang='lat' dir='ltr'>obligationem</span> <span class='ocrx_word' id='word_1_380' title='bbox 619 3587 740 3648; x_wconf 82' lang='lat' dir='ltr'>constituit,</span> <span class='ocrx_word' id='word_1_381' title='bbox 758 3586 795 3633; x_wconf 83' lang='lat' dir='ltr'>sed</span> <span class='ocrx_word' id='word_1_382' title='bbox 815 3583 886 3649; x_wconf 84' lang='lat' dir='ltr'>potins</span> <span class='ocrx_word' id='word_1_383' title='bbox 906 3583 1014 3631; x_wconf 87' lang='lat' dir='ltr'>contraria</span> <span class='ocrx_word' id='word_1_384' title='bbox 1029 3590 1061 3630; x_wconf 83' lang='lat' dir='ltr'>erl</span> <span class='ocrx_word' id='word_1_385' title='bbox 1079 3583 1189 3646; x_wconf 85' lang='lat' dir='ltr'>principio</span> 
     </span>
     <span class='ocr_line' id='line_1_41' title="bbox 147 3664 1188 3732; baseline -0.004 -16"><span class='ocrx_word' id='word_1_386' title='bbox 147 3670 233 3716; x_wconf 84' lang='lat' dir='ltr'>·illiua</span> <span class='ocrx_word' id='word_1_387' title='bbox 248 3669 407 3731; x_wconf 81' lang='lat' dir='ltr'>moralitatique</span> <span class='ocrx_word' id='word_1_388' title='bbox 421 3668 545 3720; x_wconf 82' lang='lat' dir='ltr'>voluntatis.</span> <span class='ocrx_word' id='word_1_389' title='bbox 569 3669 595 3716; x_wconf 81' lang='lat' dir='ltr'>ln</span> <span class='ocrx_word' id='word_1_390' title='bbox 611 3668 781 3732; x_wconf 83' lang='lat' dir='ltr'>independeotia</span> <span class='ocrx_word' id='word_1_391' title='bbox 801 3667 883 3714; x_wconf 74' lang='lat' dir='ltr'>scilicet</span> <span class='ocrx_word' id='word_1_392' title='bbox 903 3666 929 3712; x_wconf 91' lang='grc' dir='ltr'>ιδ</span> <span class='ocrx_word' id='word_1_393' title='bbox 950 3666 1009 3712; x_wconf 89' lang='lat' dir='ltr'>omni</span> <span class='ocrx_word' id='word_1_394' title='bbox 1025 3665 1078 3727; x_wconf 83' lang='lat' dir='ltr'>lepis</span> <span class='ocrx_word' id='word_1_395' title='bbox 1097 3664 1188 3712; x_wconf 83' lang='lat' dir='ltr'>materia</span> 
     </span>
     <span class='ocr_line' id='line_1_42' title="bbox 148 3740 1193 3810; baseline -0.002 -20"><span class='ocrx_word' id='word_1_396' title='bbox 148 3764 156 3786; x_wconf 84' lang='grc' dir='ltr'>ι</span> <span class='ocrx_word' id='word_1_397' title='bbox 175 3745 263 3810; x_wconf 87' lang='lat' dir='ltr'>(nempe</span> <span class='ocrx_word' id='word_1_398' title='bbox 277 3746 359 3794; x_wconf 86' lang='lat' dir='ltr'>obiecta</span> <span class='ocrx_word' id='word_1_399' title='bbox 380 3762 403 3792; x_wconf 84' lang='lat' dir='ltr'>re</span> <span class='ocrx_word' id='word_1_400' title='bbox 418 3745 549 3809; x_wconf 81' lang='lat' dir='ltr'>desiderata)</span> <span class='ocrx_word' id='word_1_401' title='bbox 566 3751 588 3792; x_wconf 85' lang='lat' dir='ltr'>ol</span> <span class='ocrx_word' id='word_1_402' title='bbox 601 3745 667 3792; x_wconf 87' lang='lat' dir='ltr'>simul</span> <span class='ocrx_word' id='word_1_403' title='bbox 681 3753 753 3792; x_wconf 85' lang='lat' dir='ltr'>tamon</span> <span class='ocrx_word' id='word_1_404' title='bbox 768 3743 949 3792; x_wconf 83' lang='lat' dir='ltr'>determinatione</span> <span class='ocrx_word' id='word_1_405' title='bbox 963 3741 1047 3788; x_wconf 78' lang='lat' dir='ltr'>arbitrii</span> <span class='ocrx_word' id='word_1_406' title='bbox 1066 3757 1106 3804; x_wconf 85' lang='lat' dir='ltr'>per</span> <span class='ocrx_word' id='word_1_407' title='bbox 1119 3740 1193 3798; x_wconf 76' lang='lat' dir='ltr'>mian·</span> 
     </span>
     <span class='ocr_line' id='line_1_43' title="bbox 148 3818 1188 3888; baseline 0.003 -25"><span class='ocrx_word' id='word_1_408' title='bbox 148 3839 156 3862; x_wconf 76' lang='lat' dir='ltr'>a</span> <span class='ocrx_word' id='word_1_409' title='bbox 174 3819 263 3867; x_wconf 83' lang='lat' dir='ltr'>formam</span> <span class='ocrx_word' id='word_1_410' title='bbox 275 3823 427 3884; x_wconf 69' lang='lat' dir='ltr'>legislatoriam</span> <span class='ocrx_word' id='word_1_411' title='bbox 442 3822 596 3888; x_wconf 78' lang='lat' dir='ltr'>universalem,</span> <span class='ocrx_word' id='word_1_412' title='bbox 613 3823 674 3870; x_wconf 80' lang='lat' dir='ltr'>cuius</span> <span class='ocrx_word' id='word_1_413' title='bbox 696 3822 731 3887; x_wconf 69' lang='lat' dir='ltr'>las</span> <span class='ocrx_word' id='word_1_414' title='bbox 744 3821 864 3871; x_wconf 66' lang='lat' dir='ltr'>subiectis·</span> <span class='ocrx_word' id='word_1_415' title='bbox 878 3837 925 3870; x_wconf 82' lang='grc' dir='ltr'>ιιιι</span> <span class='ocrx_word' id='word_1_416' title='bbox 939 3834 1007 3883; x_wconf 82' lang='lat' dir='ltr'>capax</span> <span class='ocrx_word' id='word_1_417' title='bbox 1021 3818 1103 3884; x_wconf 81' lang='lat' dir='ltr'>debet,</span> <span class='ocrx_word' id='word_1_418' title='bbox 1119 3823 1188 3866; x_wconf 80' lang='grc' dir='ltr'>ιιιιιιιιι</span> 
     </span>
     <span class='ocr_line' id='line_1_44' title="bbox 150 3895 635 3964; baseline 0.012 -23"><span class='ocrx_word' id='word_1_419' title='bbox 150 3913 158 3939; x_wconf 88' lang='grc' dir='ltr'>ι</span> <span class='ocrx_word' id='word_1_420' title='bbox 175 3895 308 3964; x_wconf 80' lang='lat' dir='ltr'>principium</span> <span class='ocrx_word' id='word_1_421' title='bbox 322 3906 355 3946; x_wconf 83' lang='grc' dir='ltr'>ιιι</span> <span class='ocrx_word' id='word_1_422' title='bbox 368 3899 505 3948; x_wconf 82' lang='lat' dir='ltr'>moralitatis.</span> <span class='ocrx_word' id='word_1_423' title='bbox 524 3920 533 3948; x_wconf 93' lang='grc' dir='ltr'>ι</span> <span class='ocrx_word' id='word_1_424' title='bbox 632 3923 635 3928; x_wconf 95' lang='grc'><strong><em>·</em></strong></span> 
     </span>
    </p>
   </div>
   <div class='ocr_carea' id='block_1_4' title="bbox 0 0 1408 4492">
    <p class='ocr_par' dir='ltr' id='par_1_6' title="bbox 0 0 1408 4492">
     <span class='ocr_line' id='line_1_45' title="bbox 0 0 1408 4492; baseline 0 0"><span class='ocrx_word' id='word_1_425' title='bbox 0 0 1408 4492; x_wconf 95' lang='lat' dir='ltr'> </span> 
     </span>
    </p>
   </div>
  </div>
 </body>
</html>
