2767 4492
329 367 332 379 '
402 375 477 423 rens
491 377 841 426 sareas-essenorum
1093 368 1145 428 111

101 463 204 538 probat
221 475 274 522 nos
291 462 328 522 ad
351 462 506 522 volendum
520 461 699 522 extrinsecus
713 479 765 522 nos
788 464 928 539 compelli.
946 465 1064 534 Quodsi
1079 480 1146 525 con·

102 547 224 608 scientia
239 545 412 606 contrarium
426 548 525 607 testari
539 547 668 621 videtur,
684 547 715 606 id
725 563 763 606 ex
776 549 950 622 praeiudicio
965 546 1089 624 quodam
1102 562 1148 609 re-

100 633 162 708 peti
175 635 281 708 posset;
298 631 539 707 quemadmodum
554 647 591 691 ex
605 632 781 706 praeiudicio
801 635 987 708 repetendum
1007 638 1050 693 est
1068 635 1144 709 quod

102 717 234 777 animum
247 715 279 777 in
292 732 420 793 corpora,
437 721 466 778 et
480 715 607 778 vicissim
621 731 741 792 corpora
753 716 784 777 in
795 717 926 777 animum
939 717 1062 779 intinere
1071 719 1145 780 iudi·

103 817 213 864 cemus.

139 887 221 963 Resp.
240 884 337 948 Videte
357 887 474 962 sceptici
493 887 618 948 hominis
642 888 782 948 acumen!
809 888 877 948 lota
895 888 957 948 eius
971 889 1149 949 ratiocinatio

104 977 187 1033 extra
196 976 301 1032 statum
311 971 485 1048 quaestionis
495 977 640 1047 evagatur.
653 972 848 1033 Conscientiae
857 971 936 1032 enim
946 973 1150 1046 testimonium,

104 1073 144 1116 ex
158 1073 215 1131 quo
227 1053 381 1118 voluntatis
394 1055 554 1116 libertatem
569 1057 761 1130 ostendimus,
778 1072 837 1116 non
847 1062 889 1116 est
902 1057 1044 1116 eiusmodi
1058 1061 1090 1115 ut
1102 1071 1154 1114 no

103 1139 150 1201 bis
164 1145 319 1217 utcumque
331 1139 438 1200 referat
451 1139 576 1200 actiones
590 1141 695 1200 liberas
704 1142 876 1200 intrinsecus
885 1157 938 1200 nos
953 1141 1085 1212 allicere3
1103 1141 1155 1200 sed

105 1225 162 1286 tale
176 1242 277 1286 revera
292 1227 349 1296 est,
365 1230 398 1286 ut
410 1225 584 1284 unareierat
598 1240 646 1284 eas
656 1239 695 1284 ex
704 1225 818 1286 interna
831 1226 915 1285 nobis
928 1231 957 1286 et
968 1225 1093 1286 naturali
1103 1226 1157 1284 vir·

104 1315 167 1369 tute
180 1312 334 1384 proticisci.
353 1309 393 1370 ld
412 1325 475 1368 rem
493 1307 610 1368 ludius.
630 1333 641 1360 v
658 1309 749 1369 Sentit
763 1311 877 1370 animus
895 1309 1064 1384 semoveri,
1080 1309 1157 1384 quod

110 1418 122 1447 a
140 1409 207 1453 cum
217 1395 319 1466 sentit,
335 1393 406 1453 illud
416 1409 474 1452 una
484 1389 570 1452 sentit
582 1393 650 1453 sevi
660 1409 712 1452 sua
726 1409 784 1453 non
795 1393 889 1454 aliene
897 1394 1007 1453 moveri
1022 1393 1048 1451 l,
1063 1416 1074 1444 s
1087 1393 1158 1461 Qua·

105 1494 139 1539 re
153 1493 256 1538 sensus
270 1477 423 1552 libertatis,
439 1477 475 1537 ad
489 1493 576 1552 quem
587 1478 764 1538 adversarios
777 1494 975 1554 provocamus,
991 1477 1023 1536 in
1031 1477 1086 1535 boo
1095 1491 1159 1534 rer-

106 1565 196 1636 satur,
214 1564 246 1621 ut
259 1577 311 1622 nos
326 1557 454 1622 dominos
468 1577 532 1621 esse
553 1561 698 1621 actionum
711 1569 874 1622 nostrarum
887 1563 963 1623 clare
978 1561 1092 1620 referat.
1108 1559 1158 1618 ie·

106 1653 199 1708 statur
218 1645 296 1706 enim
310 1661 359 1706 eas
378 1661 437 1706 non
454 1645 537 1705 modo
552 1643 589 1706 ad
603 1662 655 1706 nos
673 1647 832 1722 pertinere,
849 1648 898 1707 sed
914 1647 954 1706 ita
967 1646 1111 1721 pertinere
1126 1647 1159 1704 ut

106 1733 191 1807 copia
203 1731 288 1791 nobis
303 1731 385 1791 detur
394 1731 499 1804 'agendi
513 1731 558 1790 vei
568 1745 627 1789 non
636 1729 754 1805 agendi,
766 1729 842 1791 banc
851 1729 898 1790 rel
913 1728 1001 1789 aliam
1015 1729 1159 1788 actionem

107 1817 250 1876 eliciendi.
267 1815 310 1874 lix
324 1831 380 1888 quo
396 1813 429 1872 fit
448 1819 493 1888 ut,
517 1829 583 1874 cum
598 1815 633 1873 ad
649 1816 826 1889 operandum
840 1815 1055 1890 progredimur,
1072 1821 1157 1872 antea

108 1898 312 1973 deliberemus,
327 1901 391 1973 post
400 1897 634 1958 deliberationem
645 1899 714 1973 quid
729 1899 893 1959 iaciendum
908 1897 945 1958 sit
959 1899 1157 1971 decernamus,

109 1983 234 2060 dumque
250 1985 362 2058 aginam
380 1984 623 2058 interrumpamus
637 1984 794 2058 actionem,
811 1979 837 2044 si
854 1981 951 2057 lubet,
966 1982 1012 2044 vel
1027 1983 1114 2042 etiam
1128 1981 1160 2040 in

107 2069 267 2144 oppositam
286 2072 496 2127 convertamus.

144 2155 321 2227 Quapropter
335 2151 459 2210 absurda
472 2151 523 2210 illa
536 2151 702 2228 hypothesis
712 2153 747 2212 de
761 2153 856 2228 lapide
869 2153 915 2213 vel
925 2152 961 2214 de
975 2168 1029 2212 acu
1042 2168 1159 2227 magne-

109 2237 167 2296 tica
188 2235 332 2309 cogitante
351 2239 380 2294 et
393 2234 556 2295 consciente
576 2237 673 2310 inepta
687 2239 804 2297 omnino
823 2243 874 2298 est.
891 2235 931 2297 Ea
944 2237 1024 2298 enim
1041 2251 1160 2311 corpora

108 2319 225 2380 etiarnsi
240 2319 416 2378 conscientia
428 2319 611 2394 donarentur,
624 2325 719 2381 tamen
727 2322 806 2381 nullo
815 2319 954 2382 libertatis
968 2338 1055 2383 sensu
1064 2325 1161 2393 tange·

108 2408 220 2478 rentur,
244 2403 295 2462 sed
310 2407 420 2463 tanum
434 2409 529 2463 motus
544 2403 607 2465 illos
630 2405 685 2465 sibi
700 2404 796 2466 inesse
809 2407 1056 2482 persentiscerent.
1072 2405 1161 2476 itque

109 2489 165 2549 hoc
179 2503 239 2546 non
261 2485 354 2547 solum
368 2489 478 2548 ratione
496 2493 588 2564 patet,
609 2505 710 2550 verum
731 2491 818 2550 etiam
838 2489 1025 2566 experientia.
1045 2487 1163 2547 Ratione

110 2572 242 2648 quidem,
260 2572 329 2646 quia
347 2573 447 2632 sentiri
471 2575 570 2649 nequit
589 2575 664 2649 quod
678 2591 737 2635 non
750 2580 807 2650 est;
824 2581 918 2636 motus
933 2579 1029 2633 autem
1044 2571 1087 2630 1111
1102 2584 1162 2629 111

111 2671 149 2716 ex
162 2656 278 2733 propria
298 2652 532 2718 determinatione
548 2659 599 2720 sed
612 2660 658 2720 vel
671 2677 709 2720 ex
727 2660 840 2719 influxu
860 2659 1010 2719 exterioris
1028 2657 1159 2730 agentis,

112 2740 157 2800 vel
170 2739 470 2802 exliberaconditoris
484 2742 547 2818 lege
556 2746 587 2803 11
602 2744 769 2818 corporibus
779 2744 815 2801 iis
826 2746 1077 2815 consequerentur.
1088 2738 1162 2812 Ergo

112 2825 188 2900 quod
202 2825 258 2886 sibi
271 2825 361 2886 insint
371 2832 483 2886 tanturn
492 2829 596 2888 sentire
611 2833 736 2902 possent,
745 2842 893 2898 nmquam
908 2841 976 2884 vero
990 2825 1065 2897 qood
1079 2839 1116 2880 ex
1130 2823 1164 2880 li-

110 2909 182 2969 bera
195 2909 241 2968 sui
249 2909 486 2969 determinatione
500 2911 664 2984 procedant.
680 2908 864 2981 Experienu‘a
878 2913 984 2980 autem,
994 2906 1062 2982 quia
1075 2904 1164 2980 probe

110 3009 164 3069 per
186 2991 389 3050 conscientiam
401 2991 603 3064 distinguimus
624 2991 777 3049 actusillos
793 2990 843 3064 qui
861 2991 991 3051 innubis
1010 2989 1165 3050 necessarii

112 3079 195 3147 sunt,
216 3071 252 3132 ab
276 3073 312 3131 iis
327 3071 377 3146 qui
391 3072 522 3131 libertate
538 3073 689 3132 donantur.
715 3073 948 3149 Quandoquidem
966 3091 1024 3150 qua
1037 3075 1166 3135 claritate

112 3159 280 3234 experimur
294 3153 470 3216 voluntatem
485 3155 574 3215 libere
588 3156 619 3216 11
629 3155 713 3217 nobis
727 3158 853 3232 operari3
874 3159 974 3218 eadem
987 3175 1057 3220 sane
1066 3160 1165 3232 depre

111 3241 267 3303 hendimus
290 3235 466 3300 mtellectum
480 3240 526 3300 vei
536 3255 652 3300 sensum
667 3240 779 3317 operari
793 3243 964 3302 necessario.
979 3242 1050 3302 llam
1065 3255 1166 3315 quem·

114 3323 270 3386 admodum
288 3324 449 3384 oonsoimus
471 3324 665 3401 voluntatem,
686 3326 829 3402 proposito
844 3326 975 3400 obiecto,
997 3325 1092 3399 ipsum
1105 3339 1165 3383 res·

114 3425 203 3486 puere
221 3425 321 3484 posse;
344 3406 384 3468 ita
398 3409 485 3468 etiam
510 3409 671 3470 oonsoimus
688 3411 864 3470 intellectum
877 3410 924 3470 vel
938 3423 1070 3482 sensum,
1086 3422 1166 3482 prae

116 3497 196 3553 sente
219 3493 344 3567 obiecto,
362 3493 398 3552 ab
413 3492 525 3553 actione
542 3498 700 3568 temperare
721 3511 780 3555 non
793 3511 885 3569 posse.
912 3494 991 3554 idem
1005 3490 1116 3551 dicatur
1129 3491 1166 3552 de

116 3575 182 3638 aliis
196 3578 334 3654 exemplis
348 3577 524 3653 innumeris,
543 3577 621 3638 velut
634 3595 681 3640 ex.
699 3596 742 3654 gr.
759 3595 825 3639 oum
845 3580 925 3654 quis,
942 3577 1057 3636 labante
1077 3576 1164 3652 pede,

115 3659 198 3722 humi
216 3661 386 3736 procumbit.
403 3661 429 3722 ls
442 3669 518 3723 certe
536 3679 595 3723 non
612 3659 698 3723 sentit
712 3679 743 3722 se
756 3679 840 3724 mere
854 3663 923 3739 quia
936 3661 1010 3736 vult,
1027 3666 1111 3736 atque
1124 3659 1166 3720 ita

116 3747 150 3806 ut
166 3745 280 3820 lapsum
293 3745 380 3822 possit
395 3747 554 3823 impedire:
571 3749 622 3810 sed
635 3751 735 3812 sonna
752 3748 899 3825 experitur
913 3763 946 3814 se
959 3745 1165 3812 necessariori

120 3827 267 3905 gravitate
280 3829 413 3892 deorsum
428 3829 508 3894 terri.

167 4009 179 4058 l
200 4011 323 4064 tomus.
342 4013 385 4074 Ως.
399 4013 489 4076 pum.
