2767 4492
580 373 713 422 xrtarsrosn
1137 363 1174 425 l'l

131 485 142 515 ι
159 462 303 522 actionum
317 459 519 534 humanarum,
536 463 615 519 ortae
634 475 671 520 cx
686 459 883 519 convenientia
898 464 947 520 aut
957 461 1172 522 disconvenian-

131 574 142 600 α
161 548 200 608 tia
214 563 342 622 enorme
357 564 407 606 seu
419 548 496 622 lege,
514 546 560 604 lex
576 561 643 604 vero
658 547 695 604 sit
710 545 820 605 iussum
829 548 996 620 superioris:
1012 562 1071 607 non
1086 563 1172 622 appa-

132 657 142 690 «
160 638 204 692 ret
218 633 357 710 quomodo
377 633 509 691 honestes
533 635 581 690 aut
596 629 741 706 turpitudo
756 628 876 704 intelligi
895 632 983 707 possit
998 639 1064 692 ante
1077 633 1171 710 legem

131 741 142 770 κ
158 723 186 778 et
200 718 271 777 citra
285 717 438 792 superioris
453 715 664 792 impositionem
683 717 695 763 l
712 737 741 784 p.

163 803 246 877 Resp.
264 803 415 864 Contundit
429 802 476 860 hio
491 801 695 860 Puliendorlius
715 801 807 873 legem
828 802 944 876 proprie
961 801 1080 876 dicum,
1098 809 1171 880 queis

129 901 241 962 semper
255 889 290 947 ad
305 887 478 949 voluntatem
493 885 651 960 Superioris
674 890 836 960 respectum
855 885 955 958 habet,
972 901 1039 946 cum
1058 896 1172 946 aeterna

128 969 178 1034 Dei
193 973 346 1048 sapientia,
363 989 436 1048 quae
456 987 591 1030 mensura
606 976 648 1030 est
663 977 691 1030 et
710 971 810 1046 regula
829 986 925 1030 rerum
947 972 1087 1030 omnium.
1104 973 1173 1032 llum

129 1057 221 1130 enim,
238 1059 313 1118 utin
330 1057 520 1133 lletaphysica
538 1057 796 1116 demonstravimus
812 1059 842 1129 ²,
858 1057 1000 1116 essentiae
1022 1071 1118 1116 rerum
1136 1071 1174 1117 ex

129 1140 227 1202 divino
243 1142 402 1212 intellectu,
420 1142 548 1201 divinam
567 1147 699 1200 naturam
719 1141 942 1217 contemplante,
964 1140 1121 1216 pendeant,
1137 1141 1173 1199 ab

129 1225 247 1304 ipsoque
257 1243 356 1286 samm
371 1227 532 1285 constitutio
543 1231 571 1286 et
585 1227 764 1286 necessariae
782 1225 971 1303 proprietates
985 1224 1175 1284 determinen-

131 1319 190 1385 tur;
206 1311 311 1384 optime
333 1311 436 1370 dicitur
454 1311 600 1370 moralitas
619 1311 764 1372 actionum
784 1311 977 1369 humanarum
999 1310 1104 1369 hahere
1123 1325 1174 1384 pro

129 1402 231 1452 norma
244 1395 338 1468 ipsam
352 1395 480 1454 divinam
494 1395 682 1469 sapientiam,
699 1410 773 1468 quae
789 1395 820 1453 in
834 1409 932 1452 rerum
951 1398 1054 1452 natura
1067 1394 1175 1454 relucet

131 1483 159 1540 ct
174 1479 256 1536 cuius
270 1478 358 1539 vetuti
373 1481 512 1554 quaedam
535 1479 713 1554 participatio
728 1484 771 1539 est
790 1479 909 1538 rationis
927 1479 1039 1553 lumen,
1055 1495 1111 1556 quo
1125 1494 1174 1540 na·

132 1563 260 1622 turaliter
278 1563 409 1624 instructi
425 1581 533 1625 sumus.
555 1563 646 1632 Quare
661 1565 686 1622 sl
700 1580 752 1639 pro
767 1565 828 1638 lege
848 1566 922 1625 hanc
936 1563 988 1622 liei
1006 1564 1175 1638 sapientiam

131 1647 301 1724 intelligeret
313 1649 528 1724 Puliendorlius,
541 1651 596 1725 ipsi
611 1650 731 1713 ilbenter
746 1649 959 1722 assentiremur,
970 1654 998 1709 et
1011 1649 1173 1723 discrepan-

133 1731 172 1792 tia
184 1737 292 1792 tantum
303 1739 378 1794 esset
392 1735 424 1794 in
438 1735 565 1794 uocibus.
582 1733 693 1794 Etenim
703 1735 757 1794 etsi
771 1734 914 1792 dictamen
928 1733 1042 1794 divinae
1056 1734 1171 1812 mentis,

132 1817 244 1877 secluso
255 1819 333 1879 omni
347 1823 478 1894 respectu
493 1819 528 1878 ad
544 1817 719 1880 uoluntatem
733 1819 932 1894 imperantem,
944 1816 992 1878 lex
1003 1819 1099 1878 stricto
1113 1833 1176 1878 sen·

133 1917 167 1960 su
183 1901 320 1976 appellari
333 1908 465 1977 nequeat,
477 1919 550 1978 quae
565 1903 741 1962 intellectum
756 1907 784 1961 et
798 1902 973 1961 voluntatem
986 1902 1113 1962 includat
1127 1917 1176 1961 ne·

133 2001 210 2052 cesse
225 1993 281 2062 est;
294 1993 390 2048 tamen
404 1988 504 2048 latiore
519 1988 690 2062 significatu,
707 1992 847 2062 quatenus
857 1987 956 2060 regula
966 1986 1107 2062 quaedam
1121 1991 1173 2058 est,

133 2071 203 2146 ingla
217 2073 334 2135 nomine
353 2073 452 2132 donari
473 2077 573 2148 potest.
596 2073 640 2132 Sic
660 2069 730 2132 illud
749 2072 839 2146 legem
860 2078 1004 2131 aeternam
1025 2070 1177 2149 appellarit

134 2157 161 2216 S.
178 2157 298 2216 Thomas
312 2157 343 2214 in
359 2162 438 2216 textu
454 2172 538 2232 quem
553 2157 584 2215 in
595 2161 696 2230 quarta
710 2157 900 2234 propositione
910 2157 1071 2217 citavimus.
1081 2156 1115 2213 nt
1127 2169 1176 2214 no-

133 2255 188 2322 que
203 2241 256 2299 hoo
270 2241 354 2300 modo
371 2241 576 2300 Puffeudortius
596 2240 730 2299 excrrsari
743 2246 845 2314 potest.
862 2242 980 2300 Isenim
995 2241 1031 2299 do
1050 2240 1113 2315 lege
1127 2237 1177 2298 illa

133 2324 176 2386 sic
191 2324 324 2400 loquitur,
341 2329 373 2382 ut
387 2339 450 2384 eam
464 2330 559 2399 aperte
574 2340 625 2398 pro
640 2323 788 2384 liberaliei
804 2325 988 2403 dispositione
1002 2341 1033 2385 se
1046 2325 1177 2401 accipere

134 2410 320 2486 demonstret,
345 2425 412 2468 oum
430 2415 529 2471 contra
543 2410 592 2470 Ilei
615 2409 754 2488 sapientia
768 2411 799 2472 in
821 2411 951 2471 essentiis
970 2426 1066 2472 rerum
1084 2412 1176 2472 conci·

133 2494 245 2570 piendis
259 2495 421 2556 necessaria
436 2497 481 2570 sit,
493 2512 550 2555 non
566 2495 671 2569 libera3
684 2499 769 2581 atque
780 2495 917 2572 quidquid
932 2495 1027 2570 dictat,
1039 2496 1070 2556 id
1079 2496 1174 2564 adua·

135 2584 228 2640 turam
242 2581 334 2656 ipsam
348 2595 445 2643 rerum
461 2582 608 2655 pertineat.

169 2665 270 2725 Instat:
290 2690 300 2722 α
315 2665 366 2736 Qui
384 2666 455 2726 citra
470 2666 683 2741 impositionem
698 2665 835 2742 dipinam,
850 2664 1019 2738 moralitatis
1032 2664 1177 2724 actionum

137 2773 148 2802 a
168 2748 360 2812 humanorum
383 2757 530 2812 aeternam
550 2751 675 2825 aliquam
695 2749 986 2820 statuunt'reguiam,
1003 2747 1075 2809 nitrit
1097 2748 1176 2808 aliud

138 2856 149 2886 e
170 2835 301 2894 videntur
315 2850 409 2911 agere,
426 2851 512 2908 quana
528 2839 559 2894 ut
572 2834 628 2892 lieo
644 2831 802 2904 adiungunt
817 2831 990 2904 principium
1005 2829 1119 2905 aliquod
1133 2846 1177 2890 oo

139 2939 149 2968 t
171 2922 318 2975 aeternum
332 2923 361 2976 et
372 2917 579 2986 extrinsecum,
596 2915 672 2988 quod
685 2915 748 2988 ipse
766 2913 798 2972 iu
813 2913 992 2987 assignandis
1006 2929 1103 2976 rerum
1124 2915 1177 2976 lor·

140 3023 151 3052 κ
172 2999 228 3058 mis
243 2999 323 3071 sequi
338 3013 487 3057 necessum
503 2997 636 3056 habuerit
651 2997 677 3055 5.

171 3085 254 3158 liesp.
270 3081 370 3142 Divina
385 3082 532 3156 sapientia,
546 3096 632 3156 quant
643 3081 717 3140 Deus
726 3082 757 3141 in
772 3083 953 3158 assignandis
967 3100 1062 3148 rerum
1077 3086 1178 3146 formis

137 3168 273 3241 seqrritur,
289 3181 346 3224 non
362 3171 403 3225 est
418 3165 527 3240 aliquid
541 3165 597 3225 lieo
612 3167 1178 3244 exumsecum,que1nadmoduminepto

137 3251 219 3324 lingit
240 3241 431 3326 adversarium
449 3266 503 3310 neo
520 3252 671 3328 quisquam
688 3267 705 3310 e
720 3256 833 3312 nostrae
847 3253 1006 3312 sententiae
1019 3254 1178 3316 leuioribus

137 3336 294 3396 absurdum
306 3335 376 3395 illud
390 3351 517 3410 unquam
531 3335 695 3398 somniavit.
708 3336 762 3396 Sed
775 3353 874 3398 omnes
888 3339 1061 3402 unanimiter
1070 3337 1119 3398 liei
1134 3355 1177 3399 sa·

135 3421 273 3498 pientiam
287 3435 378 3480 unum
393 3422 525 3496 idemque
535 3421 664 3482 cumlieo
675 3421 747 3498 ipso,
759 3422 795 3481 ad
809 3422 967 3483 realitatem
975 3423 1051 3497 quod
1065 3423 1173 3498 attinet,

137 3524 199 3567 csse
220 3511 391 3580 statuerunt;
409 3521 529 3582 eamque
552 3507 582 3566 in
605 3507 664 3566 suis
687 3507 890 3568 dictaminibus
903 3508 1037 3573 adivina
1054 3513 1174 3584 natura,

137 3609 210 3670 quae
224 3592 371 3668 exemplar
385 3606 552 3670 supremum
566 3597 720 3656 astrorum
738 3592 881 3668 omnium,
897 3593 1115 3659 tundamentum
1129 3594 1177 3658 de

138 3693 250 3738 sumere
264 3681 430 3739 docuerunt.

182 3863 193 3908 l
218 3865 252 3911 De
267 3866 321 3911 toro
334 3867 435 3912 notura
451 3869 473 3912 ol
486 3868 591 3925 peantium
605 3865 622 3912 l.
639 3865 662 3930 l,
679 3882 698 3912 a.
714 3866 737 3911 2.

182 3939 197 3986 2
216 3941 339 3999 Onlolopt'a
353 3957 374 3986 o.
392 3941 415 4004 2,
432 3956 453 3987 ι.
470 3940 494 3988 l.

185 4015 201 4064 Ι
218 4017 273 4064 Loco
289 4017 390 4081 προπίω
405 4018 477 4066 citato
