2767 4492
218 385 269 478 nn,
281 401 317 463 ab
333 391 593 476 internopritttipio
607 396 750 473 procedat,
766 409 884 457 necesse
898 395 955 467 est,
971 388 1115 475 siquidem
1133 389 1262 459 notuntn

216 487 316 558 intime
330 485 476 559 horninepr
490 480 579 552 niticit
592 486 621 538 et
636 479 809 558 principium
828 478 899 548 iilud
914 477 1070 548 constituit,
1094 494 1131 542 ex
1146 494 1203 554 rpuo
1218 494 1260 541 ce·

219 577 295 632 terne
307 566 430 640 hominis
445 565 592 632 facultates
607 561 699 638 quoad
715 563 885 631 exercitium
900 559 1021 626 actionis
1031 563 1164 639 pendent,
1177 563 1200 634 si
1212 563 1262 623 iru-

216 670 303 714 mano
317 654 401 712 modo
421 657 584 725 operantur:
601 647 672 706 Cum
694 663 760 706 reru
776 646 907 706 voluutas
921 661 978 704 non
995 652 1062 719 egat
1075 647 1131 707 nisi
1150 646 1263 722 praetia

219 739 379 814 cognitione
394 734 506 808 obiecti,
522 734 554 794 in
569 733 760 814 quodiertur,
777 738 806 790 et
820 732 964 793 obiectum
973 730 1183 798 ,consideratum
1197 736 1263 793 ram.

218 840 304 900 quunr
320 823 457 882 terminus
468 821 587 890 actionis
602 825 718 882 vocetur
730 817 810 890 duis3
824 817 948 886 eiiicitur
961 817 1030 899 hinc
1047 825 1078 877 ut
1092 817 1176 889 actio,
1193 833 1265 893 quae

218 901 278 970 eive
293 905 454 976 immediate
468 903 528 964 sire
540 903 664 970 mediate
682 903 855 970 anctoritate
889 901 1005 975 rocedit,
1022 916 1135 975 semper
1144 901 1211 962 linis
1220 917 1265 966 oo·

219 992 375 1068 gnitionem
385 990 490 1064 exigat.
501 987 561 1056 Duo
576 987 663 1062 igitur
674 987 710 1046 ad
721 990 816 1053 acturn
831 918 1023 1051 voiunteriuur
1038 985 1266 1053 constituendum

218 1082 391 1138 concurrunt
396 1094 404 1144 ;
422 1073 546 1148 cognitio
559 1072 762 1135 intellectualis
780 1071 893 1146 obiecti,
909 1079 939 1136 et
951 1071 995 1135 vis
1014 1070 1181 1145 voluntatis;
1197 1087 1265 1146 quo-

217 1177 280 1225 rum
297 1161 321 1220 si
336 1161 503 1226 atterutrum
518 1156 600 1231 desit,
613 1164 694 1218 nctus
709 1157 764 1224 erit
778 1154 996 1223 involuntarius.

251 1247 310 1320 leur
326 1261 377 1318 age
392 1243 515 1318 cognitio
530 1242 634 1316 obiecti
648 1241 747 1301 deesse
768 1246 860 1314 potest
875 1241 986 1303 ratione
1000 1240 1189 1316 ignorantiae,
1205 1255 1262 1314 nug

218 1331 289 1389 torte
306 1329 390 1396 houro
406 1327 516 1386 laboret
530 1327 598 1394 durn
618 1321 761 1400 operetur.
782 1326 820 1387 dc
835 1340 871 1389 ne
886 1341 965 1394 error
979 1325 1010 1398 in
1025 1340 1087 1391 rem
1100 1324 1175 1392 hauc
1190 1324 1260 1389 irae·

216 1419 274 1490 pet,
293 1412 395 1488 triplex
409 1412 570 1487 ignorantia
585 1410 788 1484 distinguenda
802 1414 863 1469 est:
881 1408 1057 1477 antecedens,
1069 1407 1266 1472 concomitans

218 1505 246 1558 et
260 1514 444 1574 conregnans.
460 1497 544 1556 Porro
559 1511 658 1558 earunr
675 1495 768 1570 prima
784 1500 894 1553 tontum
909 1491 1150 1554 involuntarium
1164 1493 1264 1566 gignit.

218 1583 329 1642 Etenim
350 1581 525 1656 ignorantia
548 1596 723 1656 consequens
748 1579 797 1640 uta
811 1579 924 1651 dicitnr,
941 1594 1014 1652 quae
1038 1577 1133 1653 atiquo
1151 1578 1267 1638 modoa

219 1667 364 1727 voluntate
379 1667 442 1740 ipsa
455 1665 606 1740 dependet,
623 1671 651 1723 et
666 1663 842 1730 dividiturtu
857 1663 1033 1738 affectatam,
1049 1663 1075 1728 si
1085 1662 1190 1721 directe
1205 1676 1268 1736 pro

220 1757 351 1824 curetur3
365 1755 393 1808 ct
407 1749 550 1829 supinum
566 1748 611 1808 vet
622 1764 765 1814 crascone,
783 1747 807 1806 si
818 1746 976 1810 voluntarie
990 1746 1150 1820 negligatur
1167 1745 1267 1807 notitia

219 1835 323 1894 obiecti
333 1839 382 1892 aut
392 1848 491 1893 eorum
502 1848 575 1908 quae
585 1832 733 1892 hominem
743 1831 780 1890 nb
790 1831 933 1909 operando
942 1831 1127 1893 deterrerent.
1139 1831 1223 1904 Haec,
1234 1833 1267 1891 ut

218 1924 305 1994 petet,
321 1917 546 1986 involuntarium
561 1932 618 1976 non
639 1916 799 1990 constituit,
817 1914 958 1990 siquiderp
978 1915 1153 1982 atroluptate
1169 1929 1264 1991 proce·

218 2001 268 2076 dit,
289 2003 319 2060 in
335 2017 426 2076 eaque
440 2001 483 2060 sui
503 2017 619 2063 causam
634 2001 770 2074 agnoscit.
794 2000 926 2074 Quisquis
942 2006 1038 2063 autern
1053 2001 1114 2059 vuit
1133 2014 1262 2073 causam,

218 2085 244 2144 is
254 2087 314 2144 vuit
328 2085 415 2144 etianr
430 2085 561 2153 effectum
578 2086 627 2162 qui
642 2102 680 2144 ex
692 2085 742 2144 itta
757 2090 928 2159 sequuturos
938 2084 1128 2159 praevidetur.

256 2170 312 2232 Nec
328 2170 413 2230 etiam
428 2169 578 2244 ignoratio
602 2171 798 2230 concomitans
813 2169 1034 2237 involuntariam
1049 2171 1188 2241 actionem
1201 2184 1266 2244 pro·

219 2255 281 2330 prie
307 2255 461 2324 coustituit.
478 2255 624 2315 Perillam
645 2255 722 2317 eninr
742 2255 826 2314 homo
845 2254 886 2316 sic
909 2255 1084 2330 disponitur3
1101 2261 1133 2322 ut
1151 2252 1265 2321 etiamsi

218 2339 321 2402 obiecti
336 2339 484 2407 scientiam
500 2340 627 2413 haberet,
646 2345 741 2401 tamen
757 2342 899 2412 actionem
909 2339 1066 2400 emitteret:
1078 2346 1147 2419 pute
1161 2339 1186 2407 si
1199 2338 1266 2412 puis

218 2423 276 2484 iam
286 2424 382 2492 animo
393 2431 508 2500 paratus
523 2423 674 2484 inimicum
690 2425 829 2498 occidere,
840 2425 912 2485 forte
927 2423 1008 2484 illum
1019 2424 1267 2492 interponendum

218 2509 337 2583 occidat,
348 2510 515 2569 existimans
531 2525 561 2568 se
576 2509 666 2574 ierem
682 2516 838 2583 percutere.
856 2507 933 2571 Certo
942 2509 973 2566 iu
983 2508 1037 2568 hoc
1051 2514 1156 2575 eventu
1164 2507 1268 2569 notitia

217 2593 321 2652 obiecti
335 2594 457 2666 deesset;
476 2593 526 2651 sed
540 2592 580 2650 ite
603 2592 722 2664 deesset,
739 2598 771 2650 ut
788 2592 850 2650 eius
864 2591 994 2651 absentia
1017 2600 1112 2651 actum
1127 2608 1184 2651 non
1200 2601 1267 2666 pro·

218 2675 347 2749 duceret,
365 2676 567 2751 quippequiin
579 2676 723 2734 contraria
735 2675 886 2750 hypothesi
900 2676 1154 2751 etinmprodiisset.
1171 2676 1268 2743 Quare

218 2760 300 2834 actio,
320 2775 393 2834 quae
407 2760 448 2819 sic
463 2760 599 2833 exeritur,
613 2759 736 2834 position
749 2757 957 2819 involuntario
967 2759 1022 2820 dici
1034 2774 1092 2818 nou
1099 2763 1202 2833 potest,
1212 2757 1270 2817 sed

218 2847 329 2903 tanturn
343 2844 485 2918 negative,
502 2843 575 2903 idest
588 2860 650 2903 non
663 2843 848 2906 uoluntaria.

250 2928 310 2988 Nou
324 2928 364 2986 ite
384 2927 536 2986 dicendum
555 2934 598 2987 est
611 2929 646 2988 de
665 2929 840 3004 dgnior-ontio
864 2929 1052 2998 antecedente,
1073 2944 1147 3002 quae
1162 2931 1265 2986 actum

140 3007 145 3017 '
216 3009 369 3072 voluntatis
378 3011 494 3079 omnino
509 3012 600 3086 praeit
614 3017 643 3071 et
653 3027 740 3072 cause
752 3019 797 3088 est
807 3007 863 3072 ‘cur
877 3014 914 3072 ad
928 3014 1072 3088 agendum
1086 3011 1264 3087 tietgradus.

215 3207 282 3252 estut
293 3202 401 3257 obiectum
415 3202 522 3256 eiusmodi
537 3203 713 3272 apprehendatur
727 3212 838 3272 tempnunt
853 3205 913 3272 duis,
929 3207 1035 3262 nimirum
1051 3211 1162 3270 tamqnam
1171 3205 1194 3255 id
1206 3203 1271 3270 qnod

216 3281 322 3328 actionem
341 3282 443 3328 terminat
457 3286 478 3329 ct
492 3283 554 3330 cuius
568 3271 637 3347 ¹gratia
653 3283 689 3330 iiia
707 3285 819 3330 exseritur.
832 3284 903 3345 Quare
919 3284 944 3331 in
958 3283 1092 3348 oppetitione
1107 3283 1173 3330 etiem
1187 3279 1271 3329 sensili

215 3355 263 3403 nine
278 3371 385 3404 concursu
399 3357 518 3406 voluntatis
533 3365 637 3422 operante
650 3358 722 3405 iocum
737 3358 811 3417 habet,
824 3365 846 3405 et
861 3358 982 3408 actionibue
999 3375 1085 3422 qaoque
1102 3357 1218 3406 brutorum
1232 3361 1271 3402 nt·

167 3435 170 3441 '
216 3431 327 3479 tribuitur.
344 3433 402 3480 Haec
420 3435 480 3480 enirn
496 3451 521 3481 ex
536 3433 614 3481 obiecti
634 3435 758 3497 cognitione
771 3435 799 3482 cd
815 3435 951 3499 operandum
972 3441 1105 3499 morentur,
1122 3439 1144 3480 at
1158 3432 1273 3479 rationem

214 3505 266 3556 dnn
286 3523 330 3555 non
349 3509 491 3573 concipiunt5
509 3509 617 3572 siqnidem
638 3510 745 3558 eiusmodi
762 3511 875 3574 conceptio
891 3511 1004 3558 relationis
1020 3511 1132 3557 notionem
1154 3507 1271 3570 invoivit,

213 3598 270 3646 quac
286 3585 375 3634 nonnisi
390 3585 536 3654 intelligentia
552 3586 666 3650 attingitur
681 3604 724 3650 qun
738 3587 802 3634 brute
816 3589 904 3651 penitas
920 3587 1034 3644 orbantur.
1051 3583 1196 3642 Quamobrem
1210 3598 1274 3629 oon-

185 3670 189 3676 ·
214 3661 289 3721 ceptus
306 3662 420 3722 spontanei
436 3661 500 3708 iatine
515 3651 583 3724 patet,
595 3651 660 3724 quem
676 3664 736 3708 notio
751 3654 878 3725 voluntarii,
890 3663 918 3709 nd
932 3679 1024 3725 eamque
1038 3678 1061 3708 se
1076 3660 1141 3708 habet
1155 3663 1180 3707 ut
1193 3673 1274 3724 penus

213 3732 241 3784 nd
257 3737 361 3796 speciem.
378 3736 440 3804 Quod
455 3737 474 3783 ei
490 3737 547 3785 actio
562 3737 623 3786 nuile
639 3737 704 3803 ruodo
718 3755 744 3785 en
760 3738 839 3785 obiecti
853 3739 978 3802 cognitione
993 3737 1101 3802 procedit,
1117 3735 1155 3789 soti
1171 3735 1238 3792 unice
1258 3750 1274 3782 ι

216 3807 295 3856 virtuto
309 3810 403 3880 quadani
418 3811 514 3868 subiecto
531 3811 637 3882 ingenite,
654 3819 707 3863 tunc
723 3814 804 3868 dicitur
817 3815 939 3869 naturate]
948 3833 957 3875 ,-
975 3815 1010 3860 eni
1025 3812 1123 3888 praecise
1137 3813 1275 3860 rioientttm

216 3887 342 3957 opponitur.
361 3889 422 3935 Actio
438 3891 505 3964 ppitup
519 3889 655 3960 voiuntnrip,
671 3893 713 3941 hoc
728 3873 775 3974 ipso
789 3874 848 3960 quoti
862 3894 987 3958 poiuptnrip
1002 3900 1048 3968 eet,
1065 3899 1098 3955 σει
1113 3893 1179 3964 ptippp
1194 3907 1273 3966 ppon-

217 3961 281 4014 tanen
296 3965 317 4011 ot
332 3961 445 4028 naturalis,
463 3967 543 4012 utnon
559 3966 606 4014 rice
620 3983 689 4016 roret.
796 3961 801 3972 ’
