2767 4492
218 301 270 384 {72
546 335 757 384 adamussim
770 335 935 382 emensum

216 425 292 500 quod
306 425 392 484 etiam
405 422 674 482 mutiremctbtcum
687 427 806 492 vocant,
823 420 868 479 vel
883 419 1038 493 improprie
1052 417 1170 492 dictum,
1189 421 1267 494 quod

216 508 361 582 appellant
378 507 557 583 pleps-icone,
577 507 628 565 sed
651 505 754 564 melius
776 503 919 562 diceretur
939 503 1115 576 contignum.
1138 503 1267 562 Primum

216 599 269 666 est,
286 593 400 667 quando
414 597 519 666 partes,
530 606 604 665 quae
617 597 735 648 extenso
750 589 863 662 insunt,
875 602 933 648 non
948 587 1070 661 propriis
1080 587 1131 646 sed
1140 601 1267 646 mmmc-

218 678 303 736 nibus
317 677 441 750 gaudent
455 674 607 747 limitibus3
625 679 766 747 quatenus
780 687 981 751 unaquaeque
995 687 1062 746 pars
1075 673 1135 730 suis
1148 677 1267 732 ametur

216 761 465 833 extremitatibus,
487 759 591 833 quibus
611 758 729 818 alterius
750 759 944 816 extremitates
964 761 1080 830 tangat3
1097 756 1145 815 sed
1166 771 1266 816 omnes

217 862 285 917 uno,
301 852 333 902 ut
348 845 388 902 ita
401 844 506 917 dicam,
517 843 662 902 volumine
677 842 886 913 contineantur,
899 847 928 898 et
942 856 1032 900 unum
1047 841 1171 901 solidum
1185 856 1264 900 reue-

216 947 250 988 ra
264 929 396 1002 conllent,
409 930 493 1002 quod,
509 928 534 986 si
548 926 649 985 divisio
664 925 833 997 accedentia
847 924 929 998 plura
944 923 1067 998 discerpi
1082 925 1180 999 possit.
1192 924 1265 984 lllte·

217 1029 283 1071 mm
297 1028 373 1086 vero,
385 1028 437 1071 sen
452 1011 627 1084 contiguum,
640 1015 739 1068 contra
753 1024 784 1067 se
798 1007 894 1066 habet.
906 1009 966 1068 b'on
980 1008 1059 1067 enim
1073 1024 1141 1068 uera
1155 1008 1265 1068 unitate

217 1096 417 1169 substantiali,
434 1096 485 1156 sed
505 1093 673 1154 accidentali
697 1099 806 1151 tantum
828 1093 950 1164 liuium3
968 1107 1001 1151 ac
1015 1093 1135 1166 proinde
1148 1099 1262 1168 partes,

217 1182 321 1256 quibus
335 1185 556 1254 coagumentatur,
573 1177 703 1251 singulae
716 1177 839 1251 propriis
854 1177 984 1236 terminis
998 1177 1214 1250 concluduntur,
1231 1179 1265 1238 li·

218 1274 263 1325 cet
276 1281 329 1339 ope
345 1265 493 1324 altinitatis
507 1263 656 1322 cuiusdam
671 1268 721 1320 aut
735 1261 791 1320 alia
806 1263 906 1336 quavis
920 1262 949 1319 ri
963 1267 1063 1321 mutuo
1081 1262 1262 1323 cohaereant.

254 1351 347 1408 Limes
362 1356 458 1408 autem
472 1347 657 1420 extensionis,
682 1361 739 1420 qua
759 1361 878 1421 corpora
899 1345 1073 1420 alliciuntur,
1097 1347 1263 1406 eorumdem

217 1435 341 1508 figuram
355 1432 481 1491 exbibet.
702 1463 706 1470 ·
1018 1475 1022 1482 .

253 1519 298 1577 ll.
315 1519 377 1577 Duo
389 1517 538 1576 corollaria
548 1517 615 1574 binc
629 1521 759 1575 manant.
768 1517 895 1575 Primum
905 1522 956 1576 est:
969 1531 1055 1576 omne
1064 1531 1116 1576 ens
1125 1517 1263 1591 composi·

217 1609 277 1662 tum
293 1604 407 1662 linitum
420 1617 483 1660 esse
493 1608 558 1660 actu
575 1605 599 1659 ⁴.
617 1602 687 1660 Nam
702 1602 819 1674 quaevis
834 1617 909 1674 pars,
927 1615 999 1676 quae
1013 1616 1113 1660 revera
1126 1607 1191 1659 actu
1205 1601 1262 1674 ipsi

216 1686 299 1759 inest,
314 1685 396 1744 finite
410 1691 463 1757 est;
480 1685 621 1759 siquidem
634 1684 779 1744 iunctione
791 1685 912 1742 aliarum
925 1685 1136 1744 incrementum
1146 1685 1259 1758 accipit,

216 1778 244 1829 et
258 1785 275 1829 a
290 1777 347 1829 toto
361 1770 515 1844 composito
526 1774 685 1842 superatur,
701 1769 846 1826 inlinitum
860 1775 956 1827 autem
971 1775 1105 1831 constans
1118 1768 1258 1843 partibus,

151 1891 154 1896 -
217 1871 291 1928 pirae
305 1856 336 1911 iu
350 1869 381 1912 se
395 1853 493 1911 finitae
507 1854 574 1925 sint,
584 1853 840 1911 chimaericmnest
850 1858 878 1911 et
887 1861 1061 1927 repugnant.
1078 1855 1156 1914 Unde
1170 1869 1262 1913 emer-

216 1940 265 2011 git,
282 1953 368 1996 omne
392 1953 444 1995 ens
458 1938 647 2011 compositum
661 1953 724 1996 esse
747 1938 924 2010 contingens,
943 1953 995 1996 nee
1014 1938 1070 1996 nisi
1085 1939 1116 1996 in
1131 1945 1196 1997 ente
1210 1953 1260 1996 ne·

216 2021 340 2079 cessario
355 2019 549 2078 omnimodam
573 2020 784 2093 simplicitatem
799 2021 933 2080 inveniri.
951 2022 1112 2080 Secundum
1127 2028 1178 2081 est:
1198 2021 1261 2080 dari

215 2119 275 2163 non
289 2118 372 2176 posse
387 2103 584 2162 extensionem
598 2103 687 2162 ullam
702 2109 751 2161 aut
764 2119 918 2162 numerum
933 2111 998 2162 actu
1013 2105 1167 2164 infinitum.
1181 2105 1261 2172 Quod

215 2187 332 2262 quidem
345 2187 492 2246 audenter
513 2187 605 2246 elucet
618 2202 677 2245 nou
691 2187 776 2246 modo
792 2193 907 2262 propter
928 2188 1091 2261 generalem
1110 2188 1259 2262 compositi

214 2272 364 2343 rationem,
381 2287 469 2344 quam
484 2286 574 2344 nuper
587 2271 742 2344 ediximus
756 2287 856 2330 verum
865 2274 951 2331 etiam
961 2278 1074 2347 propter
1082 2274 1258 2346 peculiarem

215 2362 384 2429 conceptum
399 2356 574 2429 quantitatis:
591 2355 739 2428 adquam,
756 2371 810 2414 ceu
825 2357 943 2430 species,
960 2357 1126 2429 magnitudo
1140 2358 1261 2417 moliset

212 2441 364 2499 multitudo
379 2440 520 2498 unitatum
535 2439 689 2513 pertinent.
706 2441 753 2498 Est
768 2441 846 2499 enim
860 2442 895 2498 de
911 2442 1025 2500 notione
1035 2442 1211 2516 quantitatis,
1224 2448 1257 2500 ut

215 2524 359 2598 augmenti
373 2530 401 2582 et
415 2524 589 2582 decrementi
604 2525 641 2582 sit
655 2539 757 2597 capax;
775 2525 805 2584 id
821 2531 917 2582 autem
932 2525 1040 2584 notioni
1050 2526 1156 2584 infiniti
1168 2527 1261 2585 omni·

215 2625 252 2666 no
267 2615 414 2681 repugnat.
432 2609 523 2675 Quare
538 2608 562 2667 si
577 2611 708 2667 extensio
723 2615 772 2666 eut
786 2609 938 2668 multitudo
960 2616 1025 2668 actu
1046 2609 1158 2668 infinita
1180 2611 1260 2670 dare

217 2699 272 2765 tarr,
288 2693 395 2767 aliquid
412 2699 486 2751 esset
500 2693 585 2766 quod,
606 2693 673 2766 quia
698 2693 866 2766 quontitate
890 2694 1035 2768 effectum,
1051 2695 1150 2766 augeri
1165 2701 1194 2753 et
1207 2696 1260 2752 im·

214 2778 306 2837 minui
320 2783 423 2851 posset,
438 2778 507 2850 quia
523 2777 686 2851 tortellum,
704 2783 889 2850 unguentum
903 2784 932 2836 et
945 2778 1158 2837 decrementum
1172 2793 1259 2838 omne

213 2869 368 2937 respueret.
385 2862 437 2929 Qui
458 2868 620 2934 conceptus,
644 2867 677 2920 ut
698 2861 818 2935 quisque
844 2862 927 2935 videt,
944 2877 1002 2921 non
1016 2862 1113 2920 minus
1136 2863 1211 2922 inter
1227 2879 1258 2922 se

213 2953 351 3020 pugnant,
369 2961 456 3019 quarn
470 2945 593 3004 rotunda
607 2946 762 3018 quadratis.

259 3172 270 3215 l
289 3173 334 3217 lloc
349 3171 452 3232 diximus,
469 3173 519 3232 quia
535 3170 648 3218 infinitum
664 3173 688 3218 in
702 3173 809 3235 potentis,
821 3172 878 3234 quod
890 3174 960 3236 alunt,
972 3187 1010 3219 seu
1025 3173 1097 3236 potius
1113 3171 1261 3236 indefinitum,

212 3246 258 3291 enti
273 3248 391 3308 composito
406 3261 450 3291 non
461 3253 576 3308 repugnat.
589 3247 634 3292 Ens
648 3247 708 3293 eninr
723 3249 880 3311 compositum,
892 3248 943 3294 lieet
958 3253 1007 3294 actu
1022 3263 1107 3310 semper
1122 3247 1209 3294 linitum
1219 3250 1260 3310 sit3

210 3326 282 3382 potest
295 3327 367 3366 tamen
383 3321 475 3366 ulterius
490 3337 559 3383 usque
573 3323 646 3382 augeri
659 3358 666 3384 ,
681 3323 735 3384 quin
751 3323 778 3368 sd
794 3323 860 3369 lixum
880 3323 949 3369 ullum
969 3325 1086 3370 terminum
1101 3324 1210 3370 deveniat.
1227 3323 1263 3369 sie

211 3396 320 3458 quantitas
335 3395 452 3442 divisibilis
472 3401 505 3442 cst
520 3397 543 3441 in
558 3396 689 3460 infinitum,
706 3399 756 3459 quia
776 3399 798 3444 in
819 3405 964 3460 'quotcumque
982 3404 1066 3445 secetur
1084 3405 1175 3462 partes,
1192 3403 1263 3462 polest

209 3473 288 3518 iterum
303 3473 327 3518 in
342 3472 396 3518 alias
411 3473 507 3518 minores
518 3472 635 3536 dissecari,
647 3474 700 3535 qnia
711 3479 784 3536 partes
795 3475 852 3520 ullae
866 3479 966 3522 extensae
980 3475 1086 3536 usipumi
1102 3475 1194 3537 possint,
1206 3489 1262 3537 quoe

211 3546 308 3594 absolute
322 3553 433 3609 nequeant
442 3547 519 3594 dividi.
562 3546 570 3561 ⁵
