2767 4492
517 361 762 411 ssoouaonoom
1112 347 1163 410 teu

164 444 207 508 111.
222 447 439 525 1616661661,
455 450 529 509 6116
543 451 631 509 finem
645 450 704 508 661.
719 449 824 508 1116661
843 447 952 508 bonum
970 448 1068 521 ipsum
1089 449 1163 522 quod

127 533 296 606 appetimus,
312 532 360 592 laic
375 533 536 592 subiectum
551 533 597 592 cui
612 533 720 591 honum
735 533 849 606 aliquod
868 532 1009 592 volumus.
1027 531 1070 590 lv.
1087 532 1164 590 1611-

123 631 188 676 nem
199 617 587 691 611611666611666661666.
597 617 709 676 Primus
719 617 923 688 661611661661,
935 615 1162 692 quodoupimus;

123 701 207 774 alter,
224 709 303 760 actus
320 718 371 776 per
385 717 472 776 quem
485 703 582 777 ipsum
596 701 807 775 consequimur.
823 701 855 760 V.
875 701 907 760 ln
922 701 1010 760 linem
1025 701 1120 776 operis
1135 703 1164 758 61

122 785 207 844 linem
228 787 524 862 6666661161116661,
541 787 576 844 ad
595 802 681 860 quem
700 801 771 859 opus
792 792 894 844 natuua
912 802 964 845 sua
978 791 1099 860 spectat;
1116 785 1163 844 1116

121 877 206 942 66661
228 886 315 944 agens
329 871 384 929 sibi
398 872 607 945 assequendum
628 869 796 944 praestituit.
814 869 859 928 Sic
874 871 969 946 quoad
981 869 1163 942 horologium

120 952 256 1013 indicatio
274 954 410 1012 horarum
423 961 466 1014 est
484 956 550 1014 linis
564 955 675 1028 operis,
692 954 805 1012 lucrum
822 953 938 1013 661111616
953 960 998 1013 661
1016 953 1083 1012 linis
1098 967 1162 1028 ope·

119 1038 221 1096 rantis.

157 1122 201 1180 65.
218 1123 277 1181 [luo
292 1128 444 1197 supersunt
460 1124 653 1195 enucleanda,
669 1121 807 1180 6161616661
821 1137 922 1182 sensus
937 1123 1022 1182 huius
1040 1121 1165 1197 duplicis

120 1205 214 1264 effati:
230 1206 309 1281 quod
323 1215 363 1266 cst
379 1209 518 1281 primum
536 1209 571 1266 in
588 1207 749 1274 1616611666
764 1213 804 1264 661
820 1206 964 1265 ultimum
977 1207 1011 1266 io
1025 1205 1163 1266 66666116-

119 1305 171 1362 ne;
191 1295 236 1348 et:
252 1291 355 1348 emoto
373 1300 538 1365 6616666166
554 1299 676 1366 propter
693 1290 793 1364 finem.
809 1291 849 1350 ld
863 1291 933 1349 illud
947 1292 1043 1364 itaque
1061 1289 1165 1348 1616111-

119 1373 256 1447 gendum,
272 1375 389 1432 adverte
402 1375 534 1433 ordinem
551 1374 718 1434 intentionis
732 1374 804 1434 nihil
818 1389 883 1432 6666
893 1375 979 1448 aliud,
992 1375 1048 1434 nisi
1062 1375 1166 1434 seriem

118 1464 238 1516 actuum
252 1455 704 1531 66166161166616166611661661
719 1459 814 1521 medic
828 1464 987 1532 versantur,
999 1465 1082 1532 prout
1096 1458 1167 1516 haec

116 1541 148 1600 in
163 1546 261 1599 mente
280 1546 392 1599 tantum
410 1542 552 1614 existunt3
569 1542 699 1612 ordinem
715 1559 781 1602 uero
792 1543 969 1602 executionis
984 1558 1046 1602 esse
1064 1542 1168 1602 scriem

119 1629 237 1683 actuum
252 1624 405 1683 6616616116
418 1631 447 1683 61
469 1631 628 1684 ceterarum
648 1627 785 1700 operandi
806 1625 928 1700 virium,
944 1642 1018 1701 quae
1032 1627 1120 1686 finem
1137 1631 1165 1686 61

118 1709 214 1768 media
229 1709 381 1782 attingunt,
397 1714 482 1782 prout
494 1710 673 1783 exequimur.
689 1712 723 1769 At
736 1716 847 1771 certum
859 1717 964 1772 estnos
979 1712 1072 1786 primo
1082 1725 1167 1786 appe·
1280 1733 1283 1740 ⁴

121 1797 179 1851 tere
194 1793 300 1865 linem,
317 1798 403 1866 atque
417 1809 455 1852 ex
473 1794 536 1853 eius
557 1795 698 1854 desiderio
714 1795 749 1854 ad
767 1796 863 1856 media
884 1797 1042 1870 appetenda
1062 1779 1169 1854 616611·

120 1877 212 1948 666616
227 1877 344 1935 moveri.
357 1877 476 1935 Proinde
490 1877 556 1936 linis
571 1878 682 1952 primus
697 1879 961 1954 661161616611666.
978 1879 1008 1938 16
1025 1881 1169 1938 executio·

119 1974 156 2018 nc
170 1966 268 2020 autem
286 1961 433 2019 616666666
447 1977 478 2020 se
492 1978 538 2020 res
556 1962 652 2022 habet.
669 1964 739 2022 llam
754 1964 845 2037 primo
867 1963 962 2022 medis
983 1963 1163 2037 adhibemus,
1187 1971 1190 1978 '
1219 2037 1222 2042 Ι

120 2042 256 2119 deinceps
268 2044 298 2102 61
313 2044 428 2104 illorum
442 2046 529 2104 linem
543 2048 738 2122 consequitur.
755 2047 874 2108 Proinde
888 2047 954 2108 linis
968 2049 1053 2108 estin
1066 2063 1170 2108 execu-

121 2127 198 2187 tione
215 2135 385 2202 postremus.

155 2213 195 2270 lu
211 2213 332 2270 alterum
347 2229 414 2272 vero
428 2214 505 2288 quod
519 2219 644 2288 spectat,
660 2216 794 2276 videlicet
808 2217 907 2276 omnia
925 2217 1037 2291 operari
1057 2221 1172 2292 propter

121 2294 221 2369 linem,
237 2295 356 2356 observa
374 2298 460 2356 rebus
478 2300 612 2358 omnibus
631 2315 694 2359 csse
714 2303 913 2374 praestitutum
928 2302 1052 2373 aliquem
1068 2301 1170 2372 linem,

119 2377 151 2437 in
164 2395 255 2454 quem
279 2395 407 2455 quaeque
422 2382 482 2441 suis
503 2383 623 2442 tendunt
640 2384 814 2458 actionibus,
831 2385 881 2443 sed
899 2384 1084 2444 multimodis.
1101 2385 1172 2442 llam

120 2466 236 2537 agentia
249 2465 359 2524 ratione
373 2467 498 2526 fruentia
512 2468 588 2526 hunc
603 2468 690 2526 linem
705 2469 867 2544 percipiunt
881 2484 914 2527 66
930 2468 1083 2540 semetipsa
1097 2466 1129 2524 in
1138 2465 1173 2524 il·

120 2546 180 2607 lum
195 2549 334 2622 dirigunt.
351 2550 469 2622 igentia
483 2567 550 2610 vero
564 2552 708 2612 intellectu
723 2553 856 2614 destituta
867 2558 1013 2626 nequeunt
1026 2551 1173 2626 percipere

121 2631 227 2706 finem,
243 2632 289 2690 661
304 2633 328 2691 61
343 2649 395 2707 per
413 2636 604 2708 cognitionem
622 2638 756 2696 sensilem
771 2637 1009 2713 apprehendunt,
1027 2637 1069 2710 (ut
1083 2641 1126 2694 est
1139 2635 1170 2694 in

121 2713 223 2788 brutis)
238 2718 406 2790 neutiquam
416 2725 510 2778 tamen
527 2721 608 2780 illum
623 2723 801 2782 saturatione
821 2723 888 2780 finis
902 2721 1082 2796 dignoscunt.
1101 2720 1172 2786 Quo·

121 2799 198 2859 circs
207 2816 268 2858 non
278 2815 309 2859 se
322 2801 354 2858 in
368 2804 500 2861 eumdem
513 2805 629 2877 ducunt,
646 2806 850 2864 sedducuntur
860 2805 896 2864 61)
907 2807 1025 2864 Auctore
1035 2809 1166 2874 naturae,

121 2883 171 2956 qui
184 2885 276 2943 finem
289 2885 369 2943 nouit
383 2886 547 2960 eisdemque
561 2887 704 2961 praefixit.

473 3080 606 3148 CAPUT
629 3079 828 3161 QUARTUM

516 3303 558 3352 nri
579 3303 784 3354 monuimus

159 3487 302 3548 Hactenus
315 3484 462 3560 66116666,
479 3499 553 3561 quae
567 3500 619 3545 ens
633 3484 694 3545 6166
709 3485 740 3544 16
758 3499 789 3545 66
807 3485 913 3545 616616
934 3483 993 3543 suis
1007 3481 1170 3560 praecipuis

126 3573 326 3644 partitionibus
343 3571 515 3648 respiciunt,
533 3569 769 3646 explanavimus;
789 3583 867 3628 nunc
885 3568 992 3644 aliquid
1010 3568 1171 3628 addendum

128 3653 163 3714 dc
183 3658 296 3716 iudiciis
317 3673 390 3732 quae
410 3673 449 3716 66
469 3657 504 3716 116
525 3655 689 3716 notionibus
712 3653 914 3727 cllormantur,
938 3658 966 3710 et
986 3653 1172 3712 scientiarum

127 3741 267 3816 principia
280 3742 427 3802 exhibent.
449 3741 578 3816 Quinque
591 3747 688 3799 autem
702 3739 831 3798 articulis
848 3738 1081 3812 disceptationem
1097 3738 1170 3798 inte·

128 3835 209 3893 gram
222 3827 411 3886 exsolvemus.
428 3825 554 3884 Primum
568 3825 698 3885 dicemus
714 3825 749 3883 de
764 3824 877 3883 diversa
891 3821 1063 3884 iudiciorum
1073 3821 1174 3892 classe,

128 3914 214 3977 prout
224 3909 402 3972 6616661661
414 3908 519 3972 6161616
532 3907 710 3972 (1666666116.
727 3907 833 3970 Deinde
847 3911 944 3968 utrum
957 3908 1056 3970 omnia
1066 3901 1177 3966 iudicia
