2767 4492
445 341 884 395 rmsmrsm·rsrcsooocm
1134 327 1188 393 171

143 429 272 494 detrusos
286 441 358 492 esse.
375 431 454 500 Quod
473 438 568 490 autem
587 431 663 490 illius
682 438 827 491 anteactae
842 431 918 490 ritae
940 430 1125 489 immemores
1146 429 1185 489 si·
1250 479 1256 486 .

142 533 222 592 mus,
238 517 267 577 id
282 531 319 576 ex
333 515 476 576 ohlivioue
490 517 614 591 quadam
636 517 800 588 contingere
818 517 868 575 ait.
891 517 969 574 ldem
990 521 1186 575 commentum
1249 554 1253 562 -

143 609 241 678 postea
264 600 414 676 amplexus
428 609 471 660 est
486 601 634 674 Origenes;
652 600 796 659 recentius
809 613 877 658 vero
899 615 1004 673 magna
1018 615 1056 658 ex
1075 606 1155 673 parte
1170 614 1187 659 e

143 687 288 748 cineribus
296 685 620 758 suscitaultleihnitius.
633 685 683 743 llic
693 685 772 744 euim
788 683 1007 742 asseruitheum
1021 684 1102 743 iuitio
1113 690 1185 742 tem-

142 772 220 846 poris
235 783 334 831 omues
349 769 460 830 animas
475 785 533 829 una
547 769 710 829 condidisse
724 775 753 826 et
766 767 945 842 corpusculis
958 767 1128 841 quibusdam
1144 783 1188 828 or·

142 857 251 932 gaulms
264 856 427 928 inclusisse3
444 867 481 913 ex
496 855 601 929 quihus
616 855 739 912 decursu
756 853 904 928 temporis,
922 865 988 910 cum
1003 867 1121 925 corpore
1137 854 1187 912 hu·

141 952 229 1000 maus
244 941 330 1014 liunt,
347 941 516 998 evolvuntur
530 940 718 1013 hominesque
732 940 917 997 constituunt.
933 937 1022 995 humo
1037 937 1123 994 etiam
1138 937 1186 995 ed·

142 1026 215 1086 didit
229 1024 384 1084 verisimile
399 1024 490 1082 videri
508 1029 540 1084 ut
553 1024 607 1083 hae
622 1025 715 1098 primo
734 1023 833 1082 sensili
853 1028 964 1080 tantum
986 1021 1121 1080 facultate
1138 1021 1187 1081 do·

141 1116 256 1184 neum,
268 1110 405 1182 deinceps
414 1107 598 1168 lntellectuet
613 1109 766 1180 voluntate,
781 1106 905 1165 naturali
920 1106 1043 1179 quodam
1058 1120 1187 1179 progres

143 1211 187 1269 su,
200 1201 368 1269 augeantur.
379 1194 455 1252 ilaec
464 1194 561 1268 opluio
571 1193 750 1267 expositione
759 1191 822 1264 ipss
832 1197 1024 1264 contemptum
1034 1191 1089 1249 sihi
1098 1195 1186 1265 creat,

142 1285 172 1340 et
185 1281 235 1338 rix
249 1279 327 1338 credi
342 1282 433 1353 potest
447 1293 512 1338 eam
528 1278 620 1337 aviro
634 1277 683 1336 illo
698 1276 866 1351 mammiano
880 1275 976 1334 doceri
991 1275 1125 1348 potuisse.
1136 1275 1187 1334 lie·

142 1375 224 1421 mom
240 1375 278 1421 ex
291 1363 466 1437 Pythagorae
485 1367 514 1419 et
529 1339 650 1419 Platonis
667 1369 828 1420 commento
847 1360 1118 1433 metempsychosis,
1137 1375 1188 1419 seu

142 1447 276 1520 migratio
291 1447 453 1505 animarum
467 1445 640 1520 dimeuevlt,
665 1452 806 1520 quatenns
825 1445 1009 1504 crederentur
1024 1445 1137 1502 enimse
1152 1459 1190 1503 ex

143 1543 202 1589 uuo
217 1532 247 1590 lu
261 1531 336 1590 aliud
351 1531 506 1605 pertecdns
521 1531 565 1589 vel
579 1531 714 1603 deterius,
732 1545 817 1604 saepe
832 1529 919 1588 etiam
940 1527 1111 1601 helluiunm,
1128 1541 1189 1586 cor·

142 1629 197 1690 pus
212 1617 384 1690 demigrare,
400 1623 484 1690 prout
503 1615 681 1689 sinpnlarnm
697 1615 798 1674 merito
813 1616 934 1687 ferrent,
951 1613 1059 1681 donec,
1075 1612 1189 1686 expiato

143 1701 260 1774 scetere,
276 1701 306 1758 ln
321 1700 486 1759 caelestium
501 1699 654 1759 concilium
668 1703 880 1758 revocarentur.

179 1783 212 1844 Ut
225 1785 363 1843 indicatos
379 1796 488 1843 errores
503 1783 627 1843 breviter
641 1785 815 1857 retenemus,
832 1784 949 1858 praevia
961 1781 1011 1850 ills
1026 1781 1188 1842 animomm

141 1869 247 1927 creatio
257 1867 302 1926 his
318 1868 493 1942 argumentis
509 1869 636 1942 expungi
652 1875 754 1944 potest.
766 1870 902 1938 Primum,
914 1869 982 1941 quia
996 1867 1113 1926 omniuo
1123 1881 1187 1940 gra·

141 1953 213 2011 tiset
225 1953 364 2012 arbitratu
375 1953 521 2026 asseritur,
531 1953 668 2028 nulloque
678 1954 760 2027 graui
770 1952 1079 2026 argomentoiuleitur:
1091 1965 1190 2023 quern·

141 2037 294 2095 admodum
304 2051 342 2096 ex
357 2037 496 2097 solutione
510 2037 713 2096 dilllcultetum
725 2037 848 2111 pateliet.
860 2036 967 2095 Deinde
977 2035 1118 2094 unitatem
1133 2035 1185 2093 hu·

140 2121 220 2178 mani
235 2121 383 2194 compositi
398 2125 497 2179 conha
511 2121 719 2195 experientiam
735 2128 763 2180 et
776 2122 917 2180 rationem
927 2119 1044 2179 omuloo
1059 2133 1187 2192 pessum·

140 2203 199 2261 dat.
217 2203 287 2262 Cum
304 2203 382 2262 enim
396 2204 442 2277 id,
461 2205 537 2277 quod
556 2205 646 2263 alteo
666 2205 831 2264 immediate
854 2205 1001 2278 procedit,
1027 2205 1186 2278 perlectum
1215 2255 1218 2261 ,

141 2286 370 2360 completumque
384 2288 466 2346 iuxta
482 2291 599 2346 uetume
615 2288 746 2348 ordinem
761 2303 823 2347 esse
837 2295 979 2364 oporteat3
996 2288 1022 2347 si
1037 2288 1111 2346 heus
1125 2287 1186 2347 ani-

141 2381 214 2444 mes,
231 2371 347 2429 seeretis
362 2371 536 2445 corporibus,
555 2373 735 2446 condidisset,
753 2373 808 2432 hue
821 2389 879 2432 non
895 2384 961 2447 pars
977 2372 1095 2430 humani
1110 2387 1188 2430 com·

140 2454 226 2526 positi
241 2454 290 2513 sed
314 2455 489 2514 substantiae
511 2457 573 2516 sine
588 2457 687 2516 ordine
702 2458 737 2516 sd
753 2471 857 2533 corpus
879 2473 930 2531 per
950 2471 981 2515 se
1005 2456 1188 2514 hahereutnr.

142 2539 234 2607 Quare
248 2554 315 2598 cum
330 2540 464 2615 deinceps
479 2557 596 2617 corpore
611 2545 781 2617 vestiuntur,
798 2559 857 2603 uon
872 2542 980 2601 iunctio
995 2540 1190 2599 substantialis

140 2621 191 2682 sed
203 2635 281 2682 mere
295 2623 478 2684 accidentalis
492 2632 674 2702 exsurgerem
686 2627 745 2687 imo
758 2627 829 2699 talis,
842 2639 916 2700 quae
927 2627 1002 2683 inter
1016 2625 1088 2682 duas
1100 2623 1188 2683 eliam

140 2708 423 2784 substantiasvigere
438 2717 551 2785 posset,
572 2712 652 2770 nulle
678 2713 854 2770 intrinsecus
874 2710 1012 2768 relatione
1030 2723 1187 2767 connexas.

142 2791 289 2852 Pmeterea
303 2795 333 2851 ln
346 2809 381 2852 ea
395 2793 545 2868 hypothesi
557 2809 615 2853 non
635 2796 824 2866 compositum
839 2794 981 2866 quoddam
997 2791 1126 2849 namrale
1141 2792 1207 2852 sed.

137 2875 298 2944 ‚violentum
321 2881 351 2932 et
373 2881 589 2950 praeposterum
613 2876 751 2934 oriretur.
768 2875 910 2933 Violenter
927 2874 1049 2932 enimin
1067 2887 1191 2946 poenam

140 2958 259 3018 admissi
279 2957 395 3015 sceleris
411 2957 523 3017 animae
548 2959 694 3015 humanae
714 2958 881 3030 corporibus
895 2957 1090 3031 iungerentur.
1107 2956 1190 3017 Nohi·

139 3041 283 3101 lissimum
296 3039 384 3112 igitur
405 3055 501 3098 rerum
523 3039 760 3113 adspectahilium
775 3054 865 3114 opus,
886 3041 1023 3100 nimirum
1038 3043 1140 3113 homo,
1158 3046 1190 3099 ut

141 3123 249 3200 aliquid
264 3127 477 3182 monstruosum
492 3130 519 3182 et
533 3128 633 3182 contre
648 3127 768 3182 naturae
788 3125 918 3183 ordinem
937 3127 1077 3199 prodiisse
1092 3125 1189 3182 dicen·

139 3212 209 3271 dum
223 3214 306 3269 essct.
324 3207 402 3276 Quod
418 3207 531 3268 diunae
546 3207 705 3284 sapientiae
720 3215 859 3284 quantum
874 3211 1028 3285 discrepet,
1046 3224 1132 3268 nemo
1146 3213 1189 3266 est

141 3295 190 3372 qui
204 3309 262 3355 non
281 3291 386 3352 uideat.
403 3293 458 3354 Nec
473 3295 570 3354 minus
588 3295 636 3353 ille
656 3309 736 3353 error
754 3294 944 3354 eonscientiae
961 3295 1112 3366 dissentit,
1133 3307 1190 3366 que

140 3379 289 3456 perspicue
311 3378 449 3437 sentimus
464 3379 503 3437 lta
526 3380 656 3438 animum
671 3382 701 3437 et
721 3394 823 3454 eorpus
837 3379 868 3438 in
888 3380 972 3438 nohis
994 3378 1139 3452 copulari,
1156 3383 1189 3436 nt

140 3477 197 3523 nou
218 3464 325 3538 duplex
346 3461 395 3522 sed
416 3479 475 3522 uua
497 3469 607 3523 tautum
629 3465 769 3538 completa
793 3464 967 3537 substantia,
994 3463 1048 3522 etsi
1071 3461 1186 3522 duabus

141 3549 297 3623 composite
311 3548 450 3623 pertibus,
472 3564 585 3624 unaque
604 3563 670 3608 vere
690 3564 813 3623 persona
827 3549 974 3627 confletur.
991 3549 1082 3607 Tertio
1097 3545 1122 3606 si
1137 3547 1188 3606 illu

141 3634 265 3708 opinatio
286 3649 354 3694 uera
371 3639 455 3708 esset,
476 3631 561 3694 homo
577 3640 700 3693 mortem
719 3649 778 3693 nou
797 3633 925 3693 horreret
939 3633 966 3691 ri
988 3637 1117 3706 naturae,
1134 3633 1185 3691 sed

142 3723 286 3791 appeteret
309 3720 414 3794 potius,
435 3733 471 3779 ea
488 3719 567 3780 enirn
585 3720 701 3778 animus
721 3733 848 3793 carcere,
870 3719 901 3777 in
922 3732 1007 3792 quern
1028 3731 1186 3793 poenarum

140 3799 308 3862 luendarum
323 3816 410 3863 eausa
423 3803 569 3863 conlectus
588 3803 690 3877 luerat,
705 3802 882 3863 liheraretur.
894 3803 969 3862 llaec
979 3812 1075 3863 auem
1086 3802 1184 3862 omnia

140 3889 171 3950 et
187 3889 377 3952 mumoniae
395 3891 424 3951 et
440 3889 586 3952 communi
602 3893 722 3951 neuros
740 3889 838 3951 sensui
853 3891 883 3950 et
899 3888 1002 3953 nuent
1020 3888 1125 3963 oppido
1137 3899 1184 3947 re·
