2767 4492
240 303 283 379 sd
595 330 608 354 ¹·
681 327 841 376 smmum
880 308 883 314 ’

243 417 292 476 sed
311 419 344 476 ut
361 431 497 492 personas
516 421 544 476 et
564 417 651 475 linem
673 415 767 491 quoad
781 414 923 475 mundum
944 413 1107 474 sensibilem
1124 414 1285 476 considere

241 519 320 576 mus,
336 503 429 577 iisque
439 503 567 562 eamdem
581 501 755 574 felicitatem,
768 517 856 575 quam
865 515 917 576 pro
930 500 1014 559 nobis
1024 500 1165 573 volumus,
1181 515 1283 575 procu-

241 605 347 649 remus.
365 589 421 648 lloc
438 589 537 660 etiam,
551 593 583 646 ut
597 591 769 662 potensest,
786 604 821 646 ex
832 587 1005 662 praescripto
1019 587 1127 645 ordinis
1141 587 1281 659 sequitur.

241 673 351 733 Ordinis
370 674 446 734 enim
461 673 647 733 consideratio
661 673 792 732 homines
810 673 934 746 reliquos
958 671 1100 746 personali
1121 671 1284 740 conditione

241 759 408 818 naturaliter
417 759 474 817 lrui
485 759 648 833 eodemque
659 774 693 817 ac
708 774 759 818 nos
772 758 873 817 morali
885 757 1021 830 dianlnte
1031 757 1159 831 etpretio
1169 761 1284 816 ornatos

239 859 300 902 esse
311 844 493 902 demonstrat.
501 843 627 917 lienique
635 843 729 902 olllcia
740 859 807 916 erga
817 843 905 902 Deum
916 843 971 900 nuc
977 848 1156 914 revocantur,
1165 847 1198 902 ut
1204 857 1282 901 eam·

240 928 304 986 dem
316 929 534 1003 dependentium
549 928 585 986 ab
598 928 658 1003 ipso
668 928 828 987 actionibus
835 928 939 986 nostris
948 929 1142 1002 profiteamur,
1153 943 1239 1000 quam
1248 927 1281 985 in

146 997 151 1010 ’
240 1013 390 1072 existentia
413 1013 561 1072 habemus.
579 1011 647 1080 Quis
660 1027 726 1071 vcro
740 1027 798 1071 non
814 1013 944 1083 intelligit
960 1014 1011 1071 noc
1026 1012 1103 1070 idem
1117 1027 1180 1071 esse
1195 1018 1281 1110 atquo

240 1098 332 1157 ordini
348 1098 487 1159 obiectivo
503 1114 600 1157 rerum
616 1098 742 1156 actiones
756 1103 868 1157 nostras
877 1098 1110 1157 accommodare?

274 1184 317 1243 62.
338 1185 387 1242 His
401 1184 559 1243 rationibus
574 1183 642 1241 satis
662 1197 804 1258 superque
819 1183 983 1255 veritatem,
999 1182 1035 1240 de
1049 1197 1105 1257 qua
1119 1182 1278 1256 loquimur,

236 1283 288 1327 nos
307 1270 464 1328 ostendisse
478 1274 623 1347 putamus.
650 1267 837 1328 Nihilominus
856 1267 892 1326 ad
913 1267 1051 1326 maiorem
1065 1266 1107 1325 rei
1121 1266 1279 1326 claritatem

236 1353 307 1412 haec
321 1354 513 1426 adiungimus.

274 1439 340 1497 Cum
357 1439 453 1497 omnia
468 1439 563 1497 oillcin
585 1439 651 1499 inde
665 1445 838 1498 enascantur
851 1438 926 1513 quod
944 1439 1028 1497 homo
1047 1439 1147 1508 tinem,
1164 1445 1279 1513 propter

235 1539 319 1598 quern
336 1539 353 1581 a
368 1525 423 1584 lieo
439 1525 569 1582 conditus
584 1530 642 1597 est,
655 1525 759 1598 exequi
774 1525 889 1596 debeat;
906 1523 1083 1582 executionis
1097 1523 1279 1597 liuiusparti·

236 1609 338 1682 cipatio
357 1609 459 1666 oliiciis
474 1608 610 1667 omnihus
626 1609 693 1667 insit
708 1615 825 1682 oportet,
842 1613 927 1682 atque
941 1623 1123 1667 communem
1141 1607 1219 1665 illam
1234 1625 1277 1666 ra-

236 1695 339 1752 tionem
354 1693 514 1765 constituit,
528 1693 557 1750 in
568 1709 626 1767 qua
635 1685 731 1752 cilicia
740 1694 836 1752 omnia
845 1693 1017 1752 conveniunt
1027 1697 1056 1750 et
1068 1693 1098 1750 vi
1112 1693 1194 1752 cuius
1209 1695 1277 1752 talia

235 1778 408 1836 efficiuntur.
431 1780 487 1836 Non
505 1780 581 1858 epim
604 1778 680 1837 alind
696 1778 853 1852 quidquam
874 1778 959 1836 homo
976 1777 1059 1849 lacit,
1076 1792 1142 1835 curn
1163 1779 1274 1844 sicania

236 1863 335 1936 implet
350 1863 460 1934 oillcia;
479 1863 532 1920 nisi
549 1863 624 1935 quod
639 1863 756 1922 totidem
770 1862 1004 1934 relutigradibus
1014 1861 1050 1919 ad
1060 1862 1272 1936 linemnitutur,

233 1963 319 2020 quem
335 1947 408 2006 Dens
422 1947 461 2005 illi
481 1947 648 2021 praestituit.
672 1948 728 2008 Sed
742 1948 808 2006 finis
822 1953 851 2006 et
865 1947 1014 2006 destinatio
1029 1947 1154 2005 nominis
1176 1947 1204 2005 in
1221 1948 1275 2006 isac

234 2031 306 2104 vita,
329 2031 357 2089 in
374 2031 427 2092 hoc
442 2032 587 2105 reponitur
601 2038 633 2090 ut
647 2033 777 2091 ordinem
794 2031 905 2090 actibus
919 2031 979 2089 suis
998 2031 1095 2089 liberis
1109 2036 1234 2090 sectatam
1247 2039 1274 2090 et

120 2133 125 2140 ·
232 2122 395 2190 promoveat
412 2119 434 2174 l.
453 2117 542 2174 liuius
557 2117 645 2190 igitur
659 2117 767 2177 ordinis
789 2116 917 2175 custodia
935 2122 990 2187 est,
1014 2117 1087 2190 quod
1103 2117 1133 2174 in
1153 2117 1273 2188 singulis

233 2200 335 2260 officiis
345 2201 528 2275 praecipitur,
541 2202 672 2275 quamvis
682 2202 732 2260 illa
740 2218 791 2276 pro
800 2202 936 2260 mauride
943 2201 1104 2259 diversitate
1115 2202 1269 2260 varientur.

231 2285 302 2344 Hinc
316 2286 422 2344 mirum
438 2301 500 2344 esse
514 2301 571 2346 nou
587 2286 670 2346 debet
684 2287 709 2346 si
723 2287 831 2346 ordinis
846 2286 1021 2345 conservatio
1037 2286 1065 2344 in
1078 2286 1179 2359 quavis
1193 2293 1274 2361 parte

230 2385 342 2429 morum
353 2376 380 2428 et
394 2371 464 2444 legis
475 2370 613 2430 naturalis
623 2371 726 2444 latitet,
743 2387 863 2444 eamque
873 2370 1273 2445 supremuslcgislatorinten-

230 2455 278 2514 dat
288 2461 434 2530 tamquam
449 2455 621 2514 elementum
636 2455 755 2529 siugulis
764 2456 922 2530 praeceptis
933 2455 1101 2529 implexum.
1114 2456 1182 2513 dum
1193 2457 1272 2516 enim

229 2541 283 2600 hoc
297 2541 341 2600 vel
356 2541 434 2602 aliud
452 2557 523 2616 opus
538 2542 741 2616 praestandum
756 2541 844 2611 iubet,
861 2542 914 2599 ltoc
929 2541 1066 2614 implicite
1080 2541 1178 2598 iubere
1192 2541 1267 2600 vidc-

229 2630 289 2685 tur:
306 2631 337 2685 ut
353 2627 436 2685 homo
449 2627 542 2701 operis
557 2625 634 2684 illius
644 2627 782 2707 exercitio
796 2626 825 2684 in
841 2626 940 2684 ordine
951 2630 1065 2706 maneat
1079 2625 1270 2699 eumdemque

227 2711 368 2785 perficiat;
386 2727 452 2770 curn
470 2717 567 2770 contra
583 2711 690 2785 aliquid
705 2716 795 2784 vetat,
812 2711 865 2770 lroc
880 2710 1018 2786 implicite
1032 2716 1124 2771 uetere
1141 2725 1171 2768 se
1185 2725 1269 2769 mon·

228 2801 313 2856 strat:
330 2813 366 2856 ue
381 2797 465 2856 iromo
479 2797 594 2855 recedat
609 2796 645 2854 ab
660 2797 768 2855 ordine.

262 2881 353 2948 Quare
363 2897 400 2940 cx
414 2881 512 2940 ordine
523 2881 577 2940 hoc
588 2895 688 2939 norma
703 2882 809 2956 optime
820 2882 944 2941 sumitur
954 2883 988 2940 ad
998 2881 1197 2957 praestantiam
1208 2881 1268 2940 sin-

227 2967 357 3040 gulorum
373 2967 533 3026 ciliciorum
555 2966 774 3039 dimetiendam3
800 2969 939 3041 siquidem
963 2969 1084 3043 quaein
1103 2969 1202 3028 ordine
1216 2984 1268 3027 ex-

226 3049 348 3125 cellunt,
360 3050 469 3124 potiora
483 3055 550 3109 suut
564 3052 665 3110 ceteris
679 3059 708 3110 et
722 3053 784 3110 iure
800 3054 957 3126 meritoque
971 3054 1178 3129 anteponenda.
1195 3053 1267 3112 ilinc
1370 3074 1371 3087 .

225 3136 312 3194 etiam
326 3135 435 3194 homini
451 3134 661 3194 nobilissimum
676 3137 815 3194 motivum
826 3138 961 3212 operandi
976 3138 1181 3212 suppeditatur.
1192 3138 1268 3197 Ordo

225 3221 317 3291 enim,
339 3237 406 3280 cunr
428 3221 458 3280 iu
477 3221 583 3279 linibus
602 3237 711 3280 nexum
730 3229 758 3281 et
777 3224 970 3281 reductionem
992 3224 1078 3282 unius
1094 3224 1130 3282 ad
1144 3224 1267 3282 alterum
1369 3246 1370 3301 p

226 3306 386 3382 patefaciat
399 3306 452 3364 ircc
463 3305 548 3364 habet
563 3307 722 3380 proprium:
733 3312 782 3377 ut,
799 3307 1039 3381 quemadmodum
1054 3309 1175 3367 ostendit
1186 3325 1269 3368 mun·
1369 3314 1370 3327 ²

225 3391 294 3449 dum
304 3389 446 3450 visibilem
457 3391 493 3449 ad
503 3391 658 3465 hominem,
672 3399 700 3451 et
710 3393 740 3451 in
750 3393 943 3469 homineipso
955 3409 1057 3469 corpus
1072 3395 1108 3453 ad
1123 3394 1266 3469 animum,

188 3497 190 3502 ¹
224 3482 308 3551 atque
325 3475 412 3536 liuius
427 3475 576 3535 facultates
587 3477 735 3536 inferiores
746 3479 782 3536 ad
797 3494 959 3552 supremam
975 3496 1087 3539 summo
1096 3479 1171 3540 bono
1180 3481 1269 3556 perd·
1368 3494 1369 3513 .

224 3561 354 3621 ciendum
369 3561 466 3634 diriqi3
486 3560 527 3619 sic
541 3560 627 3620 etiarn
642 3569 779 3622 monstrat
794 3564 903 3638 apicem
918 3571 946 3624 et
961 3566 1115 3624 terminum
1130 3566 1268 3627 intimum

222 3645 309 3726 huius
323 3645 406 3706 seriei
420 3645 533 3705 nonnisi
547 3645 579 3704 in
593 3646 689 3706 divina
710 3647 799 3720 gloria
822 3649 950 3724 reperiri.
969 3651 1059 3719 Quare
1076 3649 1186 3709 homini
1201 3667 1268 3724 per-

221 3729 322 3788 suadet
335 3735 366 3789 ut
381 3730 406 3789 si
421 3730 665 3806 praestantissima
678 3733 788 3796 ratione
805 3735 916 3809 operari
930 3735 1012 3796 velit:
1029 3751 1195 3813 supremum
1210 3735 1268 3799 lroc

266 3908 278 3959 l
298 3907 352 3958 vil·
366 3925 422 3976 quac
438 3911 531 3960 diximus
545 3929 565 3961 c.
581 3913 605 3977 l,
622 3918 663 3962 art.
681 3915 705 3962 5.
