2767 4492
505 177 561 225 ssu
577 175 754 224 onnonoou
1105 163 1156 228 lov

93 258 418 345 temrllamnegantem
427 262 588 322 aeternitati
598 278 658 322 non
668 261 858 336 conveniunt
875 263 1050 324 conveniunt
1060 269 1157 326 autem

91 348 195 422 quoad
221 335 426 411 affirmantem.
446 348 603 422 tauquam
618 347 697 406 enirn
712 352 824 424 tempus
838 362 973 421 praesens
989 348 1156 426 adveniret,

89 447 201 508 reapse
217 433 332 506 eadem,
353 448 425 508 quae
439 447 516 492 nuno
526 438 577 504 est
590 432 683 491 stabat
692 431 855 505 aetemrtas
873 449 905 492 ao
918 438 1069 507 postquam
1078 449 1158 530 pree

89 532 160 576 sens
175 516 243 579 hoo
258 522 369 596 tempus
378 516 508 590 duxerit,
529 515 682 575 aeternitas
696 515 798 574 eedem
812 517 1000 591 permanebit,
1022 509 1103 578 omni
1117 525 1157 580 ta·

87 617 162 661 men
177 603 346 663 mutatione
360 607 512 664 summota.
527 601 570 660 lix
584 600 689 676 quibus
705 601 792 660 etiam
807 601 876 661 illud
886 608 1018 678 apparet:
1036 607 1156 666 aeterni·

88 686 160 746 tatis
176 687 334 754 notionem
349 687 462 746 anobis
476 685 621 747 efformari
637 700 689 759 per
710 685 897 745 remotionem
912 703 1157 764 quorumcumque

84 771 231 832 limitum
245 778 274 832 et
286 771 485 832 mutabilitatis
500 769 687 831 educationis
703 769 785 842 idea,
807 785 865 829 non
882 787 969 847 vero,
991 779 1023 832 ut
1035 773 1157 834 Lookius

85 854 196 930 inepte
214 855 310 930 dixit,
329 872 382 931 per
396 855 493 930 iugem
509 855 642 930 temporis
657 852 831 913 additionem
847 856 872 912 l.
894 856 948 916 Sed
962 855 1022 916 iarn
1032 859 1073 917 ad
1088 875 1155 920 cou-

83 949 223 1014 ceptum
239 939 375 1014 temporis
388 940 548 1000 veniamus.

123 1023 177 1083 35.
201 1023 385 1098 Quamquam
399 1031 511 1099 tempus
524 1024 629 1099 iugiter
643 1021 797 1096 metimur,
815 1037 903 1097 eoque
920 1027 1046 1087 visibilia
1061 1028 1159 1088 omnia

81 1123 216 1183 nosque
230 1108 286 1184 ipsi
301 1109 497 1182 continemur,
520 1113 617 1167 umen
630 1108 692 1166 eius
706 1107 784 1164 notio
799 1106 968 1168 difficillima
982 1116 1026 1170 est
1040 1112 1077 1171 ad
1091 1113 1159 1171 deli-

78 1193 247 1252 niendum
261 1199 286 1251 2.
302 1194 511 1266 Nihilominus,
528 1197 669 1268 quantum
683 1192 719 1248 de
734 1190 854 1249 obscura
869 1192 922 1250 bac
936 1210 967 1252 re
984 1195 1041 1254 dici
1054 1202 1157 1271 potest,

81 1281 223 1351 tempus
236 1279 350 1350 proprie
364 1275 437 1334 nihil
452 1275 531 1334 aliud
545 1291 607 1333 esse
622 1273 744 1346 videtur,
757 1273 814 1333 nisi
829 1273 951 1334 duratio
965 1279 1039 1336 eutis
1053 1295 1161 1340 rumos-

76 1362 153 1419 sivi
168 1359 479 1418 velmutobilis.llam
493 1362 605 1433 tempus
619 1358 798 1416 durationem
813 1373 875 1417 esse
890 1361 1042 1432 quemdam
1056 1365 1163 1438 perspi·
1231 1419 1235 1426 .

80 1459 196 1504 cuum
219 1449 270 1504 est.
293 1445 331 1504 llo
354 1443 432 1503 enirn
455 1458 553 1502 rerum
573 1442 735 1517 aliquarum
753 1442 785 1502 iu
808 1442 957 1502 existendo
976 1444 1162 1519 intelligimus

79 1528 361 1603 perseverantiam.
384 1525 545 1586 Continenti
557 1541 624 1586 vero
639 1532 668 1585 et
681 1526 742 1600 iugi
755 1526 906 1587 mutationi
921 1527 1088 1601 permisceri
1102 1546 1161 1592 non

83 1612 204 1671 minus
219 1617 345 1687 apparet.
361 1612 432 1671 Nam
447 1611 646 1670 extensionem
660 1615 689 1671 et
702 1615 797 1686 partes
811 1611 944 1682 includit,
962 1627 1085 1687 quarum
1099 1615 1161 1674 nul·

84 1698 119 1756 la
140 1701 311 1772 permanet,
327 1695 378 1757 sed
392 1711 492 1755 omnes
506 1693 601 1754 lluunt
615 1695 739 1755 assidue.
755 1695 814 1756 Hoc
828 1699 924 1756 antem
939 1697 1055 1757 nonnisi
1068 1705 1161 1760 muta·

87 1781 192 1842 tionis
214 1782 361 1856 proprium
385 1785 435 1842 est.
463 1781 505 1842 Ad
526 1780 601 1839 banc
622 1780 709 1854 igitur
727 1781 851 1854 pertinet
870 1787 1002 1861 tempus,
1019 1789 1106 1857 atque
1126 1801 1161 1860 ep

90 1866 205 1925 omnia
215 1881 313 1940 ,quae
327 1864 479 1926 mutationi
501 1864 681 1942 subduntur,
697 1865 729 1924 in
744 1871 869 1942 tempore
892 1871 1002 1926 suntet
1024 1869 1159 1944 temporis

90 1951 207 2028 spatiis
222 1951 405 2011 dimatantur.

132 2035 226 2106 Qua
218 2052 247 2095 ιιι
263 2051 294 2094 re
313 2016 599 2096 animadvertendum
615 2039 659 2095 est
679 2049 731 2096 ens
749 2034 899 2116 qrridem
882 2049 966 2098 omne
987 2039 1157 2114 contingens

91 2120 314 2180 mutationibus
329 2119 512 2194 quibusdam,
524 2124 556 2178 ut
570 2121 708 2193 diximus,
721 2135 783 2180 esse
798 2097 966 2180 obnoxium
982 2123 1016 2181 At
1029 2123 1083 2183 bae
1097 2141 1159 2184 mu-

93 2206 230 2265 tationes
244 2220 306 2264 esse
320 2209 440 2278 possunt
457 2204 504 2263 vel
522 2205 738 2280 instantaneae,
755 2205 800 2264 vel
814 2207 1001 2266 successivae.
1021 2209 1161 2268 Nimirum

93 2290 145 2350 vel
160 2305 229 2350 esse
243 2294 363 2364 possunt
372 2288 539 2348 huiusmodi
552 2293 584 2348 ut
598 2289 674 2348 illico
683 2290 877 2365 perficiantur,
891 2291 961 2365 qun
976 2291 1162 2353 interstitium

93 2374 197 2437 ullum
212 2374 353 2434 habeatur
366 2374 442 2433 inter
455 2373 613 2448 potentiam
626 2379 655 2433 et
669 2379 765 2434 actum
776 2375 879 2450 (qualis
894 2380 937 2434 est
951 2376 1071 2434 mutatu
1086 2391 1160 2448 quas

95 2458 130 2517 in
149 2459 271 2519 entibus
289 2457 486 2535 spiritualibus
505 2459 649 2532 cernitur,
666 2473 733 2518 cum
754 2460 947 2534 operationem
969 2459 1096 2532 aliquem
1110 2459 1161 2519 eli·

96 2544 201 2618 ciunt)
213 2563 221 2618 3
240 2543 286 2604 vel
300 2548 419 2619 possunt
433 2559 496 2603 esee
514 2543 603 2617 tales,
619 2549 652 2603 ut
664 2545 736 2604 fiant
753 2559 819 2604 cum
833 2559 914 2603 mora
933 2547 961 2603 et
975 2544 1057 2603 lloru
1071 2544 1159 2605 veluti

98 2631 232 2702 quodam
247 2629 390 2689 continno.
406 2629 551 2688 Eiusmodi
565 2633 609 2689 est
621 2633 717 2689 motus
731 2629 828 2689 localis
843 2643 1004 2704 corporum,
1021 2635 1069 2689 aut
1084 2631 1157 2690 aliae

98 2711 226 2787 quaevis
240 2714 407 2780 eorumdem
420 2713 598 2774 successivae
617 2713 783 2772 mutationis
799 2716 824 2770 ⁵.
841 2714 901 2771 lam
914 2729 982 2772 vero
997 2714 1158 2786 superiores

145 2897 369 2944 tremisceret-a.
389 2897 507 2944 effloreat
526 2897 590 2942 bum.
605 2894 645 2942 liv.
662 2893 687 2954 2,
704 2891 738 2936 ch.
751 2892 790 2937 tn.

147 2969 275 3017 truteno
288 2973 340 3014 sunt
354 2969 470 3043 Augustini
484 2967 550 3014 verbe
553 2967 651 3028 ,quibus
664 2927 742 3011 tristive
756 2965 813 3010 hano
833 2963 985 3012 difficultatem
1005 2967 1107 3034 exponit,
1125 2968 1157 3014 aio

95 3045 257 3108 inquiensze
249 3042 327 3098 Quid
342 3040 401 3088 enim
412 3047 445 3087 est
458 3003 562 3101 tempnei
572 3039 625 3094 Quis
640 3037 681 3083 boo
696 3038 759 3084 teoile
773 3038 911 3102 breviterque
925 3041 1088 3104 explicaverit?
1105 3043 1158 3098 Quis

100 3141 110 3164 ι
129 3119 176 3166 hoe
192 3117 220 3164 td
233 3117 323 3163 verbum
334 3117 362 3163 do
375 3116 414 3163 illo
428 3114 583 3180 proterendum
597 3113 632 3162 vel
646 3113 777 3174 rogitatione
787 3115 996 3176 comprehenderit?
1010 3117 1066 3172 Quid
1082 3123 1156 3166 eutem

102 3217 111 3239 ι
130 3194 265 3243 familiarius
280 3198 302 3242 et
318 3193 392 3241 notius
406 3191 430 3239 in
445 3190 554 3254 loquendo
565 3205 768 3255 commemoremus,
780 3206 845 3255 quem
856 3191 957 3254 ternpus?
968 3194 995 3239 Et
1009 3193 1155 3256 intelligimus

104 3293 113 3313 ι
130 3275 210 3336 ntique
225 3287 274 3318 eum
289 3271 313 3316 id
328 3269 447 3334 loquimur,
458 3267 682 3330 intelligimus‘etiem
697 3283 755 3330 cum,
766 3267 810 3314 elio
821 3267 932 3332 loquente,
945 3269 968 3314 id
980 3268 1087 3316 eudimus.
1101 3270 1158 3326 Quid

105 3367 114 3387 ·
132 3353 168 3394 est
181 3363 232 3408 ergo
247 3345 354 3410 tempus?
368 3347 391 3391 Si
411 3361 476 3392 nemo
494 3361 520 3390 er
534 3359 569 3390 me
584 3349 693 3408 questu,
712 3345 775 3408 seio;
792 3346 811 3392 si
826 3345 939 3408 qurereuti
953 3345 1060 3409 explicere
1075 3345 1158 3409 velim,
1195 3409 1199 3412 v

107 3442 117 3466 ι
134 3423 219 3470 neseio.
235 3423 337 3483 Fidentes
352 3427 424 3470 temen
436 3421 485 3468 dico
499 3422 555 3468 seire
569 3437 605 3487 rue
619 3421 686 3486 quod,
704 3423 723 3468 ri
741 3420 797 3468 nibil
812 3421 948 3486 proeteriret,
960 3437 1005 3468 non
1021 3427 1077 3467 esset
1091 3435 1158 3484 pree-

108 3517 117 3540 ι
135 3499 225 3546 teritum
239 3502 325 3562 tempus
336 3515 343 3560 3
359 3503 382 3546 et
391 3499 410 3546 si
421 3497 478 3545 nihil
487 3496 609 3561 obveniret,
621 3514 666 3545 non
681 3502 738 3545 esset
751 3497 850 3544 futurum
861 3503 962 3562 tempue3
979 3501 1001 3544 et
1014 3495 1034 3544 ri
1048 3495 1104 3542 nihil
1120 3511 1157 3544 es·

110 3592 119 3618 ι
135 3579 178 3639 set,
194 3590 239 3622 non
253 3581 310 3622 esset
323 3591 426 3639 praesens
437 3580 531 3646 lempna.
547 3595 557 3619 ι
575 3577 677 3638 Coelen.
693 3573 734 3621 lib.
747 3574 786 3636 et,
799 3590 818 3620 c.
832 3573 871 3619 tv.

153 3651 168 3697 5
183 3651 229 3697 lire
239 3652 367 3698 mutationis
382 3653 490 3698 erbonem
503 3651 598 3698 ιιιιίιιο
611 3650 734 3697 continent.
751 3649 806 3698 Nun
821 3647 958 3713 subiectum,
969 3647 1027 3713 quod
1041 3647 1155 3712 efficiunt,

107 3737 153 3773 non
167 3730 258 3792 ”pente
271 3726 299 3775 ed
312 3728 441 3794 ternrinenn²
456 3727 480 3776 in
495 3743 561 3792 quem
574 3727 654 3794 uniit,
669 3726 760 3791 terunt5
775 3725 814 3775 sed
828 3726 853 3773 in
869 3723 904 3774 vir
917 3725 990 3789 potine
1005 3726 1156 3790 constituunt,
