2767 4492
218 280 253 342 92
331 291 339 304 '
545 298 773 352 mararnvsvcan
786 297 933 341 sructants

219 376 326 436 latione
352 376 449 451 legum
472 378 738 438 mathematicamm
762 379 911 438 contineri.
937 377 1104 437 lliraculum
1122 377 1201 436 enim
1220 378 1267 438 bis

219 461 299 520 nulla
313 462 424 521 ratione
439 463 570 522 detrahit.
588 464 647 522 Non
662 463 779 523 enimsi
795 463 837 522 sol
850 463 1008 521 retrocedat
1022 466 1073 520 aut
1085 461 1195 520 flumen
1204 477 1268 520 mu-

217 551 275 604 tato
290 559 376 605 cursu
389 546 421 605 in
440 551 526 620 caput
540 546 658 618 refluat,
676 546 801 605 eiticitur
818 547 933 604 biucut
947 546 978 603 in
999 531 1105 604 circulo
1121 544 1194 605 radii
1209 562 1269 605 non

115 659 119 662 ·
219 631 277 689 sint
291 631 443 704 aequales,
461 631 560 714 aut'ab
583 631 750 705 aequalibus
769 631 891 690 summis
910 629 1088 704 portionibus
1101 630 1270 702 aequalibus

217 714 350 788 utrinque
366 714 502 786 deductio,
516 729 590 787 quae
606 719 761 788 supersunt
775 729 833 774 non
849 716 909 773 iore
923 715 1064 788 aequalia.
1079 714 1158 773 ldem
1172 714 1218 773 dic
1232 715 1271 774 de

219 798 337 872 reliquis
351 799 463 872 generis
475 798 613 857 eiusdem.
636 799 803 858 lliraculum
817 799 896 858 enim
909 814 968 857 non
986 799 1203 858 mathematicas
1218 799 1271 859 sed

218 883 351 957 physicas
365 883 442 956 leges
457 882 591 956 respicit,
612 897 769 956 earumque
783 897 841 941 non
857 882 970 943 violatio
985 883 1034 956 (id
1049 883 1127 941 enim
1142 881 1177 941 de
1191 883 1270 941 dero-

216 967 338 1038 gatione,
352 981 425 1040 qnae
440 966 477 1025 ab
492 967 553 1040 ipso
568 966 729 1025 ordinatore
744 967 803 1039 liat,
820 965 877 1024 dici
891 966 1005 1040 proprie
1019 981 1078 1024 non
1090 970 1204 1040 potest),
1219 967 1271 1025 sed

220 1065 299 1110 mere
314 1051 443 1125 exceptio
460 1051 628 1125 appeltanda
642 1063 693 1110 ast.
715 1052 771 1110 llos
791 1056 888 1110 autem
907 1050 1041 1124 physicas
1060 1055 1180 1108 naturae
1192 1050 1272 1123 leges

221 1135 334 1195 divinas
348 1140 376 1193 et
391 1139 520 1194 aeternas
532 1136 681 1194 nominare
696 1135 865 1208 ambiguum
879 1140 931 1193 est.
948 1133 1061 1208 Proprie
1071 1134 1150 1192 enim
1159 1149 1216 1192 non
1227 1135 1268 1192 di-

219 1220 311 1293 vinae,
324 1219 374 1279 sed
386 1215 548 1278 mundanae
563 1224 639 1291 snnt;
650 1235 709 1278 non
722 1224 864 1287 aeternae,
876 1219 927 1277 sed
941 1223 1133 1291 temporanee.
1150 1219 1273 1277 Possunt

224 1311 320 1362 mmen
333 1304 388 1362 hoc
403 1318 489 1362 sensu
506 1303 620 1361 divinae
634 1302 701 1376 dici,
715 1303 790 1376 quod
804 1303 886 1361 alteo
898 1302 956 1362 sint
965 1303 1123 1376 impositam
1140 1308 1273 1361 aeternae

219 1403 304 1460 vero,
320 1387 395 1462 quod
413 1387 449 1444 ab
469 1386 635 1446 aeternitate
654 1385 781 1445 sancitae
800 1386 876 1458 sint,
898 1385 964 1444 licet
983 1386 1014 1443 in
1034 1390 1180 1459 tempore,
1196 1393 1272 1460 post-

220 1487 306 1545 quam
325 1471 489 1530 efformatus
509 1475 551 1530 est
569 1471 714 1543 mundus,
736 1485 822 1528 suum
841 1470 1005 1528 emeruerint
1022 1469 1165 1528 ellectum.
1189 1471 1222 1528 lit
1241 1471 1272 1528 in

222 1570 323 1614 eorum
336 1555 518 1628 derogatione
532 1553 612 1613 nulla
625 1568 741 1628 prorsus
756 1552 945 1627 repugnantia
959 1558 1014 1625 est,
1031 1569 1085 1611 nec
1098 1553 1187 1612 ullam
1202 1569 1273 1612 saue

223 1645 346 1700 assertor
362 1639 410 1699 ille
429 1641 529 1699 adesse
548 1638 667 1713 probat,
686 1639 737 1696 sed
755 1639 844 1711 gratis
865 1639 1015 1696 dumtaxat
1032 1644 1061 1696 et
1078 1639 1274 1713 imprudenter

224 1725 358 1784 ailirmat.
378 1724 449 1783 Nam
469 1723 545 1797 quod
563 1723 604 1781 ait
621 1722 684 1781 lieri
703 1737 761 1781 non
783 1736 866 1796 posse
885 1727 916 1781 ut
933 1738 1015 1781 mens
1030 1723 1142 1781 intinite
1158 1724 1273 1796 sapiens

235 1824 300 1882 eges
311 1823 329 1866 a
341 1823 372 1866 se
385 1807 458 1866 latas
471 1807 605 1881 deinceps
620 1805 715 1878 violet,
728 1806 863 1865 insanum
878 1811 930 1865 est.
947 1807 1007 1866 Non
1021 1807 1099 1866 enim
1109 1807 1183 1866 lleus
1197 1807 1274 1879 leges

237 1891 288 1950 llas
301 1892 342 1949 ita
356 1891 448 1962 scivit,
460 1896 492 1949 ut
506 1907 554 1949 eas
568 1891 711 1963 urigrandi
726 1891 870 1949 interdum
884 1896 913 1949 et
926 1906 985 1950 non
996 1891 1130 1950 servandi
1139 1891 1193 1949 sibi
1205 1891 1272 1949 ode-

224 1975 310 2032 merit
323 1979 500 2048 potestatem,
512 1979 563 2033 aut
570 1979 679 2032 mutato
689 1974 817 2047 consilio,
830 1974 905 2048 quod
920 1975 1008 2034 semel
1019 1975 1124 2048 sanxit,
1137 1975 1271 2049 deinceps

225 2057 350 2117 invertit.
369 2059 422 2116 Sed
436 2059 466 2117 in
477 2075 529 2118 sua
545 2059 710 2118 aeternitate
725 2075 792 2118 cum
805 2061 883 2132 leges
898 2065 1016 2118 naturae
1030 2059 1216 2134 imponendas
1226 2059 1274 2116 do

226 2142 325 2216 crevit,
338 2157 396 2200 una
411 2143 517 2215 pariter
532 2143 714 2216 exceptiones
729 2158 778 2201 eas
792 2143 1001 2216 determinavit,
1014 2159 1085 2216 quas
1094 2144 1131 2201 ob
1143 2143 1273 2202 altiorem

225 2225 314 2284 finem
328 2225 536 2298 praeteritum
551 2227 681 2286 ordinem
696 2228 824 2286 tacturus
839 2234 909 2286 erat.
927 2227 1018 2295 Quare
1029 2242 1094 2285 cum
1104 2228 1276 2285 miraculum

225 2315 328 2384 patrat,
346 2314 378 2367 ut
391 2309 415 2368 si
430 2325 477 2368 ex.
494 2325 535 2382 gr.
553 2310 655 2369 sideris
670 2311 792 2370 alicuius
805 2318 916 2370 motum
930 2312 1133 2385 interrumpat,
1150 2312 1204 2370 boc
1218 2327 1278 2370 non

227 2394 296 2455 iacit
310 2394 378 2467 quia
392 2393 563 2452 senentiam
578 2395 668 2452 animi
682 2395 715 2453 in
729 2396 901 2454 contrariam
914 2402 1025 2470 partem
1034 2400 1134 2468 vertat,
1146 2395 1196 2454 sed
1205 2397 1276 2468 quia

229 2479 272 2538 sic
286 2483 395 2538 esuum
411 2477 482 2536 illud
500 2478 537 2536 ad
555 2483 664 2538 motum
682 2479 815 2552 primitus
834 2480 964 2538 incitavit
975 2515 986 2552 ,-
999 2485 1031 2538 ut
1045 2478 1132 2538 simtd
1145 2479 1176 2537 in
1191 2479 1277 2540 cortis

229 2577 328 2620 rerum
347 2561 506 2634 adiunctis,
522 2577 597 2635 quae
617 2562 843 2636 praedisposuit,
859 2564 1008 2637 quiescere
1026 2563 1147 2622 voluerit
1165 2569 1278 2637 praeter
1321 2609 1325 2614 .

231 2649 397 2704 consuetum
413 2645 551 2704 ordinem.
569 2646 625 2704 Nec
640 2661 707 2705 vero
722 2647 862 2705 tactorum
877 2648 1016 2707 eiusmodi
1026 2648 1137 2705 nullam
1144 2647 1279 2706 idoneam

230 2729 320 2788 fuisse
335 2743 452 2787 cansam
466 2733 630 2802 arroganter
645 2736 674 2788 et
687 2730 771 2803 pleno
786 2747 835 2790 ore
850 2731 977 2805 sophista
990 2731 1039 2790 ille
1049 2731 1167 2789 effutiat.
1184 2730 1279 2798 istius-

227 2811 307 2871 modi
321 2811 399 2870 enim
414 2827 517 2870 causae
531 2813 715 2886 quamplures
730 2829 793 2874 esse
807 2821 969 2888 potnemnt,
986 2815 1166 2888 potissimum
1181 2820 1280 2871 autem

229 2899 262 2953 ut
277 2894 473 2953 ostenderetur
491 2895 632 2954 mundum
651 2910 741 2954 noua
763 2913 794 2955 se
807 2897 887 2970 regi,
905 2897 955 2956 scd
969 2897 1067 2955 divina
1088 2895 1281 2955 administrari

228 2977 426 3050 providentia,
443 2979 525 3036 cuius
543 2979 664 3052 imperio
683 2984 817 3052 parerent
836 2980 953 3054 omnia,
972 2981 1135 3039 tumeliam
1149 2987 1181 3038 ut
1195 2995 1280 3054 quae-

229 3075 299 3118 nam
313 3075 381 3118 vera
394 3061 501 3134 Religio
516 3068 591 3121 osset
604 3063 701 3122 divino
713 3064 848 3137 sumagto
863 3065 1041 3137 claresceret,
1057 3078 1167 3139 nosque
1181 3065 1218 3122 ad
1232 3079 1280 3122 co·

229 3143 478 3228 gitaudumbcum
492 3145 610 3220 eiusque
623 3148 821 3206 admirandam
836 3149 992 3222 potentiam
1006 3143 1207 3209 excitaremur.
1221 3149 1282 3215 Qua

229 3229 260 3288 in
274 3245 305 3288 re
320 3229 464 3302 praeclare
479 3230 661 3312 Augustinus:
681 3233 772 3299 «Quia
786 3232 864 3292 enim
879 3233 928 3292 ille
942 3249 1001 3294 nou
1014 3239 1058 3293 est
1072 3235 1136 3292 talis
1150 3233 1282 3291 substan·

234 3337 245 3366 a
267 3314 326 3388 tia,
343 3329 416 3389 quae
437 3313 526 3374 videri
547 3315 637 3374 oculis
658 3316 748 3389 possit
767 3321 796 3375 et
815 3317 954 3377 miracula
973 3319 1054 3392 eius,
1071 3317 1174 3390 quibus
1191 3320 1281 3374 totum

234 3421 246 3451 a
267 3397 408 3456 mundum
422 3399 496 3470 regit
509 3399 731 3472 universamque
740 3405 901 3460 ereaturam
912 3402 1099 3473 administrat,
1111 3398 1280 3458 assiduitate

233 3505 245 3532 α
267 3481 422 3554 viluerunt,
435 3481 476 3540 ita
490 3489 522 3540 ut
535 3497 621 3540 nemo
635 3482 768 3557 dignetur
786 3485 934 3544 attendere
946 3484 1090 3558 operaDei
1103 3481 1178 3540 mira
1187 3488 1216 3540 et
1225 3487 1283 3542 stu-

234 3585 246 3613 «
266 3565 360 3636 ponda
378 3565 410 3624 iu
432 3565 558 3639 quolibet
579 3565 698 3625 seminis
716 3583 825 3641 grano,
842 3570 1001 3629 secundum
1019 3581 1101 3625 suam
1121 3565 1283 3626 misericor-

236 3669 247 3697 π
269 3648 347 3707 diam
365 3651 490 3708 servavit
509 3650 565 3709 sibi
587 3651 728 3725 quaedam
749 3668 823 3726 quae
842 3655 948 3715 iaceret
964 3658 1122 3728 opportuno
1137 3658 1281 3725 tempore,

236 3751 246 3781 t
268 3739 380 3803 practer
400 3733 537 3793 usitatum
558 3750 673 3794 cursum
688 3737 875 3812 ordinemque
896 3744 1036 3811 neutrae,
1052 3743 1085 3796 ut
1102 3751 1161 3795 non
1175 3735 1285 3794 maiora

233 3837 244 3866 tt
266 3814 316 3872 sed
330 3814 445 3877 insolita
459 3819 580 3878 videndo
595 3824 751 3895 stuperent,
763 3822 867 3896 quibus
882 3824 1050 3897 quotidiana
1064 3823 1217 3886 viluerant.
1229 3820 1285 3880 lla-

235 3921 246 3951 «
267 3897 313 3960 ius
327 3899 404 3960 enim
418 3901 590 3965 miraculum
603 3910 647 3966 est
660 3905 830 3980 gubernatio
845 3907 931 3970 totius
944 3907 1056 3977 mundi,
1075 3921 1164 3984 quam
1176 3908 1285 3967 morra·
