2767 4492
232 325 272 396 94
471 385 474 392 .
562 336 790 392 mammarum
803 339 951 388 sesanna

269 429 368 491 cetera
381 439 455 504 quas
469 443 488 488 a
501 427 663 488 recentibus
683 426 868 486 rationalistis
891 427 1028 488 adrem
1046 425 1188 491 miracula
1206 427 1277 494 obli·

232 517 347 576 oiuntur
355 513 559 588 praetermitto,
572 510 715 572 cumnovi
725 511 908 589 nitrilreapae
921 510 1056 586 aderant,
1071 514 1132 588 sed,
1142 515 1277 577 utinsra·

233 599 364 659 dulorum
379 602 423 658 est
435 611 506 671 mos,
524 595 654 655 eamdem
669 601 826 669 recoquunt
838 593 985 656 crambem
994 597 1205 660 etiisdemlera
1214 617 1277 662 rar·

231 683 277 745 his
286 698 321 744 aa
333 697 407 758 quac
421 681 541 758 spinosa
550 686 580 740 at
592 679 744 742 Voltairius
758 679 936 754 protulerunt
949 687 1121 742 mussantes
1133 683 1273 746 mutiunt

639 850 808 910 lunianum
819 850 863 910 lt.

538 1019 719 1082 Dactttortts
733 1019 963 1081 miraculosam.
1032 1055 1037 1058 -

270 1193 315 1256 to.
338 1191 464 1256 ldlraculi
482 1185 655 1268 possibilitas
677 1194 736 1250 tam
748 1190 827 1250 clara
848 1195 894 1250 eat
908 1193 942 1249 ut
957 1189 1030 1251 nihil
1044 1203 1141 1267 supra.
1155 1191 1227 1254 llam
1246 1195 1273 1256 ai

230 1279 305 1340 Deus
319 1279 449 1340 infinitae
458 1278 571 1338 virmtis
583 1281 640 1350 est3
656 1276 794 1335 sinatura
807 1276 912 1350 pendet
925 1291 944 1334 a
956 1275 1029 1350 llo03
1044 1281 1137 1351 potest
1145 1280 1272 1352 protecto

185 1353 188 1360 '
229 1362 302 1421 lleus
317 1359 424 1436 aliquid
442 1359 474 1418 in
488 1358 550 1433 ipsa
564 1357 677 1432 operari
691 1363 803 1430 praeter
816 1356 947 1414 ordinem
961 1368 1047 1430 quam
1066 1357 1116 1418 illa
1129 1358 1217 1418 habet
1233 1361 1272 1420 ad

227 1459 329 1505 causas
343 1443 499 1516 naturales,
515 1447 642 1516 atquem
660 1441 871 1514 contingentem
887 1456 950 1500 esse
966 1443 1198 1502 monstravimus.
1213 1444 1270 1504 Nec

180 1573 185 1581 -
226 1529 423 1590 difficultatem
438 1525 550 1601 ingerit,
567 1525 642 1599 quod
652 1524 804 1599 aliquando
814 1525 990 1585 ellectuaille
999 1526 1130 1586 insolitus
1143 1527 1181 1586 sit
1194 1527 1270 1587 elus·

227 1611 315 1688 modi,
331 1619 364 1673 ut
383 1613 442 1672 vim
456 1612 568 1671 finitam
581 1625 640 1670 non
654 1613 816 1683 essuperet.
833 1610 905 1667 Nam
923 1615 992 1668 tuno
1013 1611 1101 1670 etiam
1122 1613 1270 1673 communi

177 1746 183 1756 .
227 1699 349 1761 ordinIa
364 1698 419 1757 lieo
434 1697 465 1755 in
478 1696 565 1754 rebus
579 1693 759 1754 constabilito
773 1694 949 1768 adversatur,
965 1695 1020 1754 lroc
1033 1695 1095 1769 ipso
1105 1696 1181 1771 prod
1193 1697 1270 1756 inse

225 1784 287 1843 tens
305 1784 343 1842 sit
361 1785 390 1840 et
406 1785 519 1856 praetu
537 1793 653 1838 cursum
666 1781 796 1837 naturae.
816 1779 908 1846 Quare
927 1779 994 1838 dcet
1006 1781 1101 1854 quoad
1117 1780 1268 1856 physicam
1379 1794 1380 1827 1

224 1867 403 1927 allectionem
416 1865 453 1924 ab
467 1868 569 1938 agente
584 1863 679 1938 eiquo
693 1864 925 1938 supemundano
939 1864 990 1923 sad
1004 1870 1100 1925 creato
1113 1866 1268 1940 procedam

224 1951 323 2027 possit,
339 1953 464 2010 attamen
475 1949 639 2023 contingere
650 1948 754 2022 nequit
768 1948 830 2007 sine
845 1948 926 2007 iussu
939 1953 969 2007 et
981 1955 1054 2008 nutu
1068 1950 1192 2024 eripienti
1205 1964 1268 2010 mo

224 2036 371 2108 deratoris,
388 2035 435 2094 cui
450 2039 524 2094 totus
542 2033 611 2093 ordo
624 2039 744 2092 naturae
758 2032 921 2092 subiicitur.
931 2033 983 2092 llic
996 2038 1092 2093 autem
1106 2034 1268 2094 moderator

224 2131 375 2195 supremus
385 2131 444 2178 non
459 2118 532 2178 nlius
544 2123 589 2177 est
602 2117 659 2178 nisi
673 2117 758 2190 Deus,
775 2133 863 2191 aquo
873 2117 1010 2177 univorsa
1022 2123 1126 2177 namra
1138 2120 1268 2178 manarit

207 2267 210 2272 ,
226 2210 310 2278 atque
324 2203 454 2264 absoluta
466 2203 573 2262 ditione
583 2207 704 2262 tenetur.
721 2202 819 2260 Cetera
834 2206 939 2276 autem,
955 2207 1191 2276 quotquotcraata
1199 2208 1267 2262 sint

225 2292 347 2364 agentia,
364 2291 441 2348 intra
463 2289 593 2349 ordinem
613 2293 734 2347 naturae
748 2289 966 2361 ooncluduntur,
981 2287 1115 2363 legesque
1128 2289 1191 2348 elus
1206 2303 1266 2346 non

131 2375 134 2380 “
222 2375 416 2434 commutandi
439 2378 488 2433 aut
510 2372 737 2447 interrumpendi
754 2377 921 2448 potestatem
934 2371 1049 2446 nabent
1062 2375 1112 2433 aad
1126 2372 1265 2447 sequendi

222 2463 251 2518 et
270 2457 457 2518 conservandi
477 2458 651 2532 obligatione
671 2465 813 2518 tonantur.
834 2458 925 2526 Quare
947 2456 1054 2532 aliquid
1073 2465 1171 2518 conda
1188 2459 1266 2532 ipsas

220 2557 272 2616 pro
281 2542 372 2601 lubito
386 2543 498 2616 operari
508 2556 566 2602 uon
581 2547 709 2616 possunt,
728 2543 786 2601 nisi
802 2555 935 2616 supremo
945 2543 1074 2602 omnium
1087 2543 1204 2602 iubente
1217 2543 1265 2601 vat

221 2629 322 2684 saltam
335 2627 516 2699 permittente
529 2625 728 2700 gubernatore.
744 2627 831 2700 idque
844 2626 958 2687 divinae
967 2627 1201 2702 pmridentieeet
1213 2627 1263 2686 do

220 2707 303 2768 minii
317 2709 464 2783 proprium
478 2717 531 2770 est.

259 2791 328 2852 (lum
343 2793 430 2868 igitur
448 2796 712 2869 supermundanum
736 2810 833 2870 agens,
850 2798 1020 2870 potestaten
1038 2797 1094 2857 ileo
1108 2795 1193 2870 noto,
1212 2796 1263 2856 ali-

218 2877 288 2952 qnid
302 2878 449 2938 insolitum
462 2884 575 2954 praeter
588 2885 708 2940 naturae
721 2891 838 2940 cursum
852 2886 994 2955 operatur,
1014 2886 1129 2956 propter
1142 2881 1229 2940 tinem
1243 2895 1262 2939 a
1379 2922 1380 2969 3

218 2960 275 3020 Deo
289 2962 431 3022 intentum
449 2965 494 3024 vel
510 2966 714 3040 approbatum
732 2973 800 3024 tunc
814 2978 903 3039 agens
915 2967 1052 3026 illudnotr
1067 2967 1150 3025 aliter
1162 2971 1261 3040 opera·

170 3097 175 3103 .
219 3049 265 3104 tur
278 3046 335 3105 nisi
351 3053 487 3122 tanquam
500 3049 551 3109 liei
563 3051 696 3109 minister
710 3055 739 3110 et
753 3065 872 3124 servus,
892 3055 977 3125 atquo
991 3051 1056 3111 ideo
1068 3050 1189 3111 allectis
1201 3063 1261 3109 uon
1379 3052 1380 3075 ³

216 3130 272 3205 ipsi
292 3131 344 3190 sed
364 3131 421 3191 lieo
443 3131 588 3207 tanlquam
610 3135 761 3209 principati
779 3149 883 3194 causae
905 3136 1073 3196 tribuendus
1090 3139 1143 3194 est.
1167 3134 1259 3202 Quare

216 3231 283 3274 cunr
307 3215 479 3276 miraculum
502 3217 699 3278 delinivimus:
725 3219 843 3293 otiputd
861 3218 950 3279 oDoo
963 3219 1120 3296 procedatis
1138 3225 1261 3293 procer

214 3305 388 3360 muscetum
403 3307 531 3360 notiaco
550 3301 701 3376 arduicus,
720 3303 924 3363 subiunximus
942 3305 1011 3364 satis
1034 3319 1097 3364 ossa
1117 3306 1181 3360 uta
1199 3299 1259 3361 Deo

214 3385 350 3458 procedat
364 3389 500 3460 tanquam
514 3399 532 3444 a
545 3387 697 3462 principali
710 3389 811 3448 saltem
826 3389 979 3449 efficiente.

249 3471 283 3528 lit
303 3471 474 3544 contingunt
495 3484 580 3546 saepe
598 3475 735 3548 tempora,
752 3486 819 3533 cunr
839 3474 1017 3548 negotiosum
1032 3474 1069 3532 slt
1087 3487 1122 3532 ac
1140 3469 1258 3531 ditione

174 3629 176 3634 Ι
213 3550 332 3613 definire
345 3559 442 3614 utrum
456 3553 563 3628 aliqud
577 3569 678 3614 rerum
688 3558 859 3617 miraculum
874 3557 974 3616 haberi
989 3557 1090 3614 deboat
1104 3571 1143 3614 sn
1157 3559 1258 3613 contra

216 3639 376 3711 praestigiis
391 3643 476 3714 atque
494 3641 673 3713 captionibus
691 3642 883 3702 adnumerari.
900 3638 977 3700 runo
993 3639 1074 3698 adid
1090 3637 1258 3696 dlsoernen-

216 3719 285 3777 dum
304 3723 368 3780 usui
382 3729 448 3782 sunt
470 3723 576 3782 iudicia
592 3725 732 3798 quaedam
751 3731 780 3785 et
792 3734 885 3801 uotae,
903 3741 977 3801 quae
998 3723 1105 3784 idcirco
1122 3719 1257 3796 miraculi

216 3803 330 3863 euteria
345 3805 477 3881 audiuni3
490 3821 579 3880 eaque
594 3807 641 3866 nic
655 3808 780 3881 breviter
793 3811 994 3870 indicabimus.

251 3886 311 3946 lam
327 3902 379 3962 age
392 3888 424 3949 in
437 3891 575 3951 ndmoulo
589 3890 699 3952 fusius
717 3892 828 3953 innasci
841 3898 936 3968 potest
948 3893 996 3955 rel
1009 3908 1047 3954 ex
1060 3889 1257 3954 commentitia
1379 3932 1381 3951 t

214 3969 387 4047 manatione,
403 3977 544 4048 quamnus
557 3989 708 4050 nuntpram
721 3976 871 4051 occiderim
887 3977 934 4037 rel
947 3977 1172 4053 extenuatione
1186 3989 1255 4037 cau·
