2767 4492
340 283 342 290 ,
531 235 760 280 nusesomouns
1136 223 1168 281 li

21 363 22 368 η
119 347 131 372 «
149 321 178 380 si
187 319 270 396 prius
279 334 346 380 suas
358 319 472 394 regulas
481 323 510 378 et
519 322 677 393 praecepta,
689 318 772 392 quasi
781 319 922 392 quaedam
937 319 1170 379 machinamenta

120 428 132 455 a
150 403 350 478 distingueret,
362 407 482 476 notaret,
496 402 639 476 dirigeret,
659 402 848 476 proderetque
865 403 958 476 ipsam
973 402 1165 476 disciplinam,

122 511 133 539 a
153 504 244 564 quarn
258 487 437 547 dialecticam
457 488 578 548 vocant?
593 487 668 546 llaec
689 487 772 545 docet
792 487 917 560 discere,
935 487 965 545 in
979 487 1034 544 hac
1048 503 1079 545 se
1093 487 1167 545 ratio

120 598 130 625 ι
150 575 340 646 demonstrat,
357 572 491 647 quaesit,
508 572 576 646 qtrid
591 571 668 644 velit,
685 570 755 645 quid
768 571 875 645 ualeat,
892 573 953 632 oola
969 572 1029 630 vult
1044 573 1167 630 scientes

119 681 131 710 ι
149 659 264 732 lacere3
282 673 335 716 nec
349 657 441 716 solum
455 656 524 729 vult,
542 655 592 715 sed
606 657 693 715 etiem
707 661 799 730 potest
814 657 839 714 ⁴.
854 679 865 706 ι
890 657 961 715 Hinc
981 655 1165 728 intelligitur,

117 747 265 816 quantum
278 757 296 799 a
309 746 412 800 natura
425 740 559 800 recedant
574 739 737 800 cousiniaui
751 755 906 814 eorumque
925 740 1100 811 imitatores,
1118 739 1169 813 qtri

115 825 333 901 philosophiam
347 841 365 884 a
379 825 562 900 Psychologia
576 824 706 884 inchoari
722 823 835 896 nolunt,
853 824 940 883 nullis
954 824 1073 897 logicae
1086 839 1168 897 prac-

116 912 215 985 ceptis
230 917 295 969 ante
316 908 477 984 explicatis,
501 914 586 983 atque
600 909 641 969 ita
660 908 852 969 adolescentes
872 909 973 968 sensui
996 914 1105 967 mutum
1119 924 1168 966 na-

116 998 206 1053 turae
229 994 380 1068 permissos
400 993 436 1052 ad
458 994 528 1053 elias
547 995 681 1054 scientias
702 993 907 1052 condiscendas
926 993 1110 1052 transienrnt.
1134 993 1169 1051 lli

114 1079 251 1152 prolecto
264 1078 301 1137 iis
313 1078 444 1138 videntur
454 1078 572 1151 similes,
584 1079 643 1153 qui,
653 1094 711 1138 non
721 1079 891 1153 comparatis
902 1083 986 1138 antea
996 1079 1167 1138 instrumen-

118 1163 165 1234 tis,
183 1177 258 1236 opus
271 1162 476 1221 elaborandum
490 1163 702 1236 aggrediuntur.

153 1248 211 1306 Pro
231 1246 334 1322 ceteris
352 1261 419 1305 vero
449 1245 626 1319 disciplinis,
646 1245 839 1304 certissimum
862 1252 906 1305 est
927 1247 1061 1322 physicae
1083 1251 1168 1320 atpuo

115 1331 240 1390 Ethicae
253 1331 398 1405 principia
411 1345 450 1388 ex
462 1329 653 1403 ldetaphysica
666 1330 760 1402 quoad
774 1336 886 1403 partem
898 1345 957 1389 non
970 1331 1105 1404 exiguam
1119 1331 1166 1390 dc·

113 1415 224 1473 riveti.
240 1415 372 1473 Notiones
387 1413 464 1471 enini
478 1412 624 1484 generales
640 1413 717 1471 circa
726 1428 876 1486 corpomm
886 1414 1036 1486 elementa,
1047 1419 1166 1487 motum,

114 1501 323 1575 proprietates,
336 1498 524 1572 metaphysica
533 1499 637 1572 aperit;
655 1514 729 1572 quac
742 1499 812 1557 item
822 1498 975 1558 voluntatis
988 1497 1131 1558 humanae
1140 1509 1169 1556 et

116 1584 256 1659 Supremi
271 1581 400 1642 Numinis
410 1587 551 1655 namnum,
564 1583 645 1641 cuius
656 1583 757 1641 notitia
766 1582 882 1641 Ethicae
891 1583 1104 1656 pernecessaria
1113 1587 1165 1655 est,

116 1667 299 1727 manifestat.
316 1666 416 1725 Contra
429 1681 495 1725 vero
509 1667 584 1725 inter
598 1667 746 1740 Physicam
761 1672 791 1724 et
805 1665 946 1738 Moralem,
960 1665 1005 1724 vel
1019 1666 1165 1725 llathesim

116 1759 147 1812 et
161 1751 395 1828 Metaphysicam,
413 1751 508 1810 nullus
518 1751 683 1811 interiectus
696 1755 740 1810 est
749 1766 842 1809 nexus
856 1750 977 1810 discenti
991 1749 1164 1822 investigan-

117 1837 190 1909 dus;
208 1837 258 1910 qui
270 1841 365 1894 umen
379 1836 523 1895 maximus
538 1835 617 1895 adest
627 1836 703 1899 iuter
715 1835 864 1895 ldathesim
874 1850 975 1910 puram
990 1839 1019 1894 et
1031 1835 1163 1909 mixtam,
1203 1903 1207 1909 J

118 1937 196 1994 quae
210 1922 273 1980 sine
287 1919 337 1978 illa
353 1919 460 1984 addisci
475 1935 532 1979 non
547 1925 646 1994 potest.

155 2005 237 2072 Quae
251 2019 317 2063 cuni
332 2003 372 2063 ita
386 2019 417 2063 se
432 2003 572 2077 habeant,
588 2004 656 2064 ordo
672 2005 703 2062 in
716 2004 876 2078 disciplinis
894 2003 1050 2062 servandus
1064 2003 1089 2062 is
1104 2020 1164 2062 oni-

117 2089 191 2148 nino
206 2103 269 2148 esse
291 2087 419 2160 videtin,
436 2093 468 2146 ut
483 2088 574 2162 primo
589 2087 649 2146 loco
665 2089 768 2162 Logica
781 2089 975 2158 conditorium
998 2087 1102 2145 deinde
1120 2103 1164 2144 se

118 2176 249 2246 quantur
262 2171 393 2230 ldathesis
407 2177 436 2230 et
449 2172 653 2247 Metephysiea3
673 2177 732 2230 tum
747 2171 883 2230 accedant
902 2171 1020 2245 Physica
1035 2175 1064 2230 et
1078 2171 1163 2230 liora·

89 2263 92 2273 '
118 2255 156 2314 lis
172 2269 242 2314 curn
255 2256 318 2314 lure
331 2259 466 2326 naturae,
483 2254 598 2314 Mathesi
613 2260 709 2314 autem
724 2255 841 2327 mixtae,
858 2269 931 2330 qnae
945 2269 1047 2328 puram
1061 2254 1164 2314 subau-

118 2339 173 2412 dit,
191 2338 308 2398 nonnisi
320 2343 384 2414 post
397 2339 459 2398 eius
472 2339 652 2415 disciplinam
666 2341 749 2399 detur
762 2355 858 2413 opera.
932 2362 937 2372 ·

166 2869 176 2913 l
197 2870 231 2915 ne
241 2869 326 2915 matu.
339 2867 379 2914 un
392 2868 411 2930 1,
423 2883 442 2912 ο.
458 2868 493 2914 tc.
