2767 4492
228 291 264 352 84
688 297 819 344 mutuata

227 389 380 462 peragatur
393 390 422 444 et
435 398 538 459 corpus
546 383 659 444 diverso
668 381 753 442 modo
762 382 911 455 immutet3
928 382 1051 442 sensato
1059 383 1184 458 interna,
1197 397 1274 460 quae

227 471 295 532 indo
309 469 445 542 emergit,
465 483 518 544 per
538 467 742 528 conscientiam
763 481 892 526 seorsum
906 467 1077 540 attingatur,
1099 470 1278 530 contrarium

228 562 326 616 autem
339 555 467 626 accidat,
486 552 611 627 quando·
621 549 769 610 circulatio
783 556 917 610 masnata
931 550 1042 610 ratione
1054 552 1203 625 perdcitnr
1220 570 1278 615 nec
1374 595 1380 605 .

228 640 386 715 quidquam
399 636 466 697 novi
481 635 573 696 affert.
593 635 671 694 ldem
689 634 789 692 dicunt
809 634 845 693 de
863 634 991 708 reliquis.
1012 636 1047 693 lt
1064 650 1117 694 nos
1134 637 1278 698 eiusmodi

227 723 443 800 responsionem
456 734 515 780 non
528 719 597 778 satis
611 717 725 777 veritati
738 732 894 791 congruam
907 718 1050 778 ducimus.
1068 720 1139 778 llam
1152 721 1274 781 circula·

230 809 270 868 tio
284 805 441 880 sangumis,
459 803 536 862 calor
550 802 644 861 vitalis
659 807 687 863 et
702 800 818 874 similla,
834 802 954 874 quaead
967 817 1139 876 organomm
1154 803 1274 879 disposi-

230 893 337 954 tionem
350 890 509 964 pertinent,
525 885 669 947 obiectum
683 885 854 946 causationis
867 900 926 944 non
939 901 1002 944 esse
1016 886 1167 961 videntum
1185 889 1275 964 11111-

226 977 296 1037 dem
310 973 443 1046 sensatio,
460 978 492 1030 ut
505 976 681 1043 exerceatur,
694 969 864 1042 organarite
874 968 1011 1043 disposita
1025 970 1168 1045 subaudit,
1184 979 1213 1032 et
1226 990 1274 1034 su·

228 1077 282 1137 pra
295 1058 443 1134 proprium
455 1060 550 1115 actum
564 1055 610 1114 val
623 1053 765 1128 principia
774 1053 902 1112 eiusdem
912 1069 970 1114 non
980 1053 1111 1114 reflectit.
1126 1056 1215 1116 Motus
1224 1073 1275 1117 au·

230 1152 289 1204 tem
303 1141 444 1216 corporis,
463 1139 513 1214 qul
525 1137 605 1198 nulla
618 1138 781 1198 sensatione
794 1137 988 1212 attinguntur,
1008 1152 1046 1198 ne
1059 1138 1197 1200 indirecte
1211 1143 1275 1215 qoi-

230 1229 298 1289 dem
313 1243 331 1286 a
344 1223 518 1285 conscientia
531 1222 633 1281 referri
647 1228 775 1296 possunt.
797 1221 901 1282 Verum
915 1222 1003 1295 baec,
1022 1237 1090 1302 oum
1104 1223 1135 1282 in
1153 1225 1275 1298 lsyouo

229 1313 307 1386 logia
322 1308 468 1369 metanda
482 1307 547 1380 sint,
563 1306 610 1366 hic
624 1305 790 1380 perturbato
805 1306 905 1365 ordine
919 1306 1071 1381 audcipari
1085 1323 1143 1366 non
1156 1309 1273 1370 debent.

265 1395 354 1456 Obiic.
371 1393 427 1452 llll.
449 1393 581 1450 inientes
602 1395 631 1448 et
650 1391 825 1448 somniantes
844 1395 946 1463 putant
965 1391 1129 1451 affectiones
1147 1393 1273 1468 babere,

230 1497 301 1556 quas
315 1493 372 1538 non
386 1475 504 1534 liabent.
524 1474 596 1547 Ergo
610 1473 699 1532 fallax
712 1479 756 1532 est
770 1474 961 1533 conscientiae
975 1476 1178 1535 testimonium.

266 1566 349 1638 Resp.
365 1560 523 1628 Difficultas
539 1558 610 1616 haec
624 1563 730 1616 statum
744 1558 920 1631 quaestionis
934 1559 1051 1618 omnino
1061 1560 1164 1633 migrat
1177 1567 1206 1619 et
1219 1562 1277 1622 ela-

230 1651 319 1710 bitur.
339 1647 395 1706 1111
408 1644 485 1704 enim
500 1642 536 1702 dc
550 1640 667 1700 homine
681 1642 834 1715 loquimur,
850 1649 944 1716 prout,
959 1644 1076 1702 remotis
1090 1645 1277 1718 impedimen·

231 1735 276 1807 tis,
295 1733 326 1790 in
340 1729 437 1790 debita
451 1727 617 1786 facultatum
632 1740 751 1784 suarum
766 1725 953 1799 dispositione
967 1727 1144 1801 reperiatur,
1163 1729 1214 1788 illa
1227 1746 1277 1790 cos

229 1816 354 1888 inducit,
376 1813 426 1888 qui
439 1817 552 1886 praeter
566 1815 671 1868 statum
687 1810 723 1869 ad
737 1809 791 1869 rite
805 1812 1033 1884 cognoscendum
1047 1817 1077 1871 et
1090 1812 1277 1874 iudicandum
1380 1840 1381 1851 ¹

230 1901 365 1960 idoneum
380 1897 463 1970 plane
478 1895 544 1954 sint.
563 1893 616 1952 Sed
631 1898 663 1952 ut
676 1895 746 1952 baec
760 1893 917 1967 mittamus,
933 1895 1087 1954 dildonltas
1097 1899 1224 1958 vanescit
1237 1915 1277 1958 ex

228 1997 275 2056 eo,
292 1981 367 2056 quod
379 1995 458 2038 error
472 1978 520 2037 ille
530 1978 561 2036 in
571 1977 780 2036 somniantibus
795 1983 824 2036 et
838 1979 1000 2038 amentibus
1013 1995 1070 2038 non
1086 1982 1278 2042 conscientiae

233 2065 405 2136 testimonio,
421 2062 471 2121 scd
485 2061 698 2134 imaginationis
711 2061 918 2135 perturbationi
928 2063 1133 2124 adscribendus
1141 2071 1193 2124 est.
1210 2067 1278 2126 Con-

232 2149 354 2212 scientia
367 2147 460 2218 enim,
484 2160 550 2204 cnm
572 2145 711 2217 attingere
731 2151 856 2219 nequeat
875 2146 933 2206 nisi
947 2147 978 2204 id
991 2148 1066 2221 quod
1080 2164 1180 2222 mapsa
1194 2151 1278 2210 nobis

233 2235 311 2306 insit,
327 2229 486 2303 deceptioni
501 2243 573 2301 qnae
588 2227 722 2286 obiicitur
731 2244 789 2287 non
800 2231 961 2295 intervenit.
978 2231 1021 2290 llli
1036 2237 1131 2291 umen
1141 2234 1213 2294 inde
1227 2235 1278 2294 ial-

232 2319 341 2390 ltmtnr,
350 2315 425 2389 quod
435 2328 478 2385 ea,
491 2327 564 2386 quae
575 2317 723 2370 aestuante
732 2319 761 2372 et
771 2314 871 2387 exlege
884 2315 1088 2388 imaginatione
1102 2320 1278 2396 concipiunt,

233 2411 380 2476 amquam
394 2413 494 2472 reapse
509 2397 670 2471 praesentia
682 2403 713 2455 et
725 2399 815 2457 realia
828 2399 1003 2459 existiment.
1020 2401 1099 2467 Onod
1113 2403 1190 2463 unde
1204 2406 1279 2464 oria·

234 2495 280 2546 tur
294 2487 325 2544 in
338 2480 522 2558 Psyclrolostia
535 2481 688 2539 dicendum
704 2482 767 2540 erit.

269 2569 359 2628 Obiic.
375 2567 442 2626 lllll.
463 2565 568 2624 Senarus
586 2564 714 2623 referunt
732 2567 764 2624 11
784 2569 950 2641 corporibus
964 2571 1059 2630 inesse
1073 2572 1212 2647 colorem,
1235 2590 1279 2634 sa·

233 2666 352 2728 potem,
375 2651 491 2708 odorem
505 2655 669 2721 ceterasque
684 2650 852 2725 qualitates,
876 2668 947 2726 quaa
960 2656 1152 2715 1111111111
1166 2667 1279 2718 vocant.
1381 2646 1382 2681 ³

234 2739 269 2797 lt
282 2750 349 2794 vero
361 2735 416 2792 bae
431 2732 533 2792 inillis
547 2732 666 2792 minime
680 2733 787 2793 insunt.
804 2736 874 2796 Nam
889 2738 1028 2813 quidquid
1043 2741 1078 2798 ad
1089 2741 1280 2801 senmtionem

234 2819 375 2896 pertinet,
398 2815 429 2875 in
449 2816 587 2875 sentiente
609 2821 652 2875 ost
673 2817 832 2879 dumtaxat.
855 2821 927 2895 llrgo
948 2838 1086 2882 sensuum
1106 2825 1206 2886 relatio
1227 2825 1280 2884 ial-

233 2906 354 3066 hiteessp
369 2989 444 3049 llaec
457 2990 619 3063 ditdcarltas,
636 3005 724 3065 quam
737 2992 868 3052 nonnulli
881 2951 1102 3068 magnilociunt,
1121 2999 1177 3053 tota
1192 3008 1282 3068 1111·

236 3081 265 3134 ta
278 3079 320 3133 est
333 3074 435 3148 puerili
449 3073 551 3133 nititur
566 3075 807 3148 aequivocatione.
827 3078 932 3137 Sensim
946 3079 1024 3137 enlm
1037 3093 1096 3137 non
1111 3078 1203 3152 ipsam
1217 3093 1281 3137 sen·

234 3159 374 3218 sadonem
389 3159 489 3220 coloris
504 3165 558 3218 etc.
575 3160 743 3232 corporibus
756 3162 851 3222 inesse
867 3168 1022 3235 testantur,
1045 3162 1096 3220 sed
1110 3161 1281 3221 sensationis

236 3241 388 3315 obiectum,
404 3243 480 3315 quod
494 3242 574 3300 illam
588 3242 716 3302 innubis
730 3246 845 3304 1111111.
862 3246 920 3304 Hoc
929 3252 1025 3317 autem
1035 3246 1215 3304 verissimum
1225 3250 1279 3302 est.

221 3325 328 3394 ,Quare
352 3327 453 3386 merito
473 3325 579 3384 Bnlfier
597 3327 628 3384 in
650 3343 703 3384 sna
720 3328 822 3400 logica
843 3327 999 3387 0111111111
1020 3334 1105 3403 atque
1127 3329 1281 3389 llalebran-

234 3407 335 3468 ollium
348 3408 530 3482 reprehendit
544 3410 619 3482 quod
634 3425 663 3469 se
678 3411 774 3484 inepte
789 3410 939 3485 iactarint,
961 3412 1108 3486 tamqnam
1121 3410 1283 3471 communis

235 3493 385 3552 cuiusdam
407 3493 510 3552 erroris
529 3493 703 3564 detectores,
727 3492 933 3568 statuerintque
954 3510 1006 3556 ceu
1029 3512 1128 3556 rarum
1152 3497 1284 3571 propriae

237 3575 431 3650 philosophiae
450 3576 617 3636 inventum:
639 3577 781 3648 calorem,
804 3577 920 3638 odorem
934 3585 963 3638 et
977 3580 1083 3640 similia
1097 3580 1128 3639 in
1143 3581 1284 3640 sentiente

237 3673 300 3717 esse
316 3665 435 3732 mutum,
452 3666 480 3718 et
494 3660 574 3719 nullo
588 3660 671 3719 modo
685 3661 715 3718 in
729 3661 857 3720 obiectis.
874 3664 987 3722 11111
1003 3665 1097 3724 lucem
1108 3665 1212 3725 aderre
1226 3663 1284 3722 rel·

237 3741 314 3814 lent,
336 3757 395 3801 non
409 3743 487 3800 allud
500 3745 721 3818 praestiterunt,
736 3744 793 3804 nisi
807 3749 839 3804 11
851 3747 894 3805 rei
910 3747 979 3806 satis
993 3763 1044 3822 per
1058 3764 1091 3808 ae
1105 3748 1200 3808 clarae
1215 3747 1285 3806 cali·

238 3824 335 3902 gisem
350 3825 493 3903 quandam
506 3825 693 3892 offunderent.
715 3829 786 3892 llam
800 3844 866 3892 com
880 3830 916 3892 de
931 3831 1035 3904 calore,
1051 3833 1148 3903 odore,
1165 3831 1283 3892 ceteris·
