2767 4492
238 387 294 446 276
540 388 549 406 ⁸
678 405 843 450 nocuerim

273 495 355 570 llosp.
380 483 453 552 llaec
472 487 593 550 obiectio
609 489 758 562 multiplici
783 505 819 548 ex
845 494 926 564 perte
949 494 1040 552 euml.
1056 491 1127 554 llam
1141 495 1173 555 ie
1187 497 1287 571 primis

239 579 415 656 impossibile
429 576 550 652 quaerit,
576 589 679 647 nempe
693 575 887 636 omnimodam
901 578 1103 639 certitudinem
1127 583 1220 655 quom
1242 600 1287 643 re·

238 666 410 728 movendum
436 662 568 720 abusum.
594 659 702 718 Deinde
725 659 838 732 ignorat
860 677 942 721 rems
965 664 1137 739 sanctiones,
1157 682 1232 741 quae
1248 669 1285 728 ad

239 752 375 814 tuendam
394 747 554 808 libertatem
579 743 686 804 civium
709 745 810 807 liabcri
828 754 956 818 possunt.
982 749 1141 826 Postremo,
1157 756 1285 815 medium

236 836 371 913 suggerit,
392 833 468 908 quod
482 832 590 891 abusus
611 829 828 904 possibilitatem
846 848 904 893 non
925 834 1023 894 demit.
1049 836 1083 895 lit
1104 853 1174 898 eane
1194 842 1285 902 donec

235 925 365 1002 veluntas
379 921 506 980 tiemone
520 918 650 976 libertato
664 915 770 974 fruitur
780 921 808 975 et
822 917 859 975 ad
872 918 982 978 malum
994 936 1028 994 pe
1046 929 1158 983 vertere
1181 933 1282 1002 potest

235 1011 341 1070 abusus
356 1005 516 1081 despoticus
537 1001 569 1060 in
593 1015 714 1060 numero
727 1005 771 1060 eet
792 1017 890 1062 rerum
914 1005 1103 1081 possibilium,
1126 1014 1283 1086 utcumque

234 1093 390 1156 materialis
402 1089 536 1151 machina
550 1085 700 1161 regiminis
714 1085 922 1160 compingatur.
938 1089 969 1148 ln
986 1090 1074 1150 relius
1093 1107 1173 1152 mere
1187 1096 1283 1171 physi-

236 1181 278 1240 cis
290 1182 321 1238 in
345 1183 455 1238 tautum
469 1191 507 1234 ex
522 1172 625 1232 virium
642 1170 836 1245 oppositarum
858 1175 1063 1248 temperatione
1082 1177 1283 1252 aequilibrium

234 1267 280 1326 vel
295 1270 389 1324 motus
399 1259 573 1334 compositus
589 1257 719 1329 liabetur,
735 1256 916 1330 inquantum
931 1258 1006 1318 vires
1020 1261 1086 1320 illae
1096 1262 1281 1342 lataleesunt,

235 1356 263 1410 et
278 1367 314 1411 ex
339 1347 508 1407 necessitate
532 1347 696 1418 operantur.
713 1341 791 1409 Quod
805 1342 835 1400 in
850 1341 1016 1403 hominibus
1033 1345 1124 1405 libero
1140 1350 1283 1412 voluntate

233 1435 378 1512 praeditis,
395 1439 423 1492 et
441 1443 563 1506 pirorum
578 1426 693 1486 inlluxu
712 1426 846 1486 machina
868 1428 1019 1502 regiminis
1038 1437 1156 1492 actuosa
1169 1442 1222 1508 est,
1242 1437 1285 1497 le·

234 1537 300 1582 oum
315 1536 372 1580 nen
395 1518 490 1576 hebet.
517 1515 576 1575 ltlte
600 1515 631 1573 in
646 1518 743 1573 mente
757 1513 904 1586 egendum
918 1521 963 1573 est
980 1515 1018 1590 id,
1035 1518 1111 1590 quod
1130 1533 1216 1594 saepe
1239 1522 1283 1582 di-

232 1607 338 1666 ximus:
356 1619 437 1664 veros
451 1607 480 1661 ct
494 1602 625 1660 eiticaces
636 1600 842 1672 cautionespro
852 1598 983 1658 libertate
993 1600 1098 1660 civium
1114 1619 1171 1662 neu
1188 1605 1282 1665 alium

232 1693 267 1752 de
282 1687 456 1766 suppeditari
470 1687 526 1746 nisi
540 1701 579 1744 ex
594 1685 753 1744 moralitate
769 1684 984 1758 imperantium.
998 1686 1027 1745 Si
1041 1687 1176 1763 enimqui
1189 1691 1280 1750 socie

231 1779 297 1837 tatis
311 1772 503 1849 gubernaculo
520 1770 654 1842 assident,
672 1767 742 1827 boni
760 1769 870 1842 publici
884 1775 952 1830 sunt
966 1776 1107 1832 amateres
1120 1778 1150 1832 et
1172 1776 1281 1836 ellicie-
1365 1788 1366 1856 t

229 1877 304 1934 rum,
321 1860 425 1934 qtrious
444 1857 670 1928 adstringuntur,
689 1858 813 1928 tenacem
829 1854 894 1912 iura
907 1855 1087 1928 singulorum
1102 1866 1199 1918 eenole
1217 1877 1282 1934 pre-
1318 1926 1323 1932 ,

230 1952 325 2022 tegent
343 1951 371 2004 et
384 1943 549 2002 felicitatem
564 1955 746 1999 communem
761 1933 890 2014 impense
903 1941 1062 2016 curabunt3
1080 1944 1147 2004 licet
1169 1947 1282 2008 ebsolu-

229 2038 258 2092 ta
273 2038 301 2092 et
314 2043 448 2104 suprema
464 2031 598 2100 potestate
613 2025 764 2098 grindeant,
793 2024 880 2083 nullis
902 2027 1078 2088 mechanicis
1101 2031 1221 2090 vinculis
1240 2033 1282 2092 ir·

226 2118 320 2177 retita.
342 2115 389 2173 Sin
405 2111 562 2186 pravisint3
579 2110 706 2183 privatae
723 2110 999 2170 tantumstudeliunt
1014 2113 1127 2174 utilitati
1143 2122 1172 2174 et
1185 2132 1277 2191 popu·
1365 2176 1366 2181 ,

226 2203 287 2262 lum
301 2199 471 2274 opprimeut;
488 2201 641 2269 utcumque
657 2199 780 2270 potestas
795 2194 959 2254 minutatim
969 2204 1117 2258 ecccturet
1131 2203 1279 2274 perdisie·
1365 2184 1366 2199 ¹

229 2295 289 2348 ctas
305 2284 458 2360 particulas
473 2281 603 2357 pluribus
618 2279 809 2339 commitatur.
823 2279 976 2340 Coutlictus
990 2284 1068 2341 enim
1087 2287 1281 2357 cupiditatum
1364 2318 1365 2359 ;

226 2369 551 2434 etmutuarcsistcntia,
567 2367 597 2426 iu
614 2366 719 2440 quibos
739 2370 796 2423 tota
811 2365 884 2424 llaec
898 2367 1030 2428 dissectio
1048 2384 1128 2442 spem
1144 2372 1231 2444 ponit,
1250 2373 1279 2431 si
1364 2362 1365 2371 ’

227 2455 398 2531 aprebitnte
417 2454 584 2526 seiungitur,
611 2450 705 2509 locum
725 2465 783 2510 nen
797 2450 894 2526 habet;
915 2451 971 2511 nisi
996 2455 1110 2527 quando
1133 2455 1281 2517 desideria
1363 2506 1364 2519 ,

226 2541 404 2616 singulorum
421 2539 558 2599 dissident
572 2537 646 2595 inter
660 2551 701 2594 se.
719 2535 795 2604 Oeae
809 2537 926 2610 quidem
941 2538 1109 2598 dissidentia
1124 2540 1207 2600 facile
1223 2541 1276 2600 de·
1363 2540 1364 2549 ’

225 2630 323 2700 mitur,
340 2626 500 2700 siccisque
516 2621 622 2695 aliquid
639 2620 722 2679 alteri
732 2622 874 2694 concedit,
885 2629 918 2680 ut
930 2622 1010 2682 illurn
1023 2624 1149 2684 vicissim
1160 2642 1212 2700 pre
1223 2643 1282 2687 sua

225 2715 347 2772 utilitate
360 2709 585 2770 consentientem
601 2705 714 2764 habeat.
732 2705 777 2764 Sic
788 2707 1063 2781 utilitatcsprivatac
1072 2709 1281 2784 imperantium

224 2797 398 2873 principium
413 2794 534 2852 evadent
551 2806 718 2865 supremum
733 2789 858 2850 iustitiae
873 2798 902 2850 et
912 2793 1167 2854 administrationis
1181 2796 1281 2869 publi·

225 2897 284 2940 cae.
296 2881 331 2954 ‚ld
346 2885 453 2946 autern,
470 2875 636 2950 utquisque
651 2875 737 2946 videt,
757 2890 816 2933 non
831 2874 955 2940 libertati
975 2882 1004 2936 ct
1017 2877 1093 2937 bono
1108 2879 1278 2953 publicola-

225 2973 281 3040 ret,
298 2967 347 3024 sed
364 2961 541 3022 tenerrimam
559 2960 738 3035 tyrannidem
753 2966 842 3019 creat.

259 3053 315 3112 Nec
330 3051 418 3108 instes
433 3049 462 3105 iu
478 3053 558 3106 coctu
575 3047 700 3120 plurium
715 3047 929 3121 sempcrbenee
949 3049 1062 3124 aliquos
1071 3050 1201 3125 reperiri,
1220 3053 1277 3126 qui

151 3179 157 3188 .
224 3134 459 3214 pravaealiorum
476 3132 611 3191 voluntati
627 3131 804 3192 obnitentur.
820 3133 1008 3201 llemlromm
1029 3135 1168 3196 bonorem
1187 3152 1279 3197 cene-

223 3229 269 3282 lus
283 3223 386 3282 ellectu
401 3218 484 3279 facilc
500 3219 681 3290 frustrantur,
705 3225 765 3276 tum
786 3218 823 3277 eb
842 3218 979 3278 malorem
1000 3220 1198 3294 improborum
1218 3237 1279 3297 uu·
1358 3286 1359 3291 γ

222 3313 417 3376 memmium
433 3309 547 3378 propter
557 3303 671 3360 ireudes
686 3303 813 3362 etmalas
824 3303 1014 3377 artceqeibus
1027 3305 1058 3362 hi
1073 3305 1110 3363 ad
1125 3305 1278 3380 preprium
1358 3310 1359 3375 j

221 3392 408 3453 obtinendum
423 3391 510 3447 linem
525 3387 708 3446 callidissime
724 3393 850 3446 utuntur.
861 3388 932 3447 llam
942 3404 1032 3460 pereo
1043 3388 1072 3446 io
1085 3389 1171 3447 rebus
1183 3405 1278 3463 agen·
1358 3384 1359 3389 ’

221 3479 266 3538 dis
290 3477 333 3536 ris
347 3475 544 3550 improborum
559 3473 642 3545 lenge
658 3473 798 3546 potentior
812 3477 863 3545 est,
885 3488 973 3546 quam
991 3473 1141 3532 homiuum
1163 3475 1276 3535 virtute
1357 3544 1358 3557 χ

220 3565 431 3642 praeditorum
457 3559 598 3633 siquidem
613 3558 665 3631 itti,
682 3573 748 3616 cum
767 3557 879 3617 nullum
898 3558 1055 3618 discrimen
1076 3559 1276 3620 habeantne

220 3651 293 3712 nesti
308 3665 326 3707 e
340 3647 425 3721 turpi,
446 3646 529 3719 longe
554 3645 656 3704 maiori
672 3644 831 3704 mediorum
850 3643 932 3718 copia
956 3643 1115 3717 abundant,
1140 3639 1229 3718 uuam
1251 3646 1276 3704 ii
1356 3630 1358 3723 l

220 3737 269 3810 qui
292 3735 353 3794 sola
366 3733 514 3791 honestate
529 3731 683 3790 ducuntur.
704 3729 790 3790 linea
803 3728 882 3788 enim
897 3737 976 3790 recta
999 3745 1058 3788 una
1078 3735 1139 3802 est;
1164 3745 1278 3790 curvae

220 3823 316 3877 autem
329 3817 506 3876 innumerae.
528 3815 612 3874 Cuius
628 3813 755 3874 veritatis
776 3813 1002 3876 luculentissima
1026 3812 1159 3888 exempla
1182 3814 1279 3874 histo-

218 3901 279 3961 riae
291 3901 453 4022 pertribcnt'3
470 3906 555 3974 atque
570 3900 680 3962 utinam
695 3900 798 3962 nostrie
809 3901 897 3962 etiam
911 3899 1038 3964 oculisie
1052 3899 1277 3978 praesentiooo

221 3995 441 4058 usurparemus.
583 4062 587 4074 ι
1174 4025 1221 4064 ,Χ

1349 4272 1354 4431 l
