2767 4492
259 331 296 393 25
699 341 861 397 mumma

257 430 307 511 qui
322 429 353 490 ln
367 429 489 502 virtius,
506 429 551 488 rel
565 426 668 500 melius
682 427 712 488 iu
728 428 868 503 sapientia
884 427 986 488 virtute
1009 424 1138 508 praedita
1158 425 1303 488 bonorum

252 523 418 584 ‘extremum
433 516 591 588 constituit;
609 515 683 589 quod
699 515 786 574 etiam
802 520 867 573 ante
883 514 979 587 ipsum
996 513 1099 576 iecisse
1118 512 1231 572 ridetur
1248 513 1304 572 An·

258 600 403 659 tisthenes.
416 601 541 673 Dersique
551 600 600 674 qui
610 600 640 658 iu
652 601 756 658 virtute
771 599 857 658 simul
867 604 897 657 et
908 599 1051 672 voluptate
1065 598 1153 656 finem
1168 597 1303 656 ultimum

256 686 380 751 residere
402 684 497 759 velint,
515 692 658 748 auctorem
674 685 798 744 habeant
813 684 1000 755 Aristotelem,
1017 698 1125 757 exque
1140 681 1303 758 Peripateti-

257 785 356 830 corum
377 775 454 832 secta
475 769 610 833 manauit.
629 770 654 830 ls
674 769 753 836 euim
775 769 921 845 duplicem
942 767 1109 826 felicitatem
1132 767 1302 843 distinguit,

257 869 354 926 unam,
373 869 459 929 quam
476 853 661 914 theoreticam
676 854 807 933 appellet,
825 869 944 928 eamque
959 852 1068 915 homiui
1084 851 1210 919 sobtario
1224 852 1303 912 attri-

255 936 328 1010 buit,
345 943 441 1014 utpote
456 953 529 1014 quae
545 939 575 1004 in
589 939 781 1014 speculatione
795 939 851 1000 sita
866 938 919 1013 sit;
938 937 1039 1011 aliam,
1056 952 1143 1011 quam
1157 941 1239 995 vocat
1249 951 1302 1015 po

258 1021 371 1082 liticom
384 1028 413 1098 et
427 1022 551 1083 hominis
567 1023 679 1086 socialis
694 1025 859 1102 propriam,
876 1037 997 1095 eamque
1017 1021 1151 1080 constitui
1169 1021 1303 1080 docetes

257 1121 371 1166 summa
383 1109 521 1171 bonorum
536 1109 665 1176 omniurn
681 1115 740 1170 turn
756 1108 846 1173 animi
859 1114 916 1168 tum
929 1108 1054 1188 corporis
1070 1112 1128 1165 tum
1144 1106 1231 1167 etiam
1246 1107 1302 1164 ior·

258 1194 356 1264 tunam
375 1193 449 1266 quod
465 1193 541 1256 idern
556 1199 607 1268 est,
624 1193 658 1254 ni·
669 1193 762 1269 fallor,
774 1209 807 1253 ac
818 1193 982 1256 felicitatem
996 1192 1027 1251 in
1042 1191 1303 1250 coniunctionem

257 1274 373 1351 luptatis
387 1291 454 1336 cum
468 1277 572 1346 virtuto
592 1293 740 1352 reponere.
756 1279 790 1338 ut
803 1295 870 1339 reno
885 1277 1026 1352 gradatim
1040 1276 1223 1339 ostendemus
1237 1275 1303 1335 nui·

259 1355 320 1420 tam
330 1374 368 1423 eu
378 1359 456 1423 hisce
472 1363 620 1428 sententiis
634 1363 809 1438 probandam
826 1361 997 1440 esse-idque
1011 1360 1147 1429 claritatis
1161 1359 1253 1436 putta
1262 1359 1303 1420 di-

260 1442 369 1506 stinctis
383 1446 623 1520 propositionibus
637 1447 856 1523 praestabimus.

674 1617 853 1690 Puornsruro
869 1618 891 1678 1.

387 1789 523 1868 Voluptas
536 1791 639 1866 aequit
652 1806 709 1852 esso
721 1807 898 1876 omoeusion
911 1791 1040 1860 hominio
1056 1789 1174 1850 bonurn

298 1959 340 2020 11.
356 1958 442 2020 Prob.
459 1962 568 2036 Duplex
588 1963 717 2038 voluptas
738 1964 912 2034 considerari
932 1966 1042 2041 potest:
1059 1975 1211 2040 corporea,
1228 1974 1303 2038 quae

260 2059 298 2104 ex
313 2044 399 2108 rebus
414 2047 609 2122 sensibilibus;
626 2048 849 2124 et-incorporea‚
866 2064 940 2123 quac
957 2063 995 2107 ex
1010 2047 1093 2106 bonis
1107 2043 1302 2122 spiritualibus

259 2129 394 2202 carpitur.
411 2130 514 2192 Neutra
534 2133 591 2192 dici
605 2138 697 2208 potest
710 2148 876 2209 supremum
892 2132 1017 2192 hominis
1030 2131 1147 2197 bonum.
1164 2129 1196 2189 Et
1210 2143 1300 2202 saue,

260 2212 285 2270 si
300 2212 335 2270 de
349 2228 483 2288 corporea
498 2232 591 2278 sermo
606 2223 657 2290 est,
670 2219 701 2277 id
712 2218 769 2278 dici
784 2217 867 2278 aliter
880 2233 938 2279 uon
952 2221 1056 2292 posset,
1068 2215 1124 2275 nisi
1138 2212 1254 2276 bomine
1264 2213 1301 2273 ad

136 2319 142 2330 s
259 2297 397 2357 vilitatem
416 2299 576 2376 belluarum
596 2303 716 2362 abiecto.
733 2303 834 2376 Nequit
848 2302 926 2361 enim
939 2316 1085 2362 summum
1102 2299 1210 2358 bonum
1224 2297 1255 2357 in
1269 2313 1301 2356 re

259 2381 357 2441 sensili
372 2397 422 2457 pro
437 2385 551 2444 homine
567 2387 753 2458 constabiliri,
765 2387 820 2445 nisi
831 2387 862 2446 in
873 2387 944 2460 ipso,
955 2391 1069 2460 praeter
1078 2399 1181 2458 corpus
1195 2388 1224 2442 et
1236 2397 1301 2441 sen·

260 2481 342 2540 sum,
358 2467 429 2527 nibil
445 2471 519 2543 quod
535 2471 735 2544 praestabilius
749 2472 786 2530 sit
800 2471 895 2530 inesse
909 2470 1029 2529 dicatur.
1052 2470 1194 2538 Quantum
1215 2467 1301 2541 igitur

259 2557 371 2611 constat
389 2553 477 2614 animi
496 2555 656 2636 mentisque
671 2556 839 2629 existentia,
856 2555 1042 2629 eiusdemque
1054 2547 1255 2628 praecerpere
1273 2554 1302 2609 et

260 2651 345 2695 sensu
359 2637 510 2713 nobilitas;
528 2645 638 2700 tautum
653 2641 786 2716 Epicurei
801 2639 954 2698 commenti
975 2639 1084 2698 dalsitrm
1104 2637 1249 2697 elucescit.
1267 2635 1303 2694 ut

259 2721 330 2779 nihil
347 2722 439 2782 dicam
454 2723 489 2785 de
504 2722 687 2797 turpitudine,
705 2725 856 2797 brevitate,
872 2723 1047 2800 oppositione
1061 2725 1172 2792 mutarn,
1190 2719 1302 2779 vicissi-

262 2805 368 2880 tudine,
377 2807 535 2882 ceterisque
545 2799 667 2882 damnis,
677 2807 783 2884 quibus
794 2807 922 2884 uoluptas
932 2820 1065 2866 sensuum
1075 2804 1202 2865 maxime
1212 2803 1303 2869 abun-

261 2889 324 2961 dau
342 2905 415 2962 quae
430 2893 526 2953 omnia
541 2908 558 2953 a
572 2908 640 2960 uera
661 2893 787 2960 bominis
803 2892 938 2960 felicitate
952 2892 1051 2960 abesse
1069 2887 1183 2956 debent.
1201 2889 1255 2955 Sed
1270 2893 1303 2947 ut

260 2973 395 3034 facillime
410 2991 455 3034 res
470 2976 636 3050 innotescat,
650 2978 714 3051 quis
724 2976 980 3050 aueninoudeatis
993 2981 1037 3039 est
1050 2975 1107 3036 oris
1122 2989 1157 3040 ac
1172 2980 1230 3034 mm
1244 2973 1303 3036 dis·

260 3055 359 3122 solutis
375 3059 501 3120 moribus
515 3061 627 3134 gaudet,
641 3063 699 3135 qui,
711 3063 734 3122 si
746 3061 823 3134 optio
837 3061 893 3135 iuti
907 3061 1039 3128 daretur:
1051 3059 1168 3126 subtus
1184 3066 1303 3121 mutum

258 3141 406 3216 uoluptate
417 3143 555 3203 tabescere
564 3160 606 3206 cu
614 3145 756 3204 uirtutem
770 3146 916 3221 uoluptati
929 3144 1114 3220 mutusque-e,
1127 3144 1252 3228 primum
1265 3158 1304 3201 ex

257 3227 303 3285 his
317 3229 419 3300 optatis
434 3229 616 3302 deligendum
629 3245 692 3290 esse
708 3231 876 3304 reponeret‘i
890 3229 969 3299 Quod
983 3229 1008 3289 si
1023 3244 1109 3288 nemo
1122 3234 1166 3288 est
1180 3228 1250 3287 adm
1265 3227 1305 3284 ei·

258 3311 346 3385 irone,
363 3317 395 3370 ut
412 3319 521 3386 praeter
540 3315 712 3387 voluptatem
727 3330 784 3374 non
801 3315 878 3374 aliud
898 3314 985 3374 etiam
1000 3311 1124 3388 optabile
1138 3327 1200 3371 esse
1214 3311 1305 3370 fatea-

258 3402 317 3472 tur;
336 3397 422 3458 nimis
438 3399 617 3477 perspicuum
633 3405 675 3458 est
690 3401 781 3460 linem
793 3400 927 3463 ultimum
936 3399 967 3458 in
978 3399 1122 3476 earepnui
1137 3411 1192 3456 non
1207 3411 1304 3472 posse.

215 3483 218 3490 '
294 3481 349 3542 Nec
365 3481 520 3558 quidquam
536 3485 686 3557 proliceret
701 3485 812 3561 is,.qui,
831 3483 974 3561 corporeis
985 3483 1108 3556 reiectis,
1125 3477 1161 3540 ad
1175 3477 1308 3559 spiritua-

139 3619 141 3622 .
258 3568 315 3628 lem
329 3567 545 3630 delectationem
560 3570 737 3648 confugeret,
754 3575 786 3631 ut
801 3571 832 3632 io
846 3586 880 3632 ea
893 3571 1033 3632 bonorum
1049 3573 1211 3633 extremum
1225 3567 1310 3634 cerui

257 3751 324 3800 altera
339 3755 431 3802 subduci
446 3755 514 3804 iubat.
527 3757 559 3820 Si,
572 3757 717 3806 subductione
728 3757 794 3820 heis,
803 3757 886 3822 aliquid
902 3758 955 3806 lant
970 3761 1077 3821 nuptant,
1088 3756 1181 3816 Ιὶὼίὶῐ
1197 3753 1312 3819 &HQ

258 3827 293 3873 sin
314 3827 397 3890 aliquid
411 3832 462 3878 maii
479 3839 584 3897 remanet,
601 3833 692 3884 habetur
711 3833 836 3906 inimicitas.
855 3835 925 3890 mum
939 3834 1072 3881 muntium
1085 3832 1131 3880 isse
1145 3831 1225 3880 iisdem
1238 3832 1316 3880 serbis

259 3919 376 3967 recoquere
392 3915 482 3958 conatus
496 3915 530 3957 est
543 3911 613 3958 Gisia.
630 3910 714 3974 (Elem.
730 3911 754 3958 di
768 3911 833 3959 Filos.
850 3906 913 3975 piris
927 3911 952 3974 5,
968 3927 988 3960 s.
1004 3909 1041 3972 i.)
