2767 4492
191 298 243 359 tot
631 311 794 365 ammanus

188 396 388 457 ualitatisnota
395 396 432 455 ob
438 394 532 471 ipsam
541 410 611 457 suae
621 398 814 472 productionis
823 397 948 459 indolem
955 395 1131 473 obsignatum
1144 396 1230 469 atque

189 482 253 541 ideo
262 481 299 539 ad
313 496 472 555 personam,
484 497 501 540 a
514 497 573 556 qua
581 483 758 557 producitur,
770 484 812 543 sic
822 484 952 559 pertinet,
965 490 997 542 ut
1006 484 1043 541 ad
1052 487 1160 541 comtos
1170 496 1232 556 per·

191 566 281 625 tinere
295 580 353 625 non
367 566 465 641 possit,
476 565 533 625 nisi
545 566 582 625 ab
595 567 644 625 itta
658 568 747 629 libero
764 568 888 641 quodum
902 573 967 627 actu
982 567 1137 626 abdicetur.
1156 566 1235 633 Quae

190 650 263 709 ratio
277 666 335 710 noa
349 664 400 725 pro
415 650 476 711 sota
490 665 588 710 rerum
603 652 823 727 specificatione,
841 652 891 712 sed
905 668 956 727 pro
972 652 1064 727 prima
1082 649 1168 714 etiam
1186 664 1234 709 oc·

190 736 341 809 mpatione
362 736 420 795 rim
440 735 536 795 habet.
552 736 623 808 itam
637 737 686 811 qui
700 752 763 796 rem
777 738 808 795 in
823 736 917 797 medio
934 737 1066 812 positam,
1084 750 1133 795 seu
1157 749 1236 809 quaa

190 820 299 879 nullius
312 820 359 894 sit,
375 820 486 895 primus
498 822 657 897 occupavit,
679 837 743 881 eam
758 822 868 881 actione
883 836 935 881 sua
949 822 1005 880 sibi
1024 820 1236 895 quodammodo

191 904 329 978 devinxit,
346 907 477 980 usquein
493 913 568 965 statu
582 906 730 966 constituit
744 912 778 967 ut
791 907 884 981 quoad
901 907 982 965 ittam
1003 905 1067 964 aliis
1088 904 1234 979 omnihus,

192 989 241 1063 qui
254 989 331 1048 idem
345 1006 403 1049 non
419 986 628 1065 praestiterunt,
645 992 783 1066 praeferri
793 992 904 1051 debeat.
915 991 943 1050 si
958 990 1047 1064 igitur
1061 996 1178 1048 exterum
1188 990 1239 1047 de·

192 1076 281 1133 claret
294 1090 325 1133 sc
342 1075 497 1135 remittam
513 1075 569 1134 sibi
583 1076 707 1136 retinere
724 1076 807 1150 uelle,
820 1082 851 1135 ut
865 1076 998 1135 ulteriore
1013 1074 1109 1133 labore
1119 1088 1185 1132 eam
1199 1073 1239 1132 ad

193 1174 259 1218 suos
273 1174 343 1218 usus
356 1160 514 1234 proficuam
527 1160 643 1232 reddam
659 1161 747 1220 ceteri
762 1162 856 1235 ipsum
871 1160 1022 1235 prohibero
1037 1174 1094 1217 non
1107 1163 1238 1233 possunt,

192 1243 250 1302 nisi
265 1250 315 1302 aut
328 1244 374 1302 ius
391 1245 521 1318 propriae
535 1244 610 1303 vitae
624 1245 765 1305 stabiliter
778 1245 970 1319 prospiciendi
984 1260 1001 1302 a
1015 1250 1118 1301 natura
1127 1242 1240 1301 homini

193 1342 362 1388 concessum
374 1328 527 1403 denegent3
539 1334 590 1387 aut
604 1328 717 1387 nulium
725 1329 880 1388 discrimen
892 1328 992 1387 haberi
1000 1326 1153 1401 opinentur
1163 1326 1243 1385 inter

195 1429 272 1486 enm,
290 1413 339 1487 qui
353 1414 430 1472 circa
443 1430 505 1473 rem
520 1414 627 1473 nultius
641 1414 701 1474 iam
717 1414 827 1474 actione
842 1415 938 1488 aliqua
952 1430 1004 1473 seu
1020 1412 1159 1471 effusione
1175 1427 1241 1485 pro-

193 1499 273 1573 priae
287 1498 496 1573 personalitatis
504 1506 638 1573 operatum
651 1505 704 1573 est,
720 1505 805 1573 atque
819 1514 886 1558 eum
898 1499 947 1575 qui
957 1500 1011 1558 hoc
1021 1498 1134 1557 vinonio
1143 1498 1240 1555 adhuc

194 1589 280 1642 cust.
297 1583 351 1641 Sed
364 1583 491 1657 primum
504 1583 855 1658 opponiturproposttioni
871 1582 970 1641 ertias
989 1580 1103 1642 anobis
1116 1580 1174 1639 iem
1190 1580 1241 1639 do·

192 1671 384 1739 monstratae;
400 1666 523 1725 aiterum
532 1673 660 1740 apertam
679 1666 933 1726 contradictionem
950 1664 1080 1724 includit.
1096 1663 1167 1737 Ergo
1181 1668 1239 1722 etc.

216 1748 391 1809 'Evidentior
405 1752 437 1810 ot
450 1751 521 1809 haec
535 1751 618 1824 ratio,
635 1752 870 1826 quotiescumque
885 1752 927 1810 rei
941 1750 1000 1810 iam
1013 1749 1065 1822 sie,
1086 1749 1148 1807 siue
1170 1748 1242 1806 alio·

193 1848 259 1892 rem
273 1832 388 1906 iniuria,
404 1841 568 1909 occupatae,
581 1850 635 1907 ope
645 1835 802 1895 industriae
816 1842 845 1895 et
860 1836 964 1895 laboris
977 1850 1051 1893 neva
1066 1834 1176 1908 species
1187 1838 1243 1891 aut

197 1922 383 1990 augmentum
407 1919 568 1977 accesserit.
592 1919 851 1979 manifestissimum
870 1921 948 1979 enim
965 1926 1031 1979 tunc
1040 1925 1084 1978 est
1098 1934 1154 1977 non
1170 1934 1235 1992 pos·

195 2016 227 2059 se
240 2015 432 2075 possessorem
441 2017 476 2062 ea
490 2003 616 2076 spoliari,
630 2004 700 2077 quin
716 2005 810 2063 iructn
829 2004 934 2079 proprii
950 2004 1062 2065 sudoris
1070 2011 1154 2079 atque
1164 2003 1239 2063 offs-

195 2092 243 2144 ctu
257 2085 388 2161 propriae
401 2086 553 2147 activitatis
567 2088 673 2147 iniuste
687 2088 823 2162 privetur.

604 2258 784 2319 Pnonosnuo
796 2260 826 2319 t.

320 2381 521 2503 Resproprioc
533 2437 656 2572 possunt
674 2445 694 2487 a
709 2437 831 2573 postetam
843 2430 915 2503 filiis
930 2428 1117 2491 inmeditate

642 2529 760 2573 roasrot
784 2532 805 2573 t.

239 2681 299 2741 tta.
315 2682 471 2756 legitimus
484 2698 630 2757 possessor
644 2698 678 2741 ac
702 2684 834 2744 dominus
850 2690 940 2759 potest
956 2700 1016 2744 rem
1032 2700 1113 2745 suam
1134 2685 1245 2745 donaro

196 2766 278 2839 aliis,
294 2766 323 2824 id
337 2768 416 2825 enim
431 2768 462 2826 in
477 2769 539 2826 iure
554 2769 615 2841 ipso
630 2768 810 2841 proprietatis
825 2769 1070 2844 imbibitun,quod
1082 2772 1137 2828 tert
1151 2777 1182 2828 ut
1193 2784 1241 2827 res

154 2904 158 2909 .
196 2852 285 2923 possit
296 2850 435 2923 adhiberi,
456 2852 661 2924 transformari,
680 2853 797 2927 destrui,
815 2860 900 2928 atque
915 2855 1000 2917 etiam
1017 2854 1146 2914 alienari.
1170 2854 1244 2927 Ergo

198 2948 216 2990 a
230 2934 338 2993 fortiori
355 2936 460 3007 poterit
473 2936 585 2995 donare
610 2937 693 3009 ottts3
711 2939 767 2997 uisi
790 2939 886 3013 inepte
904 2939 1016 2997 dicatur
1031 2940 1155 2998 conditio
1169 2939 1242 2997 titio·

196 3031 262 3075 rum
275 3027 407 3089 respectu
427 3020 520 3090 patris
544 3036 608 3079 esec
631 3022 768 3095 deterior,
785 3038 873 3097 quam
887 3024 1010 3083 conditio
1027 3028 1241 3082 extraneorum.

198 3100 316 3169 Quodsi
332 3107 411 3175 pater
426 3108 526 3177 potest,
546 3106 780 3181 quotiescumque
796 3107 918 3178 libuerit,
935 3124 981 3166 res
996 3122 1063 3167 sutas
1078 3105 1185 3166 donare
1211 3109 1243 3165 ii·

197 3183 261 3258 liis,
279 3185 403 3260 protecto
423 3186 452 3245 id
473 3189 575 3261 poterit
598 3192 683 3249 morti
710 3192 875 3265 proximus,
898 3199 957 3250 tum
982 3192 1051 3266 quia
1069 3192 1150 3249 nulla
1169 3192 1244 3250 ratio

197 3277 257 3343 pro·
264 3280 390 3344 tempore
403 3271 452 3330 ilio
467 3273 636 3347 excipiendo
650 3276 772 3348 mititat;
795 3287 856 3334 tum
871 3276 938 3351 quia
952 3276 1147 3335 vehementior
1161 3282 1243 3333 -tunc

174 3350 181 3361 '
197 3359 307 3429 patrem
323 3361 405 3428 urget
417 3356 552 3431 obligatio
564 3358 729 3429 providendi
739 3361 873 3434 eomodo,
889 3376 946 3434 quo
962 3366 1061 3437 potest,
1073 3360 1177 3419 tuturis
1191 3375 1238 3418 uo·

198 3440 378 3501 cessitatibus
393 3441 528 3502 tiliorum.

234 3525 382 3585 Praeterea
403 3541 506 3585 uerum
528 3527 701 3587 elementum
719 3530 887 3603 organicum
909 3529 1028 3590 humani
1051 3530 1164 3605 generis
1185 3546 1243 3589 non

199 3614 258 3668 tam
271 3617 315 3669 est
328 3609 518 3683 individuum,
534 3627 621 3686 quam
628 3614 724 3687 potius
737 3614 859 3687 inmitia3
875 3614 957 3673 cuius
969 3621 1047 3689 pater
1058 3622 1101 3674 est
1114 3622 1200 3690 caput
1214 3619 1244 3674 et

198 3694 327 3766 provisor
340 3698 369 3753 et
381 3701 483 3755 rector.
499 3696 572 3769 Ergo
587 3698 633 3756 ius
648 3698 828 3772 proprietatis
842 3698 884 3757 sic
897 3699 971 3773 patri
986 3705 1121 3759 enatura
1143 3714 1245 3759 couce-

199 3776 294 3850 ditur3
310 3784 343 3836 ut
355 3793 389 3837 eo
403 3795 461 3839 non
477 3787 533 3839 mm
548 3780 615 3854 sibi,
626 3784 849 3857 quamintegree
860 3783 984 3843 familiae
995 3785 1157 3859 prospiciat.
1170 3784 1242 3844 Cum

198 3858 294 3933 igitur,
310 3867 391 3936 patro
404 3871 550 3939 pereunte,
569 3866 678 3927 iamitia
691 3868 833 3943 supersit,
849 3874 978 3943 superest
991 3869 1153 3931 smiectum
1166 3868 1243 3944 quod

198 3941 261 4004 iure
273 3940 333 4021 illo,
347 3944 543 4010 determinatis
556 3948 643 4011 rebus
657 3955 809 4028 applicato,
825 3952 991 4027 perimitur.
