2767 4492
725 252 854 299 totilam

570 444 574 449 ’
608 447 741 541 curun
761 446 920 520 nmuou

370 662 411 712 DE
426 660 576 710 tantitas
587 655 766 716 MENTISQUE
781 658 929 708 HUMNAE
945 659 1049 718 Quota
1069 661 1164 710 mutu

686 762 840 811 sanctatis

278 945 356 1005 Hanc
375 943 609 1020 disceptationem
632 945 755 1016 qunmor
773 940 900 999 articulis
921 942 1151 1016 complectemur.
1171 945 1286 1019 Primo,

242 1029 303 1089 veri
317 1029 480 1101 notionem,
497 1027 658 1101 mentisque
677 1027 714 1085 ad
731 1041 833 1085 rerum
851 1026 968 1084 nitentis
986 1031 1093 1101 status3
1112 1029 1202 1087 tribus
1218 1044 1288 1089 uero

242 1113 361 1189 reliquis
375 1115 411 1174 de
425 1113 470 1174 his
484 1112 638 1187 separatim
649 1126 723 1186 quae
733 1111 806 1169 scitu
820 1110 982 1169 necessaria
991 1115 1058 1170 suut
1066 1112 1285 1189 explicabimus.

659 1283 827 1340 dnmcuuus
846 1280 867 1339 i.
922 1321 925 1328 -

327 1437 331 1446 ⁸
412 1451 489 1522 Quid
503 1451 568 1510 ocri
580 1451 670 1518 cotto,
679 1457 713 1546 ¹ct
727 1451 889 1547 quotraptcc
902 1442 1009 1510 mentis
1022 1458 1118 1510 statos

659 1550 739 1594 carco
757 1549 867 1610 ipsum.

276 1707 321 1765 29.
337 1706 499 1778 Veritatem,
516 1709 549 1763 ut
563 1704 682 1777 quisque
696 1703 751 1762 sibi
766 1689 809 1763 est
823 1704 912 1776 testis,
923 1719 982 1763 non
994 1705 1081 1764 rirodo
1095 1706 1285 1781 cotcccptitnta,

242 1789 291 1850 scd
305 1791 392 1848 etiem
406 1789 516 1863 cippis,
533 1788 639 1862 munus
653 1788 693 1846 itti
709 1787 887 1847 extrinsecus
901 1789 1117 1862 exprimuntur,
1134 1793 1163 1847 et
1177 1795 1286 1863 praete·

240 1887 290 1932 rea
311 1872 425 1932 obtectis
447 1873 518 1948 ipsis
540 1873 664 1931 tribuere
686 1873 909 1931 consuescimus.
927 1873 971 1930 Sic
985 1887 1086 1931 uenum
1102 1887 1282 1946 sermonem,

143 2025 145 2031 Α
199 1983 202 1988 ’
241 1971 324 2016 veras
338 1972 393 2030 res,
410 1973 492 2016 veroa
507 1957 585 2015 ideas
601 1956 792 2015 nominamus.
809 1957 880 2015 Hinc
892 1957 1019 2030 proiecta
1033 1955 1135 2016 divisio
1144 1963 1187 2015 est
1200 1957 1231 2016 in
1240 1973 1287 2016 re

240 2041 354 2102 ritatem
370 2041 505 2117 topicam,
521 2041 665 2100 maculem
680 2049 706 2100 ct
719 2041 954 2116 metaphysicom
968 2043 993 2099 ⁴.

277 2127 386 2186 Veritas
400 2127 491 2204 logica
506 2133 659 2199 conceptus
674 2125 772 2198 afficit,
788 2125 959 2199 poniturque
978 2124 1010 2183 iu
1027 2125 1225 2184 convenientia
1240 2141 1286 2185 co

241 2211 376 2286 gnitionis
392 2225 456 2271 cum
472 2211 590 2270 obiectis
605 2226 678 2286 qrrae
692 2209 915 2284 perspiciuntur.
926 2211 996 2267 Nam
1011 2225 1045 2268 aa
1060 2209 1200 2283 cogitatio,
1213 2225 1286 2286 quae

240 2295 350 2354 obiecto
365 2301 520 2370 consonat,
542 2311 610 2354 vera
624 2295 764 2368 habetur3
782 2310 855 2367 quae
870 2298 968 2352 contra
977 2293 1088 2352 obiecto
1098 2294 1224 2368 dissidet,
1236 2295 1285 2353 ial-

240 2395 271 2439 so
285 2389 476 2455 ntmcupatur.
491 2380 536 2439 Sic
550 2395 617 2438 cum
632 2379 696 2453 quis
706 2379 795 2437 sotem
806 2378 910 2451 cogitat
919 2383 951 2436 ut
960 2394 1063 2451 corpus
1074 2378 1193 2437 immani
1202 2395 1283 2452 prae·

239 2463 330 2523 ditum
343 2465 561 2538 magnitudine,
578 2463 734 2536 cognitioni
754 2461 828 2520 inest
842 2462 964 2535 veritas3
982 2461 1086 2536 quippe
1101 2463 1286 2535 quemadmo-

240 2547 309 2606 dum
324 2548 513 2621 cognoscitur,
530 2548 570 2605 ita
585 2553 628 2605 est
642 2547 796 2605 obiectum.
814 2546 917 2604 Contra
934 2546 1059 2626 cognitio
1072 2546 1145 2605 falsa
1158 2547 1244 2620 ieret,
1260 2549 1284 2607 si

240 2645 305 2688 cum
320 2631 465 2704 Epicureis
480 2631 523 2689 sot
537 2631 708 2707 cogitaretur
723 2645 785 2689 esse
800 2629 918 2703 pedalis.

275 2714 465 2788 Metaptrysica
485 2714 588 2772 veritas
612 2713 728 2787 ponitur
748 2715 780 2773 iu
797 2710 852 2772 hoc
870 2714 945 2788 quod
964 2715 1108 2775 obiectum
1130 2731 1165 2774 ca
1187 2715 1284 2774 omnia

240 2797 361 2871 habeat,
377 2813 450 2872 quae
469 2799 507 2856 ad
527 2797 685 2857 naturalem
710 2798 773 2872 eius
794 2799 1025 2858 constitutionem
1045 2800 1198 2872 pertinent.
1215 2799 1284 2858 Cum

239 2883 317 2942 euim
333 2882 449 2956 aliquid,
466 2899 512 2942 ex.
529 2899 571 2955 gr.
589 2896 702 2953 aurum,
719 2897 819 2941 verum
835 2897 897 2940 esse
912 2883 1044 2955 dicimus,
1061 2883 1133 2942 nihit
1149 2882 1226 2941 atiud
1240 2883 1283 2941 in·

237 2983 327 3029 nuere
342 2967 491 3038 totumue,
507 2967 564 3026 nisi
581 2982 642 3025 rem
662 2967 743 3025 iilam
762 2966 798 3025 iis
818 2973 947 3026 constare
966 2967 1060 3039 notis,
1077 2982 1149 3038 uuae
1170 2967 1206 3024 ad
1220 2967 1282 3026 eius

237 3059 369 3111 naturam
387 3051 614 3110 constituendam
634 3057 772 3124 spectant.
792 3051 825 3108 Et
848 3051 983 3124 quoniam
1004 3051 1109 3109 ueritas
1128 3051 1284 3123 cognitioni

237 3137 417 3211 potissimum
432 3136 575 3208 tribuitur,
587 3142 615 3195 et
624 3151 670 3193 res
680 3136 712 3193 in
723 3141 834 3194 tanturn
844 3135 983 3194 eiusmodi
993 3136 1137 3193 notionem
1149 3135 1282 3208 induunt,

237 3220 268 3278 in
283 3226 421 3292 quantum
436 3220 473 3277 ad
488 3219 592 3278 mentis
606 3221 738 3278 notitiam
752 3219 849 3293 aliqua
857 3220 967 3278 ratione
977 3220 1158 3293 reseruntur,
1175 3220 1281 3278 veritam
1296 3223 1299 3227 '

239 3303 433 3375 metaphysica
444 3302 558 3360 definiri
572 3303 674 3375 poterit
688 3304 876 3376 congruentia
885 3304 927 3362 rei
938 3319 1004 3362 cum
1019 3305 1095 3362 notis
1108 3304 1201 3378 ipsam
1217 3319 1284 3362 cou-

237 3385 429 3460 stituentihus,
446 3391 586 3459 quatenus
600 3385 711 3446 ilia-vel
725 3393 791 3446 actu
806 3387 986 3462 cognoscitur
1004 3388 1050 3446 rel
1064 3389 1165 3447 saitem
1180 3402 1284 3462 cogno-

281 3581 292 3626 t
314 3581 371 3628 tinec
384 3583 530 3629 recentiorum
544 3585 632 3647 pertitio
646 3585 747 3646 congruit
760 3585 892 3632 adamussim
906 3603 957 3634 enm
967 3588 1095 3646 retembns,
1116 3588 1155 3649 qui
1170 3587 1285 3635 veritntnm
1377 3602 1378 3609 ¹

156 3673 163 3692 ι
235 3654 341 3702 trifariam
352 3659 517 3718 partiebantur:
533 3661 560 3706 in
574 3661 674 3714 amodo,
685 3663 714 3707 ia
726 3663 889 3721 munificencia,
899 3668 928 3710 in
940 3665 1097 3723 cognom.
1110 3665 1204 3710 Primum
1219 3664 1284 3710 rebus

235 3731 307 3777 inesse
320 3733 453 3795 asserebant,
468 3734 558 3780 niteram
574 3735 651 3798 signio,
667 3737 753 3782 tertiam
768 3738 896 3800 cognitioni.
912 3739 1000 3801 Confer,
1015 3741 1034 3786 oi
1048 3740 1117 3803 loiret,
1135 3742 1222 3787 Suam
1235 3742 1283 3787 He·

235 3809 367 3867 topheticoc
381 3811 399 3854 t.
415 3809 439 3871 t,
455 3809 518 3858 initio
533 3810 686 3874 disputationis
702 3816 796 3862 octeno.
