2767 4492
541 325 781 379 massanensis
1036 330 1043 339 ·
1136 318 1187 383 rat

139 411 233 491 quoad
246 426 416 491 possumm,
431 429 547 491 opernm
562 420 688 476 nostram
705 416 894 477 conteramus.
910 412 982 479 iiiuc
995 418 1137 481 alliciatur
1153 422 1186 481 ut

139 515 197 560 non
212 500 303 560 nolum
314 499 417 560 diliciis
430 499 571 574 negativis
585 499 760 573 obligemur,
777 516 851 575 quae
864 502 1066 564 detrimentum
1080 503 1184 567 iniuste

140 585 205 644 aliis
222 584 328 645 inferre
347 584 460 659 penitus
475 584 639 659 probibent,
662 584 812 644 sedetiam
830 586 956 659 positivis
973 588 1185 665 adstringamur

140 671 176 728 ad
190 676 308 729 mutuae
322 669 537 729 benevolentiae
546 668 860 729 effectusexbibendos.
872 672 1016 733 itiusmodi
1026 675 1121 733 albcia
1131 675 1184 735 boc

142 762 291 830 praecepto
304 753 507 830 comprehendi
521 762 638 829 possunt
649 773 656 813 ι
669 754 749 829 qnod
763 753 816 813 tibi
824 754 869 813 ais
879 755 955 829 fieri,
972 758 1060 817 atteri
1068 758 1184 834 saarim
1254 810 1255 815 ,

141 854 174 898 ac
188 840 355 914 pierumque
370 856 427 899 non
448 839 560 912 plenam
582 839 784 913 obligationem
804 838 973 913 importent,
994 842 1044 900 sed
1059 843 1183 902 diminu-

141 929 218 997 tam,
233 940 306 998 quae
321 940 377 983 non
390 923 500 998 proprie
515 923 591 983 dicta
604 924 714 983 iustitia
723 923 771 982 sed
785 930 894 983 tantum
909 925 1050 999 aequitate
1060 928 1185 999 quadam

141 1007 259 1067 nitatur.
275 1008 347 1067 ilinc
360 1008 393 1066 tit
408 1013 440 1066 ut
453 1007 548 1067 citicia
562 1008 700 1067 eiusmodi
711 1008 881 1083 imperfecta
891 1009 1081 1069 nominentur.

176 1091 251 1151 ilaec
265 1090 353 1153 dividi
368 1091 459 1151 soient
472 1091 502 1150 in
517 1092 656 1166 obseqitia
669 1092 808 1151 innomine
825 1092 978 1165 utilitatis,
995 1102 1020 1152 el
1036 1094 1186 1170 beneficen-

144 1176 211 1235 tiae.
223 1176 273 1235 itta
287 1184 354 1235 sunt
367 1176 495 1251 quesine
506 1178 618 1251 pmprio
630 1177 809 1237 incommodo
820 1177 884 1235 aliis
894 1176 1079 1253 exhibentem
1095 1186 1126 1238 ut
1136 1194 1183 1241 ex.

141 1277 186 1333 gr.
201 1260 308 1320 erranti
321 1261 398 1319 nam
417 1262 579 1335 ostendere,
595 1261 738 1321 sitientem
754 1260 911 1337 profluente
925 1278 1000 1337 aqua
1021 1279 1076 1323 nou
1093 1264 1186 1337 prohi-

141 1344 224 1417 bere,
242 1345 347 1418 petenti
361 1345 511 1405 eonsilium
521 1347 606 1420 dare,
619 1346 702 1406 nobis
716 1346 861 1421 superflua
875 1346 976 1420 egendi
987 1346 1185 1409 subministru-

140 1443 183 1501 re,
199 1436 228 1487 et
241 1428 282 1487 sic
293 1429 328 1489 de
338 1430 402 1489 aliis
415 1429 569 1505 eiusmodi,
581 1448 664 1506 quae,
677 1432 774 1491 utdiei
783 1431 869 1506 solet,
882 1430 1035 1506 accipienti
1047 1442 1183 1508 prosunt,

137 1520 340 1587 praestantem
351 1531 412 1573 non
425 1524 564 1589 prauam.
581 1514 633 1585 Oui
648 1516 719 1576 baec
737 1516 817 1575 alteri
832 1522 933 1590 negat,
949 1516 1000 1575 etsi
1016 1517 1127 1577 dicatur
1139 1519 1184 1577 in·

140 1597 449 1671 bumanus,re1etiam
463 1607 561 1659 contra
575 1601 734 1660 naturalem
749 1602 922 1675 aequitatem
936 1600 1052 1675 iniquus
1067 1600 1185 1677 (quippe

139 1678 348 1742 humanitatem
360 1700 379 1742 a
393 1700 423 1743 se
437 1684 577 1759 repellit),
599 1692 693 1745 tamen
709 1686 847 1760 pressiore
862 1702 947 1744 sensu
961 1685 1017 1745 diei
1031 1686 1129 1760 nequit
1143 1686 1185 1746 in·

139 1766 243 1839 iustus,
255 1784 308 1826 nec
316 1769 351 1827 ad
363 1785 397 1828 ea
413 1770 619 1842 praestandam
629 1775 750 1829 externa
763 1770 826 1843 cogi
843 1773 940 1843 potest.
952 1768 1096 1829 Eiusmodi
1108 1770 1185 1829 enim

139 1853 333 1911 communiter
346 1859 429 1927 sunt,
442 1862 473 1912 ut
483 1869 630 1928 nunquam
645 1862 765 1913 naturae
783 1854 917 1927 obligatio
932 1855 960 1913 in
977 1856 1119 1928 praesenti
1133 1855 1185 1913 inr-

138 1951 246 2010 perans
260 1936 405 1996 evidenter
418 1939 529 1997 ostendi
544 1940 642 2013 possit.
658 1939 726 1997 Cum
742 1938 819 1997 enim
834 1938 1005 1997 beneticium
1027 1937 1091 1997 aliis
1107 1956 1186 2013 pmc-

138 2021 276 2080 standum
290 2022 405 2081 allicere
422 2038 478 2081 non
494 2022 597 2081 debeat
612 2023 703 2082 amori
723 2039 779 2096 ouo
792 2023 856 2097 qrris
871 2023 977 2082 bonum
993 2024 1187 2099 suimetipsius

139 2120 245 2163 curare
258 2105 356 2177 debet,
373 2105 428 2163 buc
443 2106 649 2165 iudiciumnon
660 2108 696 2165 ad
707 2106 778 2165 aiios
794 2106 978 2181 pertinetnisi
994 2108 1027 2165 ad
1040 2108 1132 2181 ipsum
1143 2108 1186 2169 in·

137 2188 301 2257 dividuum,
314 2190 389 2263 quod
398 2190 493 2248 alticio
503 2196 622 2256 tenetur,
635 2195 663 2250 et
677 2192 711 2250 ad
725 2190 813 2250 Deum
823 2192 905 2251 cuius
919 2193 1015 2251 acirios
1025 2193 1096 2253 nibil
1106 2190 1183 2253 latet.

134 2274 168 2336 Id
184 2288 254 2333 vero
268 2273 363 2332 locrrm
378 2289 435 2332 non
451 2274 529 2333 balet
547 2270 614 2333 c'um
635 2276 707 2333 alter
728 2284 857 2335 exuema
872 2275 981 2336 laborat
999 2278 1185 2353 necessitate,

134 2374 228 2437 quam
242 2358 378 2432 repellere
393 2374 444 2433 per
453 2374 484 2417 re
493 2358 610 2418 omnino
620 2360 734 2434 nequit,
750 2359 800 2419 sed
811 2376 829 2419 a
839 2361 922 2420 nabis
936 2376 967 2419 sc
982 2367 1032 2418 aut
1045 2377 1132 2437 opera
1141 2364 1185 2423 iu·

135 2444 203 2506 vari
222 2447 323 2517 potest.
339 2442 418 2501 Tunc
432 2442 786 2518 evidenslitindigentiam
797 2444 925 2518 pmximi
935 2444 1061 2505 iacturae
1081 2446 1122 2505 iiii
1134 2464 1185 2508 no·

134 2536 217 2592 strae
231 2536 280 2588 aut
293 2526 473 2587 incommodo
488 2529 723 2611 praeponderare,
740 2544 774 2589 ae
789 2544 839 2587 nos
852 2533 998 2603 praecepto
1013 2536 1131 2587 naturae
1141 2546 1188 2589 ur-

133 2616 201 2692 geri
224 2613 279 2687 sic,
296 2621 329 2673 ut
346 2614 383 2673 ab
397 2630 431 2674 co
452 2614 596 2689 implendo
609 2615 742 2674 excusari
757 2614 942 2688 nequeamus.
966 2611 1085 2671 Proinde
1105 2613 1186 2673 atteri

132 2704 265 2779 potestas
278 2699 315 2760 ab
329 2699 539 2760 eademnatura
552 2699 684 2759 tribuitur
694 2698 763 2759 illud
775 2715 792 2757 a
802 2698 885 2758 nobis
895 2698 924 2757 vi
935 2696 1021 2756 etiam
1033 2698 1182 2771 exigendi,

133 2791 226 2858 atque
240 2783 279 2841 ita
294 2784 421 2842 cilicium
434 2784 653 2859 imperfectam,
671 2794 705 2843 ut
715 2784 772 2843 dici
787 2783 870 2855 solet,
887 2783 918 2841 in
932 2782 1094 2857 perlectum
1109 2798 1185 2841 com·

132 2872 276 2929 mutatur.

172 2950 304 3025 Denique
313 2951 410 3025 officia
417 2950 623 3011 beneticentiae
631 2950 682 3011 illa
692 2952 836 3026 dicuntur,
847 2968 921 3027 quae
931 2956 1110 3028 praestantur
1118 2968 1185 3013 cum

132 3036 290 3110 aliquosui
301 3036 535 3096 incommodaret
546 3036 727 3111 detrimento,
740 3043 815 3097 etex
826 3036 1183 3111 studioaiiisgratiiicandi

130 3123 279 3187 oriuntur.
296 3121 371 3180 Haec
389 3121 472 3195 longe
486 3120 627 3180 nobiliora
646 3128 714 3181 sunt
728 3124 756 3181 et
770 3123 898 3183 altiorem
914 3122 1027 3182 laudem
1043 3122 1182 3197 paritura,

129 3208 223 3271 modo
237 3224 274 3267 ex
290 3208 385 3267 animo
398 3223 465 3267 vere
478 3207 615 3267 benevolo
625 3206 851 3282 proficiscantur,
865 3207 1007 3281 stragulis
1017 3206 1184 3281 prudentiae

129 3294 344 3372 gubementur.
360 3290 439 3361 Ouod
460 3298 492 3351 ut
509 3292 574 3364 liat,
601 3291 708 3351 attendi
729 3292 814 3353 debet
836 3300 895 3352 tum
917 3292 1041 3351 conditio
1057 3292 1118 3351 eius
1134 3292 1184 3366 qui

130 3378 263 3451 content,
281 3382 341 3436 tum
356 3376 480 3436 conditio
500 3377 563 3437 eius
582 3376 632 3452 qui
646 3384 814 3452 receptums
836 3384 881 3437 est
893 3376 1075 3437 beneficium.
1098 3376 1184 3435 tiene

124 3464 221 3529 ratim
240 3461 399 3521 carendum
413 3468 507 3521 estne
521 3463 591 3522 dum
612 3462 663 3522 uni
680 3462 895 3536 beneiacimus,
912 3460 993 3523 alteri
1011 3476 1181 3535 noceamus;

130 3556 225 3624 atque
239 3553 272 3607 ut
280 3544 437 3607 liberalitas
452 3556 548 3607 nostra
561 3547 592 3606 in
604 3547 830 3622 prodigalitatem
844 3563 902 3606 non
918 3547 1079 3620 degeneret,
1096 3546 1183 3604 lacul-

129 3640 211 3697 tates
227 3638 339 3692 nostras
353 3632 528 3692 excedendo.
540 3632 646 3692 Deinde
659 3633 817 3695 curandum
832 3638 875 3691 est
889 3632 967 3691 utin
981 3628 1184 3689 benefaciendo

128 3720 207 3781 ordo
222 3724 367 3791 servetur,
381 3722 467 3791 atque
479 3716 516 3791 ii,
526 3717 700 3791 quibuscum
714 3717 787 3791 grati
796 3716 886 3775 animi
900 3731 987 3775 sensu
996 3715 1125 3774 obstricti
1136 3730 1182 3775 su·

128 3794 214 3873 mus,
231 3802 278 3861 rei
288 3801 496 3863 coniunctiores
510 3807 578 3862 sunt
591 3801 675 3863 nobis
688 3802 735 3862 vei
748 3801 850 3862 maiori
859 3800 1028 3863 necessitate
1042 3800 1181 3874 laborant,

127 3881 243 3950 ceteris
256 3888 462 3959 praetereatur.
