2767 4492
429 323 504 368 anns
520 322 834 371 rmus-cosuonosm
906 334 910 341 r
1117 311 1156 375 67

144 415 188 475 26.
210 413 263 472 Pro
281 408 417 471 coronide
437 408 568 468 nonnihil
582 407 629 466 hic
644 407 679 467 de
696 409 798 468 mundi
818 409 993 483 perfectione
1011 409 1152 474 dieamus.

111 497 283 559 lieibnitio
299 498 310 543 l
330 495 409 554 euim
423 493 541 567 eiusque
555 493 671 552 asseclis
686 507 738 566 pro
752 494 852 552 mundi
867 495 1035 569 optirnisuro
1050 496 1155 556 acriter

110 587 266 658 pugnatum
279 585 323 640 est
338 577 543 650 asserentibus,
561 582 740 653 praesentem
754 593 852 636 rernm
870 578 1086 639 universitatem
1101 597 1155 640 eeu

112 668 266 726 maximam
281 663 413 723 omnium
432 662 612 734 possibilium
628 661 792 720 habendam
806 678 878 721 esse.
894 664 969 721 llaec
983 669 1079 723 autem
1093 666 1155 739 opi·

111 753 156 810 nio
169 750 329 810 minuenda
343 747 466 820 videtur,
482 752 578 821 utpote
595 762 669 820 quae
683 746 798 805 divinae
813 747 967 806 admodum
986 749 1109 809 detrahit
1122 750 1154 809 li-

111 837 222 896 bertati.
239 836 297 893 Hoc
313 833 392 892 enim
407 832 508 892 nititur
522 832 717 905 fundamento,
734 832 810 905 quod
824 832 899 893 lleus
912 849 930 889 a
943 833 1054 893 meliori
1068 835 1153 908 bono,

109 922 183 996 quod
199 917 351 994 perspicit,
369 917 406 975 ad
421 917 598 990 operandum
613 917 826 977 determinetur.
842 915 872 975 ld
887 933 954 975 vero
969 917 1156 979 falsissimum

108 1011 159 1065 est.
175 1006 250 1064 lleus
264 1003 344 1062 enim
364 1001 465 1077 nequit
483 1001 669 1061 determinari
689 1001 726 1060 ad
743 1001 902 1074 obiectum,
923 1003 999 1076 quod
1013 1018 1079 1063 eum
1093 1006 1155 1064 eius

108 1090 234 1150 essentia
253 1087 415 1148 necessario
435 1101 494 1146 non
513 1091 711 1160 connectatur3
732 1085 811 1145 nulla
830 1090 925 1145 autem
944 1087 1026 1147 finita
1042 1089 1156 1148 bonitas

107 1180 264 1248 utcumque
278 1173 394 1246 melior,
412 1186 479 1231 cum
498 1171 548 1229 Dei
567 1171 692 1230 essentia
710 1170 874 1230 necessario
892 1173 1080 1233 connectitur.
1101 1174 1156 1234 Sed

108 1266 139 1319 ut
159 1259 232 1318 baec
252 1259 413 1330 mittamus,
431 1271 505 1331 quae
525 1256 642 1314 alterius
658 1255 714 1314 loci
732 1256 883 1316 materiam
901 1257 1156 1332 ardennensis

107 1343 239 1404 uitianae
256 1341 398 1417 opinionis
419 1341 530 1400 falsilas
545 1339 591 1399 rel
605 1339 671 1398 inde
690 1345 820 1414 apparet,
838 1341 913 1414 quod
930 1342 1055 1401 mundus
1073 1344 1155 1404 abso-

105 1428 169 1488 lute
188 1427 313 1502 optimus
334 1425 552 1502 repugnantiam
573 1425 628 1484 sibi
647 1425 784 1499 implicet.
801 1425 871 1485 Nam
891 1424 990 1484 meina
1008 1427 1152 1501 potentia,

106 1517 208 1587 utpote
219 1527 291 1587 quae
306 1511 394 1572 limite
410 1515 502 1585 vacat,
519 1517 669 1586 uunquam
683 1510 770 1569 rebus
785 1509 946 1585 quibusque
960 1511 1091 1571 creandis
1105 1528 1157 1572 er-

105 1597 249 1656 hauritur.
267 1597 357 1664 Ouare
376 1595 517 1672 quidquid
536 1596 619 1669 lacit,
640 1596 680 1654 ita
702 1595 784 1668 tacit;
806 1600 839 1652 ut
856 1595 975 1654 meliore
993 1610 1106 1670 semper
1127 1603 1156 1656 et

105 1681 291 1755 locupletiora
309 1683 403 1740 iacere
417 1681 516 1756 possit.
533 1682 669 1739 Praesens
686 1679 775 1753 igitur
793 1679 918 1738 mundus
932 1685 975 1738 cst
994 1680 1153 1755 eiusmodi,

105 1769 138 1824 ut
153 1767 190 1824 ab
205 1766 269 1826 aliis
283 1767 468 1841 possibilibus
482 1781 603 1824 numero
625 1764 803 1836 carentibus,
820 1765 869 1837 qni
890 1764 1044 1824 nobiliores
1058 1773 1155 1827 essent

105 1849 293 1925 pluribusque
307 1851 436 1925 partibus
450 1850 591 1922 instructi,
610 1849 693 1908 laede
709 1854 867 1923 superetm.
879 1850 912 1907 nt
926 1865 992 1909 vero
1007 1851 1083 1924 quod
1099 1853 1155 1912 tale
1187 1865 1192 1875 ’

106 1939 160 2008 est,
173 1935 202 1994 id
212 1942 288 1995 certe
299 1937 361 1994 sine
371 1949 468 2008 pugna
482 1939 673 2007 conceptuum
687 1934 828 2007 optimum
838 1934 950 1992 censeri
959 1935 1067 2008 nequit.
1080 1937 1156 2010 Opti-

64 2041 68 2049 ·
106 2035 189 2078 mum
209 2020 287 2078 enim
306 2034 472 2092 supremum
491 2019 612 2091 gradum
634 2017 817 2091 perfectionis
839 2018 968 2090 attingit;
989 2025 1074 2092 atque
1091 2021 1155 2080 ideo

107 2119 163 2163 nec
179 2103 281 2176 augeri
290 2103 321 2160 in
337 2117 367 2160 se
381 2107 482 2174 potest,
495 2117 549 2160 nec
564 2117 595 2160 se
609 2102 728 2161 meliora
743 2103 858 2176 patitur.
870 2103 1017 2162 Praeterea
1030 2106 1156 2164 muudus

103 2179 234 2263 optimus
248 2186 421 2258 maximam,
442 2201 515 2258 quae
529 2186 631 2244 haberi
644 2191 753 2258 posset,
770 2186 820 2246 Dei
833 2187 1023 2248 imitationem
1041 2205 1154 2262 praesc·

103 2274 206 2332 ferret.
223 2269 277 2328 Sed
292 2270 382 2342 Deus,
402 2275 498 2343 utpote
512 2269 655 2344 inliuilm,
678 2285 858 2345 nunquama
881 2272 968 2332 rebus
986 2274 1091 2332 creatis
1109 2275 1152 2334 sie

103 2354 291 2428 exprimitur,
303 2354 637 2428 utnequeatperieetius,
649 2356 763 2430 dempto
773 2357 840 2430 fine,
852 2360 1070 2431 repraesentari.
1081 2361 1154 2432 Ergo

104 2440 163 2500 nisi
180 2439 310 2514 desipere
324 2440 441 2499 omnino
457 2439 586 2509 velimus,
599 2455 656 2500 non
670 2443 754 2502 modo
764 2443 811 2502 bic
825 2444 960 2516 muudus,
972 2445 1024 2502 sed
1033 2449 1062 2503 ct
1076 2444 1150 2502 alius

104 2523 237 2599 quilibet,
255 2525 383 2584 omnium
398 2524 578 2600 possibilium
592 2527 718 2602 optimus
733 2526 874 2587 dicendus
888 2543 946 2586 non
961 2533 1013 2587 est.

138 2608 217 2668 Haeo
232 2610 348 2683 quidem
358 2611 449 2684 quoad
465 2611 626 2671 absolutam
635 2612 737 2674 mundi
751 2612 846 2671 ralcut
858 2612 1073 2686 perlectionem.
1083 2615 1155 2676 Nam

104 2693 129 2754 si
144 2692 182 2751 de
195 2693 315 2754 relative
329 2694 486 2770 loquimur,
503 2711 577 2770 quae
591 2697 658 2756 inde
680 2696 771 2756 oritur
785 2697 861 2770 quod
878 2698 1004 2758 mundus
1017 2699 1049 2757 iu
1064 2700 1154 2758 linem

105 2778 194 2838 alleo
209 2778 432 2839 determinatum
450 2781 535 2854 plene
550 2781 695 2850 eolliucet;
711 2779 785 2835 nihil
799 2783 876 2837 vetat
889 2782 1044 2851 quominus
1058 2784 1150 2853 peric-

107 2867 169 2922 ctus
183 2869 212 2922 et
226 2863 351 2937 optimus
365 2865 519 2935 habeatur3
532 2867 672 2934 quatenns
682 2861 907 2918 manifestationi
918 2861 1031 2920 divinae
1046 2862 1154 2934 gloriae

105 2947 137 3006 in
151 2963 184 3007 eo
199 2947 300 3020 gradu,
318 2961 403 3016 quem
413 2947 487 3003 bens
501 2945 599 3016 votrnt,
617 2942 794 3001 adamussim
809 2944 987 3016 respondeat.
996 2945 1054 3003 Hoc
1064 2945 1155 3006 immo

105 3035 333 3092 consentaneum
351 3026 436 3098 plane
456 3025 587 3094 videturq
604 3024 746 3095 siquidem
767 3026 803 3082 ad
822 3027 991 3099 sapientiam
1007 3033 1108 3103 (quam
1123 3031 1154 3089 in

104 3117 163 3176 beo
179 3126 243 3171 esse
258 3107 417 3167 maximam
427 3122 514 3166 nemo
529 3121 617 3165 sanus
632 3103 837 3182 inficiabitur),
854 3111 970 3172 omuino
984 3114 1109 3188 pertinet
1122 3120 1155 3172 ut

105 3198 202 3260 media
217 3195 253 3254 ad
268 3193 372 3266 finem,
392 3193 442 3266 qui
458 3195 616 3266 spectatur,
634 3191 781 3266 aptissime
795 3198 1054 3257 accommodentur.
1065 3199 1155 3272 nque

105 3285 136 3343 in
150 3285 226 3342 hanc
243 3277 415 3339 sententiam
430 3277 562 3353 loquutus
577 3283 619 3336 est
635 3277 662 3336 S.
679 3277 800 3338 Thomas
814 3279 866 3339 ubi
880 3281 987 3357 inquit:
1008 3307 1020 3336 a
1037 3283 1153 3343 Univer-

109 3393 120 3419 σ
138 3383 203 3428 sum
217 3363 371 3440 suppositis
385 3363 448 3423 istis
462 3361 549 3422 rebus
560 3378 617 3422 nou
627 3368 720 3437 potest
734 3379 798 3424 esse
813 3365 918 3425 melius
928 3367 1153 3442 propterdeccn-

110 3475 121 3504 ι
139 3452 282 3511 tissimum
297 3448 427 3508 ordinem
442 3448 489 3507 tris
503 3447 590 3508 rebus
609 3449 779 3508 attributum
793 3465 811 3510 a
824 3450 900 3524 ileo,
922 3451 953 3510 iu
973 3464 1029 3526 qim
1043 3452 1151 3512 bonnm

111 3536 263 3595 «universi
283 3533 424 3607 consistit;
445 3548 566 3608 quorum
581 3533 606 3592 si
620 3549 716 3593 uuum
737 3533 845 3609 aliquid
860 3541 935 3595 esset
953 3536 1070 3608 melius,
1088 3551 1149 3597 cor·

112 3643 122 3672 a
140 3626 320 3694 rumperetur
333 3618 475 3693 proportio
497 3619 619 3692 ordinis,
637 3620 712 3679 sicut
725 3619 750 3678 si
768 3636 827 3680 uua
845 3621 951 3681 chorda
969 3622 1035 3698 plus
1054 3623 1149 3684 debito

112 3729 123 3756 a
141 3705 344 3776 intenderetm,
361 3709 590 3777 corrumperetur
604 3704 731 3774 citharae
745 3705 870 3766 melodia
885 3708 910 3765 2.
929 3730 943 3759 n

153 3907 164 3950 l
183 3903 232 3949 Vid.
249 3906 331 3950 Priore.
347 3905 548 3964 Philosophiam
564 3905 706 3953 recanere.

155 3979 171 4026 2
186 3981 283 4032 Summa
298 3981 374 4032 taut.
390 3979 414 4030 l.
431 3995 466 4042 p,
477 3994 499 4042 q.
512 3978 553 4042 25,
564 3983 605 4026 ort.
617 3979 640 4028 b.
