2767 4492
488 333 725 383 remenuranda
1076 325 1135 392 zap

87 403 216 491 omuiitus
231 425 387 488 individuis
401 421 594 498 praescriptae
605 425 681 480 sunt.
694 419 875 480 Potissimum
885 420 915 481 id
925 421 1020 482 locum
1031 421 1128 497 habet,

87 531 149 576 cum
164 514 257 589 agitem
272 513 307 572 de
322 507 516 574 contractibus
530 506 651 580 aliisquo
671 506 769 580 rebus,
785 523 858 581 quae
872 508 910 568 ad
923 514 1032 630 ceteras
1052 507 1131 570 eires

86 601 249 660 relationem
264 597 425 656 includunt.

120 686 231 757 Quarto,
249 683 285 744 ad
300 684 395 756 legum
412 678 550 741 iustitiam
566 678 721 753 requiritur
734 677 902 752 aequalitas,
919 695 971 738 seu
985 623 1019 739 ut
1032 695 1132 740 omues

87 769 240 844 aequaliter
254 768 302 828 lex
318 765 460 841 respiciat,
477 770 506 822 at
525 779 582 822 non
602 763 762 822 secuudum
782 763 982 836 aequalitatem
1001 765 1133 824 materia·

86 855 151 928 lum,
164 855 213 913 sed
229 853 394 923 iuridicam;
406 853 547 924 quatenus
562 863 664 922 nempe
675 848 832 922 acqualiter
842 849 939 907 omnia
952 848 1025 922 iura,
1037 849 1131 908 cuins·

88 955 208 1012 cumque
222 937 363 998 individui
380 936 446 1006 tint,
464 934 525 996 sine
540 935 598 993 ulla
612 934 781 1008 exceptione
795 933 905 992 sanciat
914 939 943 992 et
955 937 1079 1006 tueatur3
1090 949 1133 992 sc-

88 1041 137 1091 cus
150 1023 308 1098 aequalitas
323 1021 429 1081 civium
445 1026 512 1078 autc
526 1020 629 1094 legem,
645 1035 720 1092 qnae
736 1026 882 1092 tantopere
896 1019 1027 1092 iactatur,
1044 1017 1134 1077 iutilia

87 1116 160 1170 asset
174 1115 203 1168 ct
217 1125 273 1167 von
287 1108 350 1166 siue
360 1121 456 1166 seusu.
471 1105 530 1165 Noa
545 1105 624 1164 enirn
640 1120 707 1164 vera
720 1105 827 1164 ainiurn
837 1105 902 1163 iura
911 1107 1046 1175 servaret,
1059 1118 1133 1177 quae

88 1196 148 1254 siue
158 1194 311 1254 manifesta
326 1190 477 1254 uiolatione
491 1190 617 1252 iustitiae
633 1191 669 1252 ad
683 1189 860 1251 materialem
872 1189 1073 1265 aequalitatem
1084 1187 1133 1249 ad·

89 1280 154 1340 duci
170 1281 325 1349 nequeunt.

111 1365 178 1444 ,liae
194 1363 345 1436 praecipuo
364 1368 431 1422 suut
449 1362 545 1436 legam
563 1363 760 1437 proprietates,
782 1377 856 1437 quae
875 1362 958 1436 quasi
979 1361 1135 1421 csmntiam

88 1447 251 1508 earunrdem
267 1447 419 1522 attingunt.
437 1448 550 1506 Praeter
564 1448 616 1506 lras
631 1447 705 1506 aliae
724 1447 811 1506 etiam
833 1448 1032 1522 requimatur‚
1048 1445 1133 1505 aimi-

87 1547 150 1592 rum
166 1537 199 1591 ut
211 1533 309 1592 clarae
323 1531 389 1606 siut,
407 1538 548 1607 quatenus
563 1533 599 1591 ab
614 1533 750 1592 omuibus
764 1532 886 1605 intelligi
906 1532 1016 1606 possint
1036 1547 1091 1590 nec
1103 1531 1136 1589 in

89 1617 189 1676 falsam
204 1617 468 1691 interpretationem
483 1616 619 1691 torqueri3
636 1619 763 1691 itemque
778 1617 878 1675 utsint
888 1618 994 1689 trecea
1011 1632 1049 1676 ne
1063 1616 1136 1675 mul·

89 1703 207 1762 titudine
221 1709 250 1761 ct
264 1703 388 1776 pandere
402 1702 580 1798 operationes
595 1701 703 1760 civium
719 1703 918 1776 praepediant;
941 1708 974 1760 at
993 1702 1052 1760 sint
1071 1717 1137 1760 cert·

88 1794 205 1859 stantes,
224 1788 265 1846 sic
280 1787 357 1846 eninr
370 1787 539 1860 antiquitate
556 1787 617 1860 ipsa
632 1787 846 1847 venerationem
860 1787 1093 1859 sibicouciliaut3
1106 1790 1139 1846 ut

89 1872 146 1930 siut
158 1871 292 1946 scriptae,
309 1887 346 1930 ne
361 1871 509 1942 lrnudibus
531 1877 560 1930 ot
580 1871 699 1931 arbitrio
716 1873 936 1945 magistratuum
950 1872 1033 1930 detur
1046 1871 1136 1946 locus,

90 1957 137 2014 scd
154 1956 249 2014 stabili
264 1957 434 2016 certitudine
450 1957 647 2030 perlruautur3
666 1943 700 2016 ut'
711 1957 835 2031 denique
854 1958 912 2015 siut
930 1956 1136 2027 conuenienter,

89 2042 225 2100 nimirum
236 2041 342 2100 viribus
352 2042 717 2116 etcunditiunipopulorum
729 2043 967 2121 accommodatae.
976 2042 1139 2111 Quacenim

91 2126 168 2199 leges
192 2125 301 2184 rudiori
321 2127 449 2184 culturae
470 2133 644 2199 cnrnpctnut,
667 2126 721 2184 lrac
741 2129 860 2187 minima
877 2132 1053 2204 opportunae
1071 2132 1141 2188 sunt

90 2212 168 2352 galiati
185 2227 258 2285 qnae
274 2212 375 2268 maiori
393 2212 586 2284 perlectione'
579 2222 636 2270 aaut
651 2215 775 2284 pauitant
789 2216 814 2272 t

132 2297 191 2353 lt.ll
209 2295 409 2367 (laraccnurque
423 2295 460 2352 sit
476 2296 568 2352 farma
582 2297 739 2368 regiminis,
756 2299 816 2356 siue
826 2271 1081 2360 monarchicasivc
1092 2316 1141 2375 po·

91 2377 246 2452 lyarclrica,
264 2385 387 2451 potestas
403 2379 560 2451 legislatiua
575 2380 677 2438 mediis
690 2382 801 2440 idoneis
816 2383 920 2442 instrui
934 2383 1030 2456 debet,
1043 2386 1140 2446 utrite

92 2479 143 2521 suro
159 2479 277 2520 nrrruoro
294 2463 509 2536 perfungantur.
525 2463 577 2522 llt
570 2480 601 2522 ru
613 2463 722 2537 primis,
732 2481 799 2524 cum
815 2467 892 2539 legas
905 2468 1142 2544 indigentiaepo

92 2548 225 2622 pulcram
242 2548 412 2620 respondere
427 2549 560 2621 debeant,
578 2549 825 2623 requiritursaue
846 2556 878 2608 ut
896 2551 968 2609 haec
987 2552 1144 2623 legislatori

93 2633 262 2692 innotescat.
285 2632 460 2707 Quapropter
478 2633 526 2692 tali
543 2634 707 2706 organismo
724 2634 885 2708 leglslatina
901 2640 1032 2709 potestas,
1050 2637 1145 2708 quoad

94 2718 273 2790 exercitium,
291 2718 457 2777 instruenda
471 2725 527 2792 cst;
551 2725 582 2778 ut
600 2719 743 2778 eiusmodi
765 2721 897 2779 notitiam
912 2720 1029 2792 claram,
1045 2720 1144 2780 distin·

94 2813 170 2868 ctam
186 2813 214 2869 et
228 2809 289 2870 sinc
305 2806 435 2872 falsitatis
453 2808 629 2870 uolutatione
640 2823 806 2882 comparare
823 2809 880 2868 sibi
893 2811 991 2884 possit.
1005 2810 1145 2877 ottonum

141 3003 152 3049 l
168 3003 315 3066 Disceplutunr
331 3006 363 3048 est
377 3019 389 3049 a
404 3003 540 3066 philosophis
556 3009 629 3051 rutrum
645 3006 739 3068 scriptae
753 3005 812 3066 ieqes
827 3011 848 3052 et
864 3006 963 3053 ecdicum
984 3007 1149 3069 coarpiiationes

92 3081 151 3126 ritae
166 3083 188 3123 et
199 3079 296 3124 culturae
307 3079 441 3142 papinianum
456 3079 572 3126 utilitatem
594 3083 706 3143 caputius
721 3081 875 3128 detrimontum
891 3082 991 3128 ailerant.
1010 3085 1071 3144 lluqo
1089 3084 1149 3130 eninr

93 3155 115 3196 ct
127 3150 221 3211 Sariqnq
232 3149 341 3212 ceterique
357 3149 472 3196 lrislorieao
486 3151 572 3200 scholae
587 3151 690 3214 lautores,
708 3169 757 3199 cum
768 3155 893 3201 societatem
903 3155 993 3217 eiusque
1003 3155 1149 3200 evolutionem

94 3242 119 3273 ax
131 3225 237 3270 instinctu
253 3225 346 3287 quadarn
364 3227 504 3274 intellectuali
520 3233 619 3292 repetant
630 3230 667 3292 qui
684 3230 854 3276 eonsuetudines
864 3235 886 3276 ct
900 3246 970 3276 mores
987 3230 1095 3292 eilornrot,
1111 3230 1149 3277 ho·

93 3317 143 3348 rum
160 3302 248 3348 nonnisi
264 3301 368 3348 lcrrnuias
379 3303 484 3366 quasdam
495 3321 559 3365 rapas
574 3310 596 3350 ct
606 3305 724 3351 abstractas
738 3306 823 3366 iegibus
834 3306 988 3368 comprehendi
1004 3322 1067 3368 passo
1076 3300 1148 3374 aiunt,

92 3381 157 3439 atquc
175 3375 223 3423 idco
246 3392 281 3422 ees
298 3380 421 3440 progressui
447 3380 577 3444 populorum
592 3397 714 3444 rupuqnarc
727 3382 854 3445 opinantur.
867 3383 938 3438 Quare
944 3399 951 3445 3
968 3383 1021 3446 quin
1042 3382 1150 3444 legislatio

11 3489 12 3492 ,
94 3451 183 3516 populis
200 3452 325 3515 imponatur
335 3470 390 3516 quac
409 3471 520 3519 nunquam
536 3459 656 3520 exprirrrerc
673 3449 852 3521 potest'iuadum
868 3459 998 3522 locupletem
1009 3461 1150 3524 etmultipli-

94 3545 151 3592 rom,
165 3545 207 3592 qun
219 3546 289 3576 mares
304 3531 429 3577 cornitulum
445 3534 599 3596 continentur;
611 3535 689 3582 melius
705 3551 751 3582 esse
767 3542 854 3599 putant,
871 3552 906 3582 eos
921 3537 1045 3599 permittere
1058 3544 1151 3600 sponta-

95 3621 151 3651 neae
165 3605 284 3653 errulutioni
300 3607 416 3653 instinctus
432 3609 546 3671 naturalis,
562 3611 600 3671 qui
615 3609 702 3658 assidu>
717 3627 741 3656 so
755 3612 866 3674 explicans
887 3628 958 3659 mores
972 3619 1037 3660 ercet.
1057 3615 1085 3659 lt
1099 3614 1152 3661 hace

96 3683 173 3744 opinio
189 3690 279 3729 nalrrrac
294 3683 397 3729 rationaii
413 3683 509 3729 bortrinis
520 3685 650 3732 enrrtrarlieit
664 3692 685 3732 et
700 3703 751 3733 uero
762 3689 875 3734 nationum
890 3689 1013 3750 progressui
1024 3687 1150 3756 reluctatur,

97 3759 136 3819 qui
154 3775 197 3804 non
215 3758 275 3805 fatali
299 3763 321 3805 ct
335 3775 398 3805 eacro
413 3760 506 3822 quadam
522 3761 629 3807 instinrtu
645 3763 763 3825 peragitur,
782 3764 820 3809 scri
831 3763 897 3810 ‹lrrrtn
918 3764 1025 3810 libertatis
1036 3770 1058 3810 et
1072 3765 1152 3812 intelli·

97 3833 185 3893 qnntiaa
199 3851 254 3896 qrrac
265 3836 380 3882 reflexione
397 3837 466 3881 utitur
482 3841 503 3882 et
519 3837 655 3883 iustiurtiras
667 3839 775 3888 ortationes
790 3839 895 3904 irruperat
906 3845 931 3888 nt
945 3856 981 3888 ets
996 3840 1022 3888 ael
1035 3840 1101 3888 lincrn
1116 3857 1155 3891 rt-

97 3908 203 3962 tioanlcm
217 3919 343 3982 prensarent
355 3911 471 3982 debitoque
487 3911 564 3960 ordino
580 3912 653 3965 dunel.
