2767 4492
199 353 252 418 150
527 365 756 414 uermnrsrcse
769 363 916 412 cremense

195 451 279 526 oriri,
297 467 336 512 ex
349 467 407 527 qua
420 451 453 511 tit
467 456 499 511 ut
512 451 629 511 attentio
648 447 739 510 animi
759 447 849 508 libere
863 447 1002 523 dirigatur
1017 450 1054 508 ad
1068 465 1103 510 ea
1121 455 1248 512 contem-

196 537 303 613 planda
317 533 433 610 motiva,
446 551 484 594 ex
498 535 602 610 quibus
618 549 708 594 unum
722 533 816 609 potius
831 547 918 608 quam
932 531 1009 592 atiud
1025 533 1166 594 iudicium
1179 551 1245 611 pra-

196 623 303 684 cticum
323 621 460 682 dimanet.
477 621 568 690 Quare
584 619 615 680 in
633 619 689 680 hac
708 619 850 680 sententia
868 617 1066 680 determinatio
1087 632 1124 679 ex
1140 620 1248 683 iudicio

196 708 228 768 in
243 707 417 768 voluntatem
434 703 552 766 inducta
566 719 625 766 non
643 703 786 765 antecedit
804 701 855 764 sed
872 702 1056 778 subsequitur
1075 705 1248 768 exercitium

197 788 347 854 libertatis.

232 878 307 940 ilaec
327 875 473 952 responsio
488 875 558 937 satis
579 889 722 951 superque
742 870 940 935 difficultatem
962 871 1096 950 elideret3
1116 879 1147 936 at
1163 877 1250 959 nobis

198 961 357 1039 expeditior
370 968 398 1025 et
412 961 506 1022 verior
520 961 633 1022 videtur
651 958 781 1022 doctrina
796 959 906 1031 Suarii,
923 959 973 1037 qui
992 965 1088 1022 tuetru
1101 963 1250 1037 inprimis

198 1063 257 1108 non
271 1065 334 1109 esse
347 1047 543 1109 necessarium
553 1053 585 1107 ut
598 1045 740 1107 iudicium
754 1045 914 1121 practicum
927 1045 1086 1121 quamlibet
1094 1045 1251 1107 uoluntatis

199 1130 367 1194 electionem
385 1135 557 1208 antevertat,
574 1146 641 1192 cum
658 1146 760 1192 revera
779 1129 926 1190 sufficiens
940 1129 978 1190 sit
991 1129 1131 1191 indicium
1152 1145 1252 1206 specu·

199 1217 330 1292 laticum,
347 1223 442 1292 atque,
458 1233 492 1277 eo
506 1211 656 1277 dumtaxat
675 1213 831 1290 mene,
852 1230 1058 1292 saepenumero
1073 1216 1174 1276 electio
1188 1229 1252 1290 per·

201 1305 311 1376 agatur.
327 1299 434 1361 Deinde
448 1299 598 1376 adiungit,
614 1293 728 1360 etiamsi
746 1295 887 1360 iudicium
905 1299 1064 1374 practicum
1083 1299 1252 1361 electionem

201 1385 364 1459 voluntatis,
381 1386 457 1460 quod
466 1387 635 1460 plerumque
646 1385 777 1460 obtingit,
790 1383 955 1459 antecedat;
972 1385 1086 1460 abipso
1098 1389 1252 1444 tamense

128 1467 131 1474 '
199 1471 340 1531 luntalem
354 1469 475 1530 minime
489 1467 685 1544 determinari,
702 1469 808 1545 quippe
819 1485 903 1544 quac,
918 1485 953 1530 eo
966 1465 1053 1530 etiam
1067 1466 1252 1545 iubente,po·

204 1559 259 1616 test
272 1553 303 1615 in
319 1553 478 1630 oppositam
493 1557 605 1630 partem
618 1553 696 1614 flecti
710 1569 762 1628 pro
776 1553 877 1614 lubitu.

241 1635 374 1700 Doctrina
403 1639 475 1698 baec
490 1645 681 1699 consentanea
700 1637 793 1712 magis
807 1639 926 1698 naturae
940 1635 1052 1697 videtur
1066 1642 1095 1698 et
1109 1638 1252 1699 conscien-

207 1723 263 1786 tiae
277 1723 485 1799 pbaenomenis
498 1723 615 1782 omnino
630 1719 811 1782 conformior.
823 1721 945 1782 Naturae
958 1721 1075 1797 quidem
1090 1728 1134 1783 est
1151 1739 1250 1784 conso·

207 1823 246 1867 na
259 1806 360 1882 magis,
376 1811 526 1882 propterea
540 1807 616 1881 quod
629 1805 671 1866 nil
682 1805 798 1866 firmum
812 1821 846 1864 ac
858 1809 952 1865 ratum
972 1805 1068 1866 afferri
1082 1809 1175 1882 potest
1188 1824 1251 1881 cur,

209 1892 382 1967 speculativo
405 1890 555 1951 dumtaxat
579 1891 685 1951 iudicio
700 1891 890 1965 praelucente,
906 1890 1039 1968 voluntas
1053 1889 1084 1950 fn
1106 1889 1250 1950 obiectum

209 1975 278 2035 ferri
293 1980 424 2048 nequeat
437 1990 505 2035 cum
520 1975 556 2034 ad
569 1973 738 2035 rationalem
752 1971 921 2034 electionem
937 1975 1006 2035 satis
1022 1974 1146 2034 videatur
1167 1973 1253 2035 ratio

209 2059 255 2119 nis
269 2059 421 2132 dictamen,
442 2073 497 2134 quo
521 2057 664 2118 obiectum
673 2063 707 2117 ut
719 2057 841 2132 optabile
855 2062 1039 2132 proponatur.
1059 2059 1260 2132 itemquenon¹

210 2149 328 2220 apparet
341 2158 402 2214 cur,
418 2143 509 2218 posito
523 2141 628 2204 iudicio
645 2141 781 2218 practico,
796 2141 926 2203 uoluntas
942 2141 1037 2217 ipsum
1056 2141 1136 2217 sequi
1155 2141 1253 2216 adiga-

213 2231 266 2288 tur.
283 2227 354 2288 Nam
368 2223 511 2288 obiectum
523 2225 595 2288 illud
605 2227 657 2288 etsi
672 2225 865 2302 appetendum
874 2224 1025 2300 iudicetur,
1038 2242 1150 2300 semper
1159 2233 1256 2286 umen

210 2315 439 2387 repraesentatur
454 2315 601 2387 tamquam
609 2311 749 2371 limitibus
758 2315 788 2372 et
797 2307 1012 2385 imperfectione
1024 2309 1196 2384 admixtum,
1213 2315 1255 2370 at-

212 2411 267 2472 que
282 2395 346 2456 ideo
353 2411 466 2472 semper
482 2395 617 2456 voluntati
636 2393 807 2470 relinquitur
821 2392 942 2456 facultas
960 2393 1086 2470 idipsum
1101 2393 1257 2468 respuendi

212 2479 266 2545 sub
281 2481 335 2540 bac
350 2479 451 2540 saltem
466 2478 701 2540 consideratione.
712 2479 839 2554 benique
849 2481 875 2540 si
885 2496 935 2555 per
945 2481 1041 2556 ipsum
1051 2477 1256 2538 Bellorminum

213 2564 244 2624 in
258 2563 411 2623 omissione
426 2561 517 2622 libera
533 2561 632 2621 baberi
646 2566 739 2638 potest
753 2563 924 2624 exercitium
942 2560 1082 2622 fibertatb
1097 2561 1160 2622 sinc
1174 2576 1255 2635 prae·

214 2647 333 2707 cedente
348 2646 455 2705 iudicio
469 2645 603 2720 practico,
620 2661 678 2706 non
693 2647 806 2707 videtur
817 2663 868 2708 cur
877 2647 1047 2708 exercitium
1055 2644 1209 2707 uoluntatis
1222 2645 1255 2704 in

215 2735 281 2790 actu
304 2729 425 2806 positivo
443 2727 582 2790 iudicium
596 2729 667 2790 illud
680 2731 808 2806 requirat
821 2731 990 2805 necessariq
1006 2731 1158 2806 utrobique
1180 2729 1259 2790 enim

215 2831 284 2877 usus
298 2815 437 2876 libertatis
452 2813 581 2890 habetur,
602 2817 630 2875 et
643 2816 708 2876 ideo
721 2816 822 2876 eadem
836 2815 909 2877 ratio
922 2815 1036 2876 militat.

248 2897 296 2960 list
310 2905 406 2960 autem
419 2899 623 2975 phoenomenis
633 2901 823 2961 conscientiae
838 2899 1019 2975 conformior,
1036 2916 1069 2960 eo
1084 2900 1160 2974 quod
1179 2899 1203 2958 si
1217 2898 1259 2958 in·

215 2987 325 3042 urnam
339 2981 515 3044 consulimus
529 2983 746 3059 experientiam,
761 2983 946 3044 manifestum
960 2983 1019 3059 fiet,
1035 2983 1094 3044 solo
1110 2982 1261 3059 speculati·

214 3082 250 3127 so
266 3065 382 3140 indicio,
393 3067 469 3143 quod
482 3067 626 3128 obiectum
642 3073 788 3145 tamquam
803 3067 975 3144 appetitione
988 3066 1109 3143 dignum
1122 3067 1207 3127 nobis
1221 3065 1261 3125 of·

215 3149 296 3226 ferat,
317 3165 401 3226 posse
414 3167 467 3211 nos
480 3168 532 3228 pro
548 3153 687 3214 arbitratu
707 3153 816 3214 bouum
829 3153 901 3213 illud
915 3153 1020 3228 eligere
1043 3153 1091 3214 vel
1111 3165 1259 3225 respuere3

213 3235 350 3312 itemque,
367 3233 471 3295 iudicio
486 3235 587 3311 quous
605 3237 730 3312 practico
749 3239 919 3312 imperante,
934 3252 1017 3313 posse
1030 3233 1263 3298 noselectionem

214 3319 347 3380 cohibere
356 3319 403 3380 uel
416 3319 503 3379 etiam
517 3320 549 3380 in
564 3321 738 3380 contrariam
752 3327 938 3381 commutare.

251 3403 340 3464 Obiic.
351 3399 383 3462 v.
400 3403 436 3462 ad
448 3407 575 3464 mentem
586 3402 839 3464 Leibnitianorum.
852 3405 881 3466 si
890 3403 1029 3466 iudicium
1036 3401 1210 3480 praecedens
1218 3402 1264 3461 in·

215 3487 527 3549 tellectusuoiuntstem
542 3504 600 3548 non
607 3489 826 3566 determinaret,
846 3497 997 3566 possetque
1012 3491 1083 3552 haec
1104 3492 1135 3550 in
1149 3487 1263 3564 opposi-

217 3575 278 3632 tum
292 3573 372 3647 fer1i;
383 3573 499 3632 deretur
513 3572 685 3632 rationatum
700 3575 763 3636 sine
777 3575 887 3636 ratione
905 3575 1069 3649 sufficienti,
1084 3589 1189 3649 nempe
1214 3587 1263 3633 so·

218 3656 335 3714 lunulis
350 3655 449 3717 electio
464 3656 526 3716 sine
535 3656 650 3718 motivo.
666 3659 750 3734 Atqui
764 3658 794 3720 id
809 3661 966 3720 absurdum
980 3665 1032 3720 est.
1044 3657 1117 3734 Ergo
1131 3664 1187 3718 etc.

254 3734 336 3813 Resp.
352 3739 429 3817 Ncpo
445 3741 600 3802 maiorue.
626 3743 697 3804 Nam
711 3745 784 3806 ratio
805 3744 953 3806 sufficiens
970 3743 1129 3820 generatim
1152 3745 1268 3817 sumpta

219 3837 290 3897 non,
304 3827 338 3882 ut
350 3820 521 3899 beibnitiani
530 3825 646 3900 sedent,
662 3843 697 3888 ea
710 3833 763 3903 est,
780 3843 837 3903 qua
850 3829 952 3904 positu,
970 3826 1134 3902 necessario
1141 3825 1268 3888 rationa-

73 3925 76 3932 ·
158 3931 184 3982 x
219 3909 282 3974 un
295 3907 435 3988 exsurgit
451 3907 503 3974 scd
516 3925 553 3976 ea
566 3911 621 3988 est,
635 3927 693 3990 qua
705 3911 809 3988 posita,
823 3911 996 3978 rodomum
1009 3911 1079 3990 pont
1095 3913 1189 3990 potest
1200 3924 1269 3988 pro-
