2767 4492
541 363 620 430 illitis
636 364 780 417 susum
958 383 961 388 ·
1130 349 1182 410 327

137 447 200 524 ipsa
217 447 332 519 beders
348 445 438 510 realia
458 447 644 522 mperpetna
666 445 790 520 dispesci
803 445 850 515 rel
867 442 1035 524 temporalia
1056 446 1086 506 et
1098 458 1183 522 saepe

137 549 189 618 pro
207 533 344 609 peculiari
361 537 472 592 tanturn
491 532 604 608 negotio
618 531 686 595 iniri
700 547 793 606 posse.

172 620 260 694 itque
274 619 346 678 lraec
359 618 395 678 de
408 617 527 678 diuersis
543 618 689 678 foederum
704 617 876 694 specialibus
889 617 1034 683 delibasse
1047 617 1178 682 sufficiat.

137 704 176 766 De
189 703 291 765 ritibus
306 719 382 778 reru,
398 704 503 778 quibus
513 701 651 764 celebrari
662 702 762 778 solent,
775 703 849 765 nihil
860 701 999 780 dicimus,
1012 721 1079 766 cum
1088 706 1142 766 bac
1151 705 1182 766 in

137 806 168 849 re
184 788 255 848 nihil
269 788 489 848 determinatum
502 794 610 848 natura
625 788 671 864 sit,
683 788 734 848 sed
748 788 845 848 omnia
860 790 1033 850 ssoluntate
1042 795 1071 850 et
1085 791 1183 851 usibus

136 873 475 950 populorumpendeant.
911 880 917 890 ·

174 959 236 1018 224.
253 959 379 1034 Denique
404 959 438 1018 de
458 959 605 1020 foederum
626 960 767 1022 solutione
787 965 820 1020 ut
838 959 933 1036 aliqua
951 961 1107 1036 attingam,
1126 962 1182 1036 pri·

136 1059 217 1104 mum
238 1044 400 1113 dissolvitur
416 1044 514 1104 loodus
533 1062 584 1121 per
604 1053 737 1107 mutuum
760 1062 931 1107 consensum
952 1047 1086 1121 partium.
1103 1045 1179 1106 tltnit

138 1129 214 1190 enim
235 1135 292 1188 tam
312 1128 440 1189 naturale
455 1129 690 1204 uidetur,'quam
708 1135 740 1190 ut
761 1131 894 1206 obligatio
907 1131 1009 1192 iisdem
1028 1131 1121 1192 causis
1135 1132 1183 1190 de

138 1221 281 1289 struatur,
297 1214 399 1290 quibus
417 1215 502 1275 unice
516 1217 615 1290 genita
625 1221 678 1276 est.
698 1216 777 1285 Quod
791 1216 884 1276 sinna
898 1232 966 1292 pars
981 1222 1091 1276 tantrun
1105 1232 1122 1274 a
1136 1231 1184 1290 pa-

138 1302 230 1360 ctione
244 1301 389 1376 implenda
403 1300 526 1376 resiliat;
543 1299 667 1362 liberum
684 1306 782 1361 manet
795 1301 877 1362 alteri
892 1301 965 1377 parti
980 1302 1184 1361 autinlldelem

138 1386 246 1448 socium
260 1385 297 1446 ad
311 1387 444 1448 standum
452 1387 601 1448 conventis
613 1387 738 1463 adigere,
750 1393 800 1448 aut
809 1388 916 1448 loederi
925 1388 1058 1448 nuntium
1072 1388 1185 1449 mittere

138 1487 172 1532 ac
186 1487 216 1530 se
230 1472 309 1532 omni
326 1471 496 1554 obligatione
512 1473 637 1534 solutam
656 1473 833 1534 existimare.
845 1473 961 1546 Deinde,
977 1478 1070 1534 cessat
1085 1473 1186 1534 loedus

137 1561 228 1617 morte
242 1557 386 1618 foederati.
404 1557 490 1632 Unde,
502 1557 527 1616 si
538 1557 640 1618 loedus
651 1565 713 1618 erat
726 1559 884 1632 personale,
901 1559 1033 1618 deiuncto
1044 1558 1181 1632 principe,

138 1642 187 1718 qui
201 1641 273 1702 illud
286 1643 365 1716 iniit,
383 1643 577 1717 extinguitur3
595 1643 640 1702 sin
655 1643 742 1704 luerit
759 1642 848 1717 reale,
865 1642 1027 1704 dissolvitur
1041 1647 1131 1702 morte
1145 1642 1185 1700 ci·

137 1727 187 1786 uili
201 1726 387 1802 reipublicae,
404 1741 471 1786 cum
489 1726 624 1786 videlicet
637 1743 708 1802 gens
722 1728 835 1787 loedere
849 1727 982 1788 adstricta
996 1726 1141 1803 propriam
1156 1741 1186 1785 a·

138 1811 224 1871 mittit
238 1811 382 1887 politicam
397 1811 579 1871 existentiam
594 1827 631 1872 ex
642 1827 675 1872 eo
690 1813 767 1887 quod
784 1813 951 1872 transfertur
968 1813 999 1872 in
1018 1811 1105 1872 ubam
1118 1823 1186 1885 gen-

138 1901 196 1956 tem
210 1897 327 1979 eiusque
338 1896 439 1956 ditioni
454 1894 617 1956 subiicitur.
629 1897 731 1969 Tertia,
743 1896 906 1957 dissolvitur
916 1898 1015 1957 foedus
1023 1897 1107 1972 lapsu
1119 1903 1186 1955 tem·

138 1983 215 2058 poris
230 1982 265 2042 ab
280 1997 313 2041 eo
327 1981 507 2040 determinati
522 1979 582 2040 slve
596 1982 731 2056 explicite
745 1982 805 2042 siue
819 1983 907 2041 etiarn
920 1982 1069 2056 implicite.
1080 1983 1185 2042 Postre-

138 2083 186 2127 mo
196 2072 287 2126 cessat
296 2071 410 2140 propter
419 2065 578 2125 absolutam
589 2072 617 2124 et
626 2076 794 2140 perpetuam
803 2067 1014 2141 impotentiam3
1028 2083 1095 2126 cum
1109 2068 1186 2126 uide·

138 2152 240 2214 delicet
262 2151 396 2210 alterutra
414 2165 480 2224 pars
500 2163 566 2208 rem
588 2156 703 2222 pactam
722 2152 784 2212 sine
804 2169 856 2212 sua
879 2153 964 2226 culpa
985 2151 1105 2227 implere
1126 2168 1186 2212 non

158 2237 237 2296 ossit.

139 2252 157 2314 p
174 2319 236 2378 225.
253 2317 339 2380 llenio
354 2332 432 2378 nunc
446 2316 483 2378 ad
499 2314 608 2392 siquid
619 2315 932 2380 breviterinnuendum
946 2323 981 2384 de
994 2323 1058 2385 iure
1071 2324 1186 2398 legatio-

140 2406 195 2478 nis,
212 2420 268 2480 quo
282 2409 357 2464 certe
372 2403 507 2465 nationes
523 2409 670 2463 ornantur.
687 2403 745 2462 liae
759 2405 852 2478 eninr,
868 2410 901 2464 ut
912 2422 997 2480 saepe
1011 2409 1119 2466 dictum
1133 2415 1185 2482 eet,

140 2507 191 2566 pro
204 2507 235 2550 re
250 2496 317 2550 nata
330 2489 424 2550 allicio
437 2493 572 2550 tenentur
582 2488 637 2548 sihi
648 2487 773 2548 invicem
781 2488 947 2563 opitulandi,
957 2504 990 2548 ac
999 2492 1112 2550 fovendi
1125 2509 1188 2554 mu-

142 2581 221 2634 tuam
239 2575 428 2649 dilectionem,
446 2575 482 2633 ad
499 2588 586 2648 qlram
600 2578 721 2632 naturae
735 2574 865 2648 cognatio
880 2589 979 2634 omnes
993 2575 1125 2634 homines
1142 2578 1188 2635 ed·

141 2661 335 2736 stringitllinc
344 2660 526 2734 consequitur
534 2659 581 2719 ius
588 2659 819 2720 communicandi
826 2659 901 2718 inter
910 2675 950 2732 se,
958 2659 1188 2719 etolticiumnon

140 2747 300 2808 declinandi
314 2745 424 2818 media,
441 2744 504 2804 sino
519 2744 623 2820 quibus
639 2744 780 2806 eiusmodi
790 2744 1062 2804 communicationes
1080 2750 1108 2804 et
1122 2761 1186 2804 mu-

143 2837 207 2892 tuae
218 2831 359 2890 amicitiae
373 2831 501 2890 exerceri
516 2846 575 2888 non
589 2835 713 2904 possent.
1079 2853 1083 2864 ·

177 2917 265 2976 Immo
283 2915 369 2972 etiarn
383 2929 419 2972 no
435 2919 560 2988 tempore
575 2914 691 2988 quidem
706 2915 775 2974 belli
790 2915 861 2976 baec
874 2919 995 2976 naturae
1010 2920 1103 2976 cessat
1116 2915 1188 2976 obli-

142 3001 230 3077 gatio,
246 2999 385 3074 siquidem
394 3013 451 3058 non
467 2999 503 3057 ad
512 2998 713 3058 dissidendum
727 2999 802 3060 inter
817 3017 847 3060 se
861 3000 911 3060 sed
922 3002 958 3060 ad
967 3017 1068 3076 pacem
1083 3005 1111 3060 et
1124 3017 1189 3061 con-

142 3087 268 3146 cordiam
282 3085 413 3146 alendam
422 3089 521 3158 gentes
536 3083 704 3144 naturaliter
718 3085 884 3145 incitantur.
897 3088 975 3146 Unde
989 3087 1189 3163 quodcumque

142 3173 318 3247 sitlitigium,
330 3171 463 3246 quolorte
473 3170 649 3244 discrepent;
667 3176 768 3245 patens
777 3171 837 3232 vita
850 3187 963 3248 semper
973 3189 1091 3232 manere
1106 3171 1190 3232 debet

143 3259 179 3317 ad
192 3258 273 3317 litem
286 3256 403 3332 pacifice
414 3255 610 3316 mmeadan
625 3261 711 3329 atque
720 3256 757 3316 ad
770 3262 897 3318 veterem
910 3258 1103 3318 renovandam
1118 3257 1189 3316 ami-

143 3343 248 3404 citiam.
264 3341 385 3416 Utraque
396 3347 490 3400 autem
505 3341 578 3400 ratio
593 3339 753 3402 luculenter
768 3343 873 3401 evincit
881 3343 927 3402 ius
936 3342 1068 3402 mittendi
1078 3342 1185 3416 legatas

143 3434 193 3490 aut
205 3427 412 3500 internuncios,
430 3431 493 3487 lum
510 3427 638 3487 olticium
655 3443 705 3487 eos
721 3427 889 3488 admittendi
905 3442 938 3487 ac
953 3427 1190 3502 postulationibus

144 3514 321 3576 auscultandi
335 3527 406 3587 quas
420 3513 462 3572 illi
473 3514 615 3574 deterunt.
628 3513 700 3572 llam
713 3515 762 3588 qui
772 3515 818 3574 ius
828 3514 916 3573 habet
925 3520 974 3573 eut
983 3515 1110 3574 officium
1121 3513 1190 3573 obti-

143 3599 229 3659 nendi
244 3599 340 3671 linem,
356 3599 401 3657 ius
411 3598 496 3656 etiam
511 3597 596 3657 habet
610 3598 765 3660 adhibendi
775 3600 870 3659 media
883 3614 957 3673 quae
971 3598 1110 3658 adfinem
1119 3614 1186 3658 con·

144 3684 320 3760 sequendum
330 3682 577 3742 suntnecessaria.
596 3681 656 3742 lam
668 3683 874 3744 assonationes
884 3697 1039 3757 earumque
1053 3689 1187 3758 rectores,

144 3787 212 3831 cum
221 3769 360 3830 eiusmodi
369 3767 640 3828 communicationes
648 3767 813 3836 immediate
827 3784 878 3842 per
889 3783 920 3828 se
935 3783 1069 3828 exercere
1083 3785 1189 3844 neque

145 3867 203 3929 ant,
215 3855 324 3929 aliquos
337 3853 581 3926 seligantnecesse
589 3857 632 3910 est
641 3859 720 3912 catos
731 3853 907 3928 scientesque
917 3853 1002 3925 uiros,
1015 3853 1120 3928 quibus
1130 3860 1189 3914 tan

146 3945 207 3998 tum
216 3938 346 4012 delegant
355 3952 475 4010 munus,
491 3935 540 4010 qui
550 3935 669 4012 proinde
686 3937 860 4000 administti
875 3942 925 3998 aut
938 3937 1028 4012 boati
1038 3940 1189 4003 satiarer·
