2767 4492
398 327 472 370 anns
486 327 838 375 annena-mumonoem
1091 313 1141 372 roa

95 410 311 470 convolvuntur.
326 409 453 483 Denique
469 409 634 468 eorumdem
648 413 777 469 anaema
785 409 927 470 soliditate
936 423 996 468 non
1005 408 1139 483 gaudent,

96 495 238 570 siquidem
248 510 284 553 ex
298 510 356 553 une
371 497 451 567 parte
465 508 533 551 cum
547 492 634 565 pulpa
648 493 770 565 cerebri,
787 510 825 552 ex
840 492 898 552 alia
907 508 976 550 cum
989 493 1142 566 ipsaorga-

95 595 201 638 norum
215 578 333 638 materia
347 582 396 636 aut
420 582 533 636 textura
548 576 689 648 cellulari,
706 591 780 650 quac
803 577 892 636 fibras
905 577 1082 636 muscuiares
1101 576 1143 635 in·

97 663 194 737 volvit,
210 662 430 721 contunduntur.

133 747 185 806 iiii
199 747 285 821 igitur
299 746 501 820 congruentius
516 745 683 806 existimant
697 761 715 804 a
729 745 845 804 cerebro
860 744 981 803 fluidum
990 746 1142 819 quoddam,

99 832 175 905 quod
188 847 325 892 nerveum
340 831 499 904 nominant,
515 829 655 890 elaborari
670 830 706 888 ad
715 834 825 888 motum
834 829 1081 903 sensationemque
1095 847 1145 890 ex·

99 916 253 975 arcendam
272 917 303 974 in
325 916 440 988 organis
458 915 676 988 necessarium,
705 914 781 986 quod
797 912 918 987 proinde
937 913 994 972 huc
1014 929 1064 986 per
1083 930 1145 972 ner-

98 1015 168 1072 vos,
190 999 311 1058 internis
330 998 502 1072 quibusdam
516 999 669 1058 instructos
685 997 809 1069 tubulis,
832 997 1039 1056 transvehatur.
1058 998 1147 1070 Atque

99 1084 168 1142 binc
183 1084 328 1156 explicant
342 1098 393 1141 cur
408 1083 492 1142 sectis
506 1087 555 1141 aut
569 1081 740 1155 compressis
754 1080 850 1139 nervis
860 1085 909 1139 aut
918 1079 975 1139 alia
988 1081 1089 1154 quavis
1103 1096 1147 1138 ra-

100 1167 176 1226 tione
191 1167 343 1240 distractis,
360 1165 484 1227 sensatio
498 1165 709 1240 praepediatur.
725 1163 779 1222 dlii
789 1163 859 1222 alias
868 1163 1039 1237 hypotheses
1048 1164 1084 1222 ab
1094 1164 1148 1222 hec

98 1263 201 1325 parum
216 1251 383 1310 abludentes
397 1250 550 1322 inducunt,
567 1254 598 1306 ut
613 1247 735 1320 aetheris
749 1246 900 1305 cuiusdam
914 1248 1033 1320 clastici,
1050 1247 1148 1307 electri

98 1334 197 1393 biotici
212 1339 241 1393 et
256 1335 398 1405 animatis,
416 1334 542 1404 aliasque
553 1331 666 1404 generis
681 1330 819 1389 eiusdem.
836 1331 891 1389 Sed
901 1346 1096 1404 quaecumque
1105 1348 1150 1389 as-

100 1425 245 1488 sumatur,
261 1417 333 1474 ittud
348 1421 424 1474 certo
439 1419 568 1473 constat:
588 1413 740 1473 cerebrum
752 1413 1029 1486 influxumaliquem
1043 1415 1075 1471 in
1089 1430 1149 1472 sen·

101 1501 226 1560 sationes
241 1515 385 1571 exercere,
408 1499 528 1572 eiusque
542 1498 665 1556 liberum
679 1513 790 1556 nexum
805 1511 871 1555 cum
886 1498 1023 1556 censoriis
1037 1498 1072 1555 ad
1087 1513 1150 1556 sen·

103 1584 233 1643 tiendum
248 1583 370 1656 exquiri,
383 1581 470 1656 idque
481 1582 517 1640 ad
528 1580 653 1641 debitam
663 1581 763 1654 organi
773 1580 988 1653 dispositionem
998 1580 1150 1654 pertinere.

612 1750 645 1808 11.

254 1919 409 1987 Quodnam
427 1919 466 1978 sit
484 1919 627 1979 obicotrrm
644 1934 787 1978 sensumve
805 1927 1004 1980 cctcmwrmn.

141 2091 289 2149 Obiectum
302 2091 381 2148 visus
397 2094 440 2148 est
453 2090 524 2162 lux,
545 2093 705 2148 ceterorum
726 2090 811 2164 plane
834 2090 1113 2163 praestantissimum
1126 2097 1155 2150 et

103 2173 232 2231 maxime
247 2174 375 2231 omnium
390 2179 500 2246 patens.
520 2173 605 2232 Porro
622 2173 707 2232 buius
727 2174 801 2232 radii
819 2190 886 2232 cum
905 2191 921 2232 e
939 2175 1034 2234 medio
1046 2175 1161 2236 rariore.

105 2257 135 2315 in
153 2257 273 2328 spissIus
289 2257 463 2328 densiusque
478 2257 528 2314 sed
542 2256 716 2330 pellucidum
731 2259 938 2331 commigrant,
959 2259 996 2318 de
1013 2259 1060 2318 via
1073 2259 1154 2317 deiic-

106 2345 189 2398 ctont
204 2339 412 2411 aliquantulum
423 2355 475 2396 scu
486 2339 692 2410 instuctionem
707 2341 863 2424 patiuntur,
876 2349 960 2415 atque
970 2342 1075 2402 ideoin
1085 2341 1155 2399 moi·

106 2429 150 2482 tos
166 2421 311 2481 radiorum
330 2423 480 2482 fasciculos
502 2423 668 2482 dividuntur
688 2423 815 2484 diversos
838 2427 947 2486 colores
970 2426 1154 2494 obiicientes,

1 2559 2 2594 ἢ
107 2522 231 2580 qnorum
247 2521 359 2568 summa
374 2512 518 2581 spectrum
533 2508 624 2567 solare
640 2510 796 2568 constituit.
812 2511 921 2568 Atvero
931 2524 998 2586 cum
1011 2510 1042 2567 in
1055 2521 1158 2580 eorpus

1 2599 2 2604 ’
106 2605 231 2664 opacum
244 2590 425 2664 impingunt,
444 2593 558 2666 aequati
579 2608 635 2667 quo
658 2594 822 2653 ceciderunt
836 2594 940 2666 angulo
953 2593 1155 2664 reflectuntur,

107 2680 194 2748 atque
204 2675 254 2747 ita,
272 2680 304 2732 ut
317 2675 342 2734 si
357 2676 482 2748 perfecta
497 2678 636 2751 opacitate
652 2677 723 2736 illud
738 2680 776 2737 sit
784 2679 954 2752 praeditum,
971 2677 1098 2737 eiusdem
1113 2691 1157 2734 co-

107 2758 176 2816 loris
190 2758 288 2817 radius
303 2759 352 2832 qui
368 2759 512 2818 obiectum
526 2767 708 2834 percusserat
721 2763 757 2818 ad
773 2761 888 2818 oculum
897 2761 1034 2832 iaciatur3
1050 2761 1096 2818 sin
1110 2775 1159 2816 an-

108 2846 166 2898 tem
182 2857 274 2914 secus,
290 2859 358 2916 pars
373 2844 488 2916 quidem
503 2845 586 2916 lucie,
604 2859 690 2915 quam
707 2843 806 2901 radius
821 2842 953 2912 babebat,
971 2856 1087 2913 corpore
1101 2856 1160 2898 non

108 2925 237 3000 undique
257 2942 345 2998 opaco
368 2927 570 2998 absorbeatur,
588 2939 656 2998 pars
674 2939 742 2980 vero
756 2924 874 2981 resiliat.
894 2927 984 2995 btqnu
1001 2923 1070 2982 hinc
1084 2923 1116 2980 fit
1129 2928 1162 2980 111

107 3009 215 3067 diversi
230 3009 338 3066 colores
353 3013 509 3079 appareant
524 3008 555 3064 in
570 3005 746 3077 corporibus,
769 3006 818 3078 qui
834 3007 953 3079 proinde
967 3008 1003 3065 ad
1017 3007 1160 3066 obiectum

106 3093 190 3152 visus
212 3097 240 3148 et
262 3091 319 3162 ipsi
333 3090 485 3162 pertinent.
508 3090 620 3161 linquo
639 3088 724 3146 facile
744 3089 847 3148 deduci
865 3096 958 3165 potest
974 3093 1083 3151 colores
1096 3107 1159 3165 pro·

107 3175 173 3250 prie
190 3173 385 3246 completoque
400 3173 431 3230 in
445 3172 509 3230 luce
524 3171 653 3246 reperiri,
670 3171 854 3246 dispositione
863 3190 930 3234 vero
941 3177 1037 3249 aliqua
1046 3175 1162 3248 praevia

108 3257 142 3316 in
157 3253 333 3328 corporibus,
357 3257 497 3326 quatenus
511 3253 632 3310 certain
648 3251 706 3310 itlis
720 3252 789 3311 insit
805 3255 937 3327 qualitas,
954 3258 1065 3314 ratione
1080 3255 1162 3314 cuius

112 3343 162 3396 aut
177 3337 214 3395 ad
236 3341 323 3394 totam
342 3335 436 3394 lucem
457 3341 507 3396 aut
526 3335 562 3396 ad
580 3339 691 3410 partem
710 3336 773 3395 eius
794 3337 943 3396 dumtaxat
960 3338 1162 3396 reflectendam

112 3421 170 3480 sint
185 3421 296 3479 idonea.
318 3419 408 3487 Quare
424 3419 567 3478 obiectum
581 3420 730 3494 proprium
744 3422 824 3480 visus
838 3427 882 3481 cst
895 3422 947 3480 lux
961 3429 1030 3494 aut,
1054 3422 1079 3479 si
1094 3421 1163 3480 arri-

114 3506 171 3577 det,
192 3505 245 3564 111
259 3510 288 3564 et
302 3505 428 3576 colores;
451 3503 552 3563 harum
562 3520 630 3564 vero
645 3521 742 3566 rerum
757 3507 879 3566 duarum
894 3505 1067 3565 adminicuto
1081 3506 1163 3565 attin·

113 3594 221 3662 guntur
236 3601 354 3663 corpora
369 3589 463 3663 quoad
477 3589 683 3662 extensionem,
701 3591 833 3664 figuram,
853 3591 958 3664 situm,
979 3590 1160 3665 distantiam,

114 3679 226 3732 motum
237 3680 291 3734 etc.
309 3675 427 3733 Auditos
438 3674 549 3734 obiecta
564 3681 630 3734 sunt
645 3675 708 3734 soni
718 3690 824 3750 magna
839 3676 955 3749 quidem
966 3675 1101 3734 varietate
1111 3676 1163 3736 dif-

116 3757 241 3816 ferentes
255 3757 330 3816 inter
344 3775 384 3825 se,
405 3760 455 3817 sed
470 3760 520 3833 qui
534 3760 565 3818 in
579 3775 670 3834 genus
685 3759 764 3819 aliud
778 3775 835 3820 non
849 3765 996 3820 mutantur
1009 3775 1063 3820 nec
1077 3761 1162 3820 ratio·

114 3856 152 3903 ne
168 3841 212 3902 sui
228 3841 371 3902 obiectum
391 3843 535 3906 diuersum
558 3844 654 3908 sensui
674 3847 896 3918 repraesentant.
919 3843 1163 3920 Quemadmodum
