2767 4492
493 365 569 416 nans
585 365 703 416 acram
790 293 795 306 .
1071 347 1124 412 tot

84 450 154 513 tium
168 453 243 514 sumi
257 452 352 514 debet.
369 452 420 514 Sin
430 465 498 513 vero
512 453 655 514 obiectam
668 452 761 512 ideale
773 450 955 526 proponitur,
971 457 1010 510 ex
1023 449 1127 512 intelli·

81 539 175 612 genua
188 545 218 600 et
230 540 344 600 rationo
357 538 511 615 explicatio
525 539 691 598 deducatur.

112 623 164 684 ill.
180 624 349 701 Principio,
369 641 447 700 puae
458 623 499 683 ud
510 623 773 684 considerationem
788 622 956 683 iuuandum
972 637 1124 682 otomanus-

80 717 135 782 tnr,
148 709 261 769 &meu
275 710 336 769 stot
349 717 375 769 ot
391 717 480 780 msto,
491 707 618 785 proinde
625 705 671 768 uei
680 722 736 784 per
753 723 782 766 ro
795 707 941 768 mtdeotio
953 721 1011 768 esso
1024 707 1125 768 uatem

76 794 118 852 aet
128 795 198 854 iam
216 802 308 854 outeo
321 795 466 854 euidenter
486 795 698 854 demorntrata.
714 793 789 852 llaec
802 795 879 853 enlm
893 799 961 854 sunt
975 794 1063 854 veluti
1082 795 1125 854 la·

75 892 128 951 cea,
146 894 226 952 quae
241 879 279 938 ad
288 879 432 938 obiectum
444 879 647 940 illustrandum
661 877 842 952 adhibentur,
856 883 885 938 et
898 877 1006 954 qulbus
1019 878 1124 938 menis

74 963 152 1021 acies
171 963 206 1021 in
220 963 354 1022 intimam
373 964 416 1023 rei
429 969 563 1024 naturam
576 968 724 1039 penetrat,
747 966 796 1020 aut
810 977 844 1021 ea
857 963 976 1038 detegit,
993 977 1068 1040 quaa
1081 978 1126 1024 re·

71 1051 155 1106 mota
172 1046 236 1105 sint
250 1047 378 1122 quidem,
393 1049 443 1110 sed
456 1063 525 1110 cum
538 1063 571 1108 re
583 1047 728 1123 praesenti
741 1045 843 1108 intima
857 1061 997 1109 connexa.

494 1213 664 1270 laureanus
683 1211 717 1270 ll.

387 1378 428 1436 De
442 1377 625 1436 dubitatione
639 1377 825 1438 cariatone.

107 1547 158 1607 ut.
177 1546 325 1608 carterius
345 1544 572 1605 ponderandam
594 1545 704 1619 putavit
722 1545 758 1605 ad
778 1544 988 1620 philosophiam
1002 1546 1131 1608 eamdem

72 1631 262 1705 methodum,
284 1647 343 1705 qua
356 1631 546 1690 Protastantea
560 1628 714 1690 utebantur
727 1629 758 1689 in
773 1629 921 1704 religione.
938 1631 972 1690 lli
986 1631 1133 1692 hominem

74 1716 265 1775 individuum
279 1715 458 1774 ahadihorm
472 1713 566 1773 omnis
580 1720 727 1774 anteactae
738 1715 849 1788 aetatis,
865 1719 894 1774 et
909 1715 1003 1779 allide
1017 1717 1132 1777 nniver-

75 1801 144 1860 ealis
153 1801 300 1861 Ecclesiae
310 1801 512 1873 seiunxerunt,
523 1800 607 1874 eique
616 1800 648 1860 in
657 1800 773 1875 propria
782 1801 982 1876 personalitate
997 1803 1131 1862 concluso

76 1899 188 1944 sacram
208 1885 387 1960 scripturam
405 1890 518 1944 tantum
542 1884 734 1960 reliquerunt,
754 1902 792 1945 ex
811 1901 869 1961 qua
891 1901 977 1947 sensu
1002 1887 1131 1962 privatos

76 1983 144 2029 suae
158 1971 284 2032 radonis
303 1970 417 2044 singula
429 1968 563 2044 dogmata
577 1971 701 2030 eiceret.

109 2055 265 2117 mnaimili
283 2063 366 2132 pacto
381 2071 530 2130 segerens
548 2055 688 2116 cortesius
703 2071 756 2116 nos
770 2071 823 2132 per
837 2057 956 2118 dubium
970 2059 1131 2120 universale

77 2154 94 2198 a
109 2141 319 2200 circumstante
340 2141 517 2200 humanitate
541 2142 698 2215 separavit,
719 2147 748 2200 et
765 2143 868 2216 cuique
883 2143 972 2203 solam
987 2145 1132 2205 conscien-

76 2227 146 2284 tiam
161 2227 320 2300 concessit,
332 2243 369 2286 ea
384 2243 442 2303 qua
455 2242 508 2303 ope
518 2227 705 2287 individualis
715 2226 873 2288 evidentiae
888 2229 991 2289 iterum
1001 2229 1131 2290 omnium

78 2311 280 2386 cognitionum
295 2327 413 2371 suarum
427 2318 553 2387 systema
565 2317 717 2372 renovarat
733 2314 757 2370 t,
773 2311 817 2372 hit
830 2313 909 2373 enim
923 2314 960 2372 ad
969 2313 1131 2373 aedilicium

34 2402 37 2408 “
74 2395 277 2472 philosophiae
291 2397 430 2470 innubis,
446 2396 565 2457 remotis
577 2397 732 2470 erroribus,
749 2398 947 2470 excitandum,
958 2397 1031 2456 nihil
1041 2396 1132 2456 satius

77 2481 223 2553 conlatae,
239 2495 327 2554 uuam
337 2481 362 2540 si
372 2481 461 2540 semel
475 2481 505 2540 iu
520 2481 580 2541 vita
590 2480 625 2542 de
635 2481 770 2542 omnihus
779 2483 897 2543 omniuo
912 2481 948 2540 ad
960 2489 1071 2555 tempus
1080 2479 1132 2538 du-

76 2563 214 2640 bitemus,
237 2580 295 2625 non
309 2566 395 2624 modo
417 2565 453 2625 de
467 2565 504 2626 iis
518 2579 594 2640 quae
616 2581 720 2625 sensus
735 2571 766 2625 et
777 2565 918 2624 memoria
932 2563 1130 2640 suppeditant,

77 2664 176 2710 vemm
191 2653 285 2712 etiam
300 2652 336 2710 de
351 2651 388 2711 iis
407 2666 480 2726 quae
498 2651 687 2726 intelligentia
702 2651 816 2711 stratio
829 2650 984 2726 praebent,
1001 2663 1130 2726 quaeque

78 2739 125 2792 aut
137 2737 238 2810 prima
252 2735 372 2795 audiunt
381 2736 537 2810 principia,
553 2742 603 2795 aut
611 2735 757 2796 ratiocinii
774 2735 916 2795 illationes
930 2741 1005 2808 sunt,
1017 2733 1131 2794 etiarnsi

78 2819 283 2880 mathematica
297 2820 425 2893 fulgeant
445 2820 600 2878 evidentia.
622 2819 654 2878 ld
668 2833 736 2877 vero
754 2819 806 2876 ubi
820 2819 934 2876 animus
949 2819 1057 2888 iecerit,
1073 2817 1132 2874 levi

78 2909 175 2974 postea
188 2905 308 2977 negotio
322 2919 360 2962 ex
368 2904 424 2963 hoc
433 2903 612 2963 tenebricoso
626 2915 742 2959 carcere
756 2905 892 2971 emerget,
908 2899 933 2956 si
943 2899 979 2956 ad
989 2899 1134 2956 conscicn-

79 2986 148 3045 tiam
167 3004 201 3047 se
215 2991 374 3045 convertat.
390 2987 431 3042 llb
452 2987 508 3042 hau
531 2984 610 3040 enim
631 2987 764 3038 monetur
788 2979 963 3039 redamare
978 2985 1039 3052 aut,
1057 2978 1134 3054 quod

78 3068 158 3127 idem
173 3074 235 3139 est,
255 3081 287 3124 se
301 3067 439 3140 cogitare,
457 3064 601 3134 simulque
611 3061 749 3135 perspicit
761 3075 820 3120 noa
834 3076 917 3136 possa
931 3077 1012 3136 eum,
1029 3063 1078 3138 qui
1087 3077 1133 3122 co

18 3173 25 3182 ’·
78 3154 160 3226 gitat,
178 3165 240 3211 non
253 3149 387 3208 existere.
403 3148 476 3207 ilinc
490 3150 608 3206 ventum
621 3145 676 3206 erit
689 3145 726 3206 ad
739 3146 942 3206 inconcussum
954 3147 1039 3222 illud3
1056 3147 1132 3224 cogi·

82 3244 125 3310 to,
137 3251 209 3312 ergo
227 3249 313 3308 saum
332 3249 370 3293 ex
384 3248 441 3308 quo
455 3231 539 3308 quasi
553 3247 590 3291 err
604 3233 714 3294 semine
728 3233 951 3294 foecundissimo
964 3232 1058 3294 omnis
1072 3248 1132 3294 cer-

82 3321 213 3381 titudinis
227 3336 309 3395 eeges
318 3320 463 3380 educetur.
479 3318 585 3378 Educta
595 3318 672 3379 euim
686 3319 753 3380 inde
764 3333 887 3380 maone:
899 3319 1048 3395 quidemst
1062 3335 1129 3380 ooo·

85 3403 196 3465 sinetur
214 3407 249 3466 io
262 3405 331 3472 idea
343 3405 429 3466 stura
445 3413 473 3464 et
487 3404 627 3465 distinctu
641 3419 747 3465 uorum
761 3413 810 3474 est,
829 3405 862 3464 in
875 3403 925 3464 liei
939 3403 1089 3464 existentis
1103 3409 1133 3465 et
1191 3436 1195 3444 -

84 3491 193 3550 veracis
202 3491 333 3551 notitiam
342 3491 476 3551 devenire
485 3490 569 3550 tacite
578 3491 641 3550 erit.
652 3491 723 3552 Nam
733 3490 842 3550 conscit
850 3489 964 3558 animus
974 3505 1006 3549 se
1015 3489 1124 3550 habere

85 3569 178 3632 ideam
191 3575 270 3635 lintis
283 3575 492 3650 perlectisdmi,
504 3576 554 3651 qui
563 3576 683 3652 proinde
698 3576 851 3636 existentia
860 3580 889 3634 et
898 3575 1052 3636 veracitate
1061 3589 1131 3650 gau·

88 3653 142 3717 det.
158 3659 228 3720 Cum
240 3675 309 3728 vero
323 3661 377 3722 huo
391 3661 448 3721 lias
462 3661 549 3722 inerit
562 3666 661 3722 auctor
674 3667 788 3722 noehae
801 3659 1020 3736 intelligentiae,
1033 3673 1131 3722 conse·

133 3837 145 3883 t
162 3841 217 3893 lida
231 3846 586 3910 Priampimatml’ltlmophioo
600 3847 685 3912 primae
698 3847 767 3914 partis
783 3845 881 3914 initum,
893 3851 940 3898 tum
953 3849 1048 3914 primam
1063 3852 1085 3896 et
1100 3857 1134 3905 aas

89 3912 181 3970 mim
196 3921 243 3970 olas
258 3921 439 3971 meditatuum.
