2767 4492
540 275 613 319 runs
631 275 724 319 rurus
1119 264 1153 321 st

90 365 195 418 tamen
215 358 361 418 iudicium
383 358 528 432 proterat;
552 363 702 432 propterea
724 358 800 434 quod
817 358 933 420 illamm
957 373 1069 420 nexum
1095 376 1153 421 non

90 443 299 517 deprehendit.
700 467 703 475 ·

127 527 264 585 stantun
279 527 309 586 in
325 542 382 601 quo
397 527 535 588 indicium
550 545 600 588 san
615 529 720 589 mentis
734 529 868 590 assensus
881 530 927 590 vel
941 531 1089 591 dissensus
1109 535 1154 590 cst

86 611 229 684 positus?
246 612 386 685 Equidem
402 613 535 673 existimo
549 615 645 688 ipsum
660 613 701 673 nil
715 629 778 674 csse
792 615 878 688 aliud,
900 615 958 675 nisi
977 615 1152 690 perspicien-

87 695 159 754 tiam
175 697 228 755 vel
244 696 384 756 intuitum
408 699 624 758 convenientiae
638 708 688 758 aut
702 699 914 773 discrepantiae
925 700 1065 773 idearum,
1077 715 1152 774 qnae
1235 777 1238 781 ⁷

84 787 314 854 comparantur.
331 783 408 841 lleus
422 783 500 842 enim
515 783 620 858 triplici
634 784 720 843 modo
735 799 765 844 se
775 785 881 845 habere
892 791 994 861 potest,
1005 786 1152 846 cumduaa

81 864 170 924 ideas
187 865 415 942 contemplatur,
430 867 569 927 nimirum
585 876 635 928 aut
647 868 785 944 perspicit
798 885 847 930 eas
857 870 1149 944 interseoongruere,

80 955 135 1006 aut
151 951 302 1024 perspicit
315 967 363 1009 eas
376 951 451 1011 inter
466 968 496 1012 se
511 953 658 1028 dissidere,
679 961 730 1014 ant
743 961 882 1014 neutrum
895 955 1042 1030 perspicit.
1059 954 1088 1013 st
1097 955 1152 1014 hoc

84 1033 219 1092 tertium
236 1036 379 1111 acciderit,
393 1042 461 1096 tunc
481 1038 574 1098 adhuc
589 1040 619 1098 in
634 1039 760 1114 simplici
779 1039 1004 1114 apprehensione
1023 1037 1152 1098 versabi-

82 1124 143 1191 tur3
164 1118 217 1178 sin
236 1121 360 1195 primum
374 1123 420 1182 vel
435 1124 567 1196 altanum,
584 1129 651 1183 nruc
665 1123 737 1182 illud
752 1124 847 1197 ipsum
856 1125 911 1184 erit
920 1125 1067 1182 indicium.
1080 1124 1151 1182 llam

81 1205 248 1279 perceptio
261 1207 355 1266 omnis
378 1207 466 1266 veluti
483 1207 626 1280 quaedam
640 1208 726 1267 dictio
740 1207 911 1281 mentisest,
928 1225 985 1282 qua
1002 1223 1085 1268 mens
1108 1206 1149 1279 id,

79 1287 164 1361 quod
181 1291 321 1364 percipit,
338 1291 470 1350 idealiter
483 1290 539 1348 sibi
555 1289 700 1363 exprimit.
724 1291 845 1350 Proinde
865 1293 944 1352 idern
966 1299 1010 1352 est
1033 1305 1151 1367 prorsus
1226 1367 1231 1377 ἱ

76 1374 251 1448 percipere
261 1373 381 1447 aliquid,
398 1379 484 1446 atque
500 1373 531 1430 id
544 1372 641 1446 ipsum
653 1373 741 1432 verbo
751 1374 856 1433 mentis
870 1391 1008 1435 asserere.
1020 1375 1078 1433 Hoc
1089 1375 1152 1448 ipso

77 1457 182 1529 igitur
212 1457 293 1530 qnod
306 1471 390 1515 mens
405 1455 633 1516 convenientiam
648 1458 693 1516 vel
708 1457 931 1533 discrepantiam
946 1459 1076 1516 idearum
1089 1473 1153 1531 per·

79 1541 188 1614 spicit,
213 1555 280 1599 eam
297 1540 353 1600 sihi
368 1539 479 1599 assent:
494 1555 567 1614 qnae
582 1541 701 1601 assertio
714 1542 792 1600 idem
807 1547 850 1601 est
864 1549 950 1617 atque
961 1557 1094 1602 assensus
1106 1541 1153 1600 vel

81 1625 258 1684 dissensus.
275 1625 306 1684 ln
320 1625 473 1684 intuitione
482 1625 569 1698 igitur
579 1626 794 1686 convenientiae
805 1627 850 1686 vel
860 1625 1068 1701 discrepantiae
1077 1625 1151 1685 idea·

81 1723 155 1768 rum
171 1710 285 1769 mentis
300 1725 434 1770 assensus
447 1709 493 1768 vel
508 1708 665 1788 dissensus,
682 1727 734 1771 seu
754 1711 895 1772 iudicium
910 1713 973 1771 inre
991 1713 1106 1786 ponitur
1124 1712 1147 1768 t,

121 1796 188 1862 Qua
202 1795 237 1853 in
251 1810 284 1855 rc
298 1795 511 1854 hallucinantur
529 1795 827 1870 storchenaualiique,
840 1796 890 1870 qui
900 1797 1076 1856 contendunt
1086 1813 1149 1872 per·

82 1879 258 2021 ccpg'onem
273 1880 414 1939 eiusmodi
434 1879 572 1954 distingui
586 1895 603 1938 a
616 1880 723 1940 indicio
743 1881 856 1956 ipsique
879 1880 992 1957 praeire
1008 1883 1032 1939 ².
1058 1882 1092 1940 lit
1114 1883 1145 1943 hi

82 1963 131 2021 evi
153 1969 241 2023 enter
257 1963 289 2023 in
303 1963 443 2024 circulum
457 1965 591 2023 vitiosum
604 1965 728 2024 irruunt.
745 1966 816 2025 llam
832 1965 972 2025 indicium
990 1971 1070 2025 actus
1084 1968 1146 2041 qui-

84 2048 156 2107 dam
173 2049 369 2123 cognoscendi
380 2043 432 2109 est‘.
445 2049 553 2118 Quaem
561 2048 649 2123 igitur
659 2065 697 2108 cx
706 2050 778 2125 ipsis
792 2049 861 2124 quid
869 2051 1041 2125 proprieper
1050 2057 1147 2110 actnm

86 2132 240 2192 eiusmodi
255 2127 461 2207 cognoscatur?
475 2134 535 2193 Non
550 2134 627 2193 aliud
641 2149 780 2208 reponere
793 2139 923 2209 possunt,
949 2134 1006 2193 nisi
1029 2149 1145 2194 concor-

84 2216 171 2277 diam
188 2224 244 2277 aut
257 2219 477 2292 repugnantiam
494 2217 634 2277 ideamm.
651 2219 721 2278 llam
732 2225 844 2293 praeter
857 2219 932 2278 hanc
945 2225 974 2278 ct
983 2218 1060 2294 ipsas
1068 2220 1148 2279 ideas

83 2302 469 2375 quaeconteruutnr‚nil1il
488 2307 531 2361 est
549 2302 674 2376 tertium,
691 2304 768 2377 quod
785 2303 926 2378 assignari
950 2304 1048 2377 possit.
1072 2305 1144 2377 lingo

84 2384 250 2454 iudicium,
268 2401 318 2444 seu
332 2387 413 2445 iuxta
430 2387 505 2460 ipsos
515 2387 621 2446 mentis
637 2403 770 2448 assensus
784 2388 830 2448 vel
852 2389 1009 2461 dissensus,
1030 2382 1147 2447 nonnisi

84 2468 119 2528 in
138 2470 351 2545 perspicientia
372 2471 586 2532 convenientiae
607 2471 653 2532 vel
677 2473 886 2548 discrepantiae
910 2472 1041 2532 idearum
1062 2471 1144 2532 collo

84 2559 182 2615 catur.

124 2641 239 2709 Quibus
254 2643 391 2718 expositis
406 2643 574 2718 intelligitur
589 2643 658 2718 qttid
671 2642 790 2704 notitiae
803 2659 856 2719 per
870 2644 1010 2705 iudicium
1026 2643 1147 2704 addatur

88 2725 220 2801 simplici
236 2728 467 2802 apprehensioni.
483 2728 601 2789 Additur
615 2727 755 2788 nimimm
769 2728 883 2788 intutitio
892 2745 1006 2803 pugnae
1020 2728 1065 2788 vel
1080 2743 1147 2788 con-

87 2813 256 2872 venientiae
269 2812 401 2872 idearum
412 2827 485 2886 quae
499 2817 712 2886 comparantur,
731 2827 799 2870 cum
818 2818 902 2870 antea
919 2811 1148 2887 apprehensione

88 2895 219 2970 simplici
234 2897 351 2956 nonnisi
365 2895 566 2969 contemplatio
581 2895 641 2952 sola
655 2895 823 2952 earumdem
837 2896 1039 2952 contueretur.

136 3065 147 3108 l
167 3065 197 3110 In
213 3063 271 3110 hano
285 3063 417 3109 sententiam
432 3061 495 3107 valdo
510 3059 633 3122 propendet
646 3057 741 3122 Balnea,
752 3058 791 3105 ubi
806 3060 848 3106 ait:
868 3081 876 3100 ι
890 3060 909 3106 ΙΙ
923 3060 1018 3124 gindizio
1028 3063 1041 3107 t
1050 3060 1071 3108 la
1082 3067 1150 3108 stessi

90 3159 98 3177 a
117 3139 253 3200 peractione
267 3137 325 3183 dalla
340 3135 440 3182 identiti.
458 3135 506 3182 Non
522 3149 578 3194 nego
593 3133 633 3180 che
651 3134 675 3180 in
695 3134 729 3181 eit
748 3134 788 3181 eho
802 3134 932 3183 chiamiamo
947 3151 1036 3184 muso
1050 3136 1099 3183 ervi
1112 3135 1147 3183 al·

91 3233 99 3250 ·
117 3230 176 3262 eune
191 3213 252 3262 volte
266 3212 332 3259 alcun
348 3210 389 3258 cho
408 3211 431 3256 di
449 3211 489 3274 piri
509 3209 566 3256 dolia
584 3208 687 3272 semplioe
705 3213 831 3274 perceaiono
847 3211 904 3258 della
923 3211 1035 3275 identiti5
1051 3227 1086 3258 ma
1100 3229 1144 3259 non

91 3311 99 3326 ·
117 3290 256 3354 comprendo
272 3305 346 3352 come,
363 3287 384 3336 cl
398 3286 486 3336 vederla
500 3286 688 3351 evidentemeuto,
705 3287 792 3334 abbiam
808 3288 900 3350 bisogno
914 3288 937 3334 di
952 3287 1043 3350 qualche
1057 3304 1107 3337 cosa
1122 3290 1145 3337 di

93 3385 101 3402 ι
119 3366 159 3426 piis
175 3384 215 3430 per
230 3365 387 3413 accensentire.
405 3364 443 3410 Gid
457 3363 498 3411 cha
513 3363 618 3410 chiamasi
635 3379 732 3426 msenso,
748 3363 851 3410 adesiono
866 3364 918 3410 dell'
929 3363 1045 3428 iubilatio,
1057 3364 1144 3411 sembra

94 3459 101 3478 ι
119 3457 192 3490 essere
208 3458 253 3490 una
268 3444 340 3505 specie
355 3442 377 3488 di
392 3441 514 3504 metaiors3
533 3457 593 3487 come
607 3456 631 3486 se
648 3441 664 3486 l’
674 3441 782 3487 intelletto
796 3442 815 3486 si
831 3446 965 3504 attarmse,
982 3442 1001 3487 si
1015 3443 1090 3489 unisse
1104 3441 1146 3487 alla

94 3534 102 3554 ι
118 3518 187 3566 veriti
200 3555 206 3582 ,
223 3519 311 3581 quando
326 3533 373 3564 essa
389 3533 412 3565 se
427 3518 456 3578 gli
471 3523 580 3580 presente.
599 3518 634 3564 illa
653 3518 677 3563 in
696 3517 764 3563 londo
778 3517 855 3563 tutin
868 3519 936 3565 molto
950 3517 991 3564 elie
1006 3519 1094 3564 intorno
1108 3517 1144 3564 el-

95 3607 102 3627 ·
122 3590 239 3642 l'evidonle
253 3596 308 3644 sinti
323 3594 377 3641 altra
392 3610 442 3641 cosa
456 3594 496 3640 cho
511 3594 638 3656 perceaione
657 3592 715 3640 della
734 3593 834 3640 identitt.
851 3615 859 3636 ι
879 3596 977 3655 Filosol.
997 3595 1142 3655 [ondam.

95 3667 137 3710 rol.
154 3671 178 3734 2,
194 3672 234 3718 lib.
252 3673 275 3736 5,
291 3687 339 3734 erp.
358 3673 381 3717 5.
397 3671 490 3718 Tradaz.
508 3669 543 3717 dol
558 3671 582 3716 P.
597 3671 679 3718 Fsioco.

140 3745 155 3790 2
170 3750 223 3808 top.
240 3765 262 3810 p.
280 3748 298 3811 1,
315 3764 334 3794 o.
353 3749 375 3794 8.
601 3767 604 3772 ¹
