2767 4492
247 367 298 427 tto
692 381 854 427 naumaura

244 470 302 523 tem
314 465 349 524 ad
358 466 447 527 altera
459 469 525 525 rota
543 466 710 526 transeundi
725 466 895 539 coniugibus
909 466 1004 528 iaciat.
1021 468 1071 531 His
1085 468 1242 545 praetactis,
1255 470 1290 531 ad

243 552 437 623 quaestionem
454 553 659 612 euricleaudam
670 551 841 610 accedimus.
1382 596 1383 601 η

182 632 188 642 ’
282 635 341 694 lto.
356 638 495 711 Principio
510 638 610 711 itaque
625 645 733 695 certum
746 639 1012 705 estmatrimnnium
1023 656 1114 713 perse
1125 646 1288 715 spectatum,
1382 634 1383 637 '

244 723 318 795 quod
329 722 388 796 ipse
403 723 535 781 concedit
548 724 665 795 illucue,
684 724 858 780 voluntatem
873 730 1023 797 perpetuae
1035 726 1148 783 unionis
1163 726 1192 783 in
1208 742 1288 799 spou-

244 808 285 865 sis
297 808 459 881 subaudire,
476 824 529 866 nec
544 810 572 866 vi
588 824 658 867 suae
677 812 796 865 naturae
811 822 939 881 unquam
953 810 1095 883 abrumpi.
1112 811 1142 869 ld
1157 811 1233 869 euim
1243 828 1288 869 ex-

244 893 427 965 malitiaam,
444 909 500 967 quo
510 894 545 951 ad
562 894 635 950 banc
649 893 812 951 societatem
827 892 980 951 ineundam
998 894 1128 953 homines
1142 896 1289 969 impelluu

245 980 300 1048 tor,
316 984 345 1035 et
359 976 420 1050 ipsa
431 978 492 1036 eius
509 978 617 1036 indoles
630 976 802 1047 manifestat,
820 992 884 1034 ctam
899 978 1038 1035 adunam
1050 979 1136 1037 veluti
1161 995 1291 1053 persona·

147 1090 154 1102 ι
244 1059 354 1119 litatem
363 1078 400 1120 ex
416 1063 528 1120 duabus
546 1063 726 1119 conflandum
744 1062 847 1119 tendat.
865 1061 1055 1122 Nihilominus
1070 1066 1232 1134 contingere
1246 1082 1291 1139 po

244 1148 588 1218 teruntcircumstantiae,
609 1162 682 1219 quae
697 1146 895 1216 imperiectum
914 1147 1066 1206 divortium
1089 1150 1236 1222 suadeant,
1252 1158 1290 1208 at-

243 1245 300 1303 que
314 1247 331 1289 a
345 1232 552 1290 cohabitatione
574 1229 708 1301 eouirrges
730 1232 856 1303 separari
873 1232 989 1289 iubeant
1006 1232 1048 1289 rel
1069 1234 1242 1305 permittant.
1263 1234 1290 1293 Si

244 1316 322 1373 euim
337 1319 421 1390 (uuod
441 1334 476 1375 ne
501 1316 610 1375 accidat
625 1316 702 1373 omni
720 1330 787 1373 cura
813 1318 973 1374 carendum
999 1319 1050 1391 eet)
1076 1326 1192 1377 mutuus
1214 1335 1291 1377 amor

245 1416 302 1458 nou
318 1404 401 1460 modo
414 1404 597 1471 defervescat,
616 1402 664 1459 sed
680 1403 711 1458 in
729 1400 826 1458 ollium
842 1406 1033 1474 convertatur,
1058 1402 1097 1459 ita
1110 1408 1143 1461 ut
1158 1406 1290 1477 tmrtquil-

246 1484 310 1543 litas
325 1488 399 1545 vitae
411 1494 439 1544 et
456 1488 576 1561 pacifica
590 1488 692 1543 (lomus
706 1485 879 1557 gubernatio
895 1485 996 1544 baberi
1017 1486 1140 1560 amplius
1160 1494 1290 1561 nequeat,

245 1572 289 1627 vel
310 1572 387 1628 aliud
411 1573 504 1629 simile
526 1572 672 1643 contingat
692 1586 777 1642 scopo
803 1570 948 1642 couinngii
972 1571 1088 1628 omnino
1112 1587 1289 1645 repuguaus;
1382 1610 1383 1621 t

246 1660 321 1711 certe
336 1670 393 1714 riou
407 1657 490 1714 niodo
507 1656 582 1713 licita
596 1663 646 1712 sed
663 1654 812 1713 lairdabilis
827 1655 889 1724 terit,
915 1655 1003 1711 immo
1019 1656 1188 1729 qtrandoque
1206 1658 1291 1715 etiam

246 1742 413 1813 necessaria,
430 1741 583 1812 coniugum
593 1740 742 1811 separatio.
760 1740 865 1796 Pariter
880 1739 903 1796 si
929 1739 1081 1813 coniugum
1106 1740 1241 1799 alteruter
1264 1742 1292 1799 fi·

246 1822 311 1880 dem
330 1826 503 1883 matrimonii
520 1826 604 1883 riolct
619 1831 668 1882 aut
685 1840 817 1898 perversa
836 1825 903 1897 luga
913 1824 1023 1882 socium
1038 1825 1159 1897 deserat,
1177 1827 1291 1899 velgra·

247 1910 318 1963 riter
334 1910 466 1980 direxet3
484 1910 529 1967 ius
540 1910 620 1967 alteri
632 1911 685 1967 erit
705 1914 855 1967 ottocento
871 1909 1015 1967 discedere
1031 1910 1066 1967 ad
1082 1926 1111 1968 se
1127 1910 1234 1968 iniusta
1247 1928 1293 1985 op·

246 1994 389 2066 pressione
405 1994 584 2052 liberandum
599 2000 649 2052 aut
664 1995 780 2053 alterius
796 1994 892 2052 scelus
908 1994 956 2053 tali
975 1996 1151 2068 separatione
1177 1998 1294 2070 punien-
1381 2046 1383 2062 A

248 2080 328 2135 (illul.
340 2079 370 2136 ld
386 2083 483 2136 tamen
499 2079 592 2152 quoad
617 2078 855 2137 cohabitationem
875 2082 983 2135 tantum
998 2078 1215 2151 intelligendum
1242 2088 1293 2153 est3

246 2162 300 2220 boc
315 2163 390 2219 enim
407 2163 560 2221 sullicitad
575 2164 683 2221 malum
703 2164 773 2221 illud
788 2163 984 2235 avertendum,
1012 2176 1065 2221 nec
1091 2164 1170 2221 aliud
1195 2178 1296 2223 revera

246 2247 367 2321 proluut
382 2249 514 2314 rationes,
531 2264 604 2322 quae
620 2264 637 2305 a
652 2247 849 2306 defensoribus
865 2248 978 2305 divortii
994 2248 1168 2307 atteruntur.

285 2331 345 2390 131.
362 2334 394 2390 tlt
407 2333 499 2406 quoad
518 2333 670 2391 divortium
685 2333 853 2406 perlectum,
871 2333 901 2389 in
917 2348 976 2407 quo
990 2348 1049 2391 uon
1074 2334 1166 2391 solum
1182 2332 1298 2393 cohabi-

250 2418 315 2475 tatio
329 2426 519 2491 remorentur,
544 2419 594 2477 sed
615 2418 760 2475 vinculum
784 2418 878 2490 ipsum
903 2418 1030 2491 coniugii
1054 2425 1167 2491 percat3
1193 2420 1296 2491 negari

247 2519 303 2560 riou
325 2509 412 2577 potest
427 2504 453 2561 id
471 2519 487 2561 a
504 2504 673 2577 praelectione
689 2503 773 2560 liuius
789 2502 931 2560 societatis
956 2502 1071 2575 penitus
1084 2502 1209 2561 excludi.
1227 2504 1299 2562 Gon·

248 2589 304 2661 cipi
320 2589 397 2647 enim
411 2590 511 2662 nequit
533 2604 599 2645 sera
617 2588 712 2645 onitas
728 2586 843 2644 moralis
859 2590 980 2647 duarum
1004 2588 1242 2660 personalitatum
1265 2590 1298 2646 iu

247 2675 483 2747 unamintegram
502 2680 530 2730 et
543 2672 723 2745 completam,
741 2672 794 2729 uisi
810 2686 909 2728 earnm
930 2671 1041 2729 iunctio
1068 2673 1246 2745 perennitate
1271 2678 1300 2731 et
1382 2692 1383 2703 ³

249 2757 406 2817 constantia
422 2758 539 2815 minime
555 2758 700 2815 ‹lelectura
723 2756 853 2814 donetur.
873 2756 904 2813 Et
925 2772 997 2815 sarae
1013 2757 1072 2815 sola
1096 2757 1229 2830 cogitatio
1254 2757 1301 2815 rel

249 2844 371 2917 suspirio
386 2844 529 2917 appareas
538 2843 721 2914 obvcuttuae,
739 2858 796 2915 oua
811 2841 961 2913 coniugale
990 2842 1134 2900 rirtculum
1153 2842 1301 2901 resciuda-
1382 2832 1383 2911 l

250 2938 304 3001 tur,
325 2930 406 2986 valde
422 2928 594 2985 debilitatio
610 2927 781 2999 coniugibus
795 2942 922 2985 amorem
938 2926 966 2983 ill
977 2941 1037 2999 unt,
1059 2942 1120 3000 ouo
1139 2928 1302 2985 arctissime
1382 2998 1383 3005 ἵ

250 3013 340 3071 terreri
355 3013 476 3070 debent:
495 3028 548 3069 uec
563 3013 645 3069 facile
660 3014 718 3069 sint
735 3016 766 3069 ut
780 3011 874 3085 ipsise
890 3012 1074 3069 considerent
1085 3018 1231 3084 tamquam
1242 3027 1304 3069 una
1382 3014 1383 3023 ’

251 3099 308 3157 rita
323 3098 458 3168 rtreutes,
474 3098 660 3171 eiusdemque
674 3098 758 3155 sortis
768 3097 884 3155 oruriiuo
902 3097 1061 3170 participes.
1074 3097 1133 3163 Quo
1148 3097 1300 3155 enimeni-

250 3200 297 3240 mo
313 3198 377 3255 pars
392 3197 448 3239 una
463 3182 580 3239 alteram
596 3182 705 3240 adscire
719 3187 814 3255 posset
828 3182 864 3239 ed
877 3180 1175 3239 iutimamallectuum
1188 3196 1303 3239 rernm·

250 3284 305 3341 oric
319 3266 456 3338 oninium,
473 3282 544 3339 ortas
560 3268 691 3339 possidet,
717 3266 1019 3339 communicationem,
1043 3264 1098 3323 nisi
1121 3266 1200 3323 illam
1229 3273 1305 3323 taru-

204 3349 209 3366 '
250 3351 533 3427 qrramperpatooad
550 3350 1307 3424 sepertinentemcogitaret‘lllommuuicetioetiam
1382 3402 1383 3423 p

251 3430 351 3495 mutua
364 3436 510 3505 bonorum,
528 3435 557 3492 in
574 3436 627 3492 bac
652 3436 786 3493 societate
808 3440 958 3508 tantopere
978 3434 1123 3507 requisita,
1148 3434 1310 3492 labetacta-
1382 3434 1383 3463 ³

252 3528 306 3594 tur²
323 3520 390 3593 quia
410 3535 464 3577 uou
480 3519 603 3592 amplius
621 3534 666 3576 res
681 3519 768 3577 unius
782 3524 922 3593 munnam
938 3520 972 3577 ad
988 3520 1110 3576 alterum
1130 3534 1222 3592 aeque
1239 3535 1311 3591 per·
1382 3496 1383 3549 ¹

253 3605 374 3662 tinentes
387 3611 570 3677 spectaretur,
582 3604 630 3660 sed
649 3609 768 3675 uterque
783 3604 889 3661 coniux
904 3602 1029 3676 privatae
1046 3603 1177 3661 utilitatis
1206 3604 1313 3662 studio
1382 3652 1383 3669 ,

252 3688 355 3759 iupiter
379 3695 541 3745 toleraretur.
567 3688 703 3746 timenda
718 3688 795 3745 enim
812 3702 924 3762 semper
944 3694 1018 3746 esset
1034 3688 1136 3748 divisio
1158 3696 1187 3747 et
1210 3690 1315 3747 omni·
1382 3680 1383 3735 i

252 3774 337 3830 utoda
346 3764 495 3845 separatio.
508 3772 631 3830 Tandem
641 3773 799 3846 aequalitas
810 3781 974 3831 clautractos
986 3774 1065 3831 valde
1076 3771 1206 3847 laeditur3
1219 3774 1315 3849 quio

253 3870 289 3927 pc
312 3872 378 3913 cum
400 3858 429 3913 iu
446 3858 591 3930 hypothesi
608 3859 771 3916 solubilium
789 3862 954 3933 nuptiarum
971 3861 1052 3931 louge
1062 3858 1180 3916 iuterim
1188 3859 1228 3917 sit
1240 3874 1317 3917 coti·

254 3939 322 3998 ditio
335 3940 472 4013 mulieris,
488 3956 561 4013 quae
577 3942 669 4016 primo
684 3944 838 4005 iuventutis
853 3944 922 4006 llere
932 3952 960 4005 et
972 3944 1166 4018 [iraerogadre
1180 3946 1317 4023 virgini-
1382 3976 1383 4019 p

1382 4030 1383 4051 l
