<?xml version="1.0" encoding="UTF-8"?>
<!DOCTYPE html PUBLIC "-//W3C//DTD XHTML 1.0 Transitional//EN"
    "http://www.w3.org/TR/xhtml1/DTD/xhtml1-transitional.dtd">
<html xmlns="http://www.w3.org/1999/xhtml" xml:lang="en" lang="en">
 <head>
  <title>
</title>
<meta http-equiv="Content-Type" content="text/html;charset=utf-8" />
  <meta name='ocr-system' content='tesseract 3.04.00' />
  <meta name='ocr-capabilities' content='ocr_page ocr_carea ocr_par ocr_line ocrx_word'/>
</head>
<body>
  <div class='ocr_page' id='page_1' title='image "./institutionesph00libegoog_0897.png"; bbox 0 0 2767 4492; ppageno 0'>
   <div class='ocr_carea' id='block_1_1' title="bbox 151 344 1201 517">
    <p class='ocr_par' dir='ltr' id='par_1_1' title="bbox 151 344 1201 517">
     <span class='ocr_line' id='line_1_1' title="bbox 290 344 1201 406; baseline -0.002 0"><span class='ocrx_word' id='word_1_1' title='bbox 290 401 293 406; x_wconf 87' lang='lat'><em>.</em></span> <span class='ocrx_word' id='word_1_2' title='bbox 560 357 638 402; x_wconf 85' lang='lat' dir='ltr'>rums</span> <span class='ocrx_word' id='word_1_3' title='bbox 657 358 799 404; x_wconf 75' lang='lat' dir='ltr'>urrunsa</span> <span class='ocrx_word' id='word_1_4' title='bbox 1149 344 1201 404; x_wconf 83' lang='grc'>325</span> 
     </span>
     <span class='ocr_line' id='line_1_2' title="bbox 151 438 1200 517; baseline 0.005 -20"><span class='ocrx_word' id='word_1_5' title='bbox 151 448 186 497; x_wconf 88' lang='lat' dir='ltr'>ea</span> <span class='ocrx_word' id='word_1_6' title='bbox 199 453 320 515; x_wconf 76' lang='lat' dir='ltr'>pangere</span> <span class='ocrx_word' id='word_1_7' title='bbox 335 441 371 501; x_wconf 90' lang='lat' dir='ltr'>ad</span> <span class='ocrx_word' id='word_1_8' title='bbox 385 453 549 517; x_wconf 78' lang='lat' dir='ltr'>supremam</span> <span class='ocrx_word' id='word_1_9' title='bbox 563 447 732 515; x_wconf 87' lang='lat' dir='ltr'>potestatem</span> <span class='ocrx_word' id='word_1_10' title='bbox 744 440 883 516; x_wconf 76' lang='lat' dir='ltr'>pertinet,</span> <span class='ocrx_word' id='word_1_11' title='bbox 900 441 1049 503; x_wconf 83' lang='lat' dir='ltr'>consentio</span> <span class='ocrx_word' id='word_1_12' title='bbox 1059 438 1138 501; x_wconf 91' lang='lat' dir='ltr'>eninr</span> <span class='ocrx_word' id='word_1_13' title='bbox 1149 457 1200 517; x_wconf 93' lang='lat' dir='ltr'>pu·</span> 
     </span>
    </p>
   </div>
   <div class='ocr_carea' id='block_1_2' title="bbox 78 519 1244 3389">
    <p class='ocr_par' dir='ltr' id='par_1_2' title="bbox 145 519 1244 2037">
     <span class='ocr_line' id='line_1_3' title="bbox 149 519 1201 602; baseline 0.007 -22"><span class='ocrx_word' id='word_1_14' title='bbox 149 519 233 597; x_wconf 89' lang='lat' dir='ltr'>blica,</span> <span class='ocrx_word' id='word_1_15' title='bbox 251 541 323 600; x_wconf 92' lang='lat' dir='ltr'>quae</span> <span class='ocrx_word' id='word_1_16' title='bbox 346 525 479 586; x_wconf 84' lang='lat' dir='ltr'>videlicet</span> <span class='ocrx_word' id='word_1_17' title='bbox 497 526 614 584; x_wconf 91' lang='lat' dir='ltr'>nomine</span> <span class='ocrx_word' id='word_1_18' title='bbox 636 527 785 586; x_wconf 85' lang='lat' dir='ltr'>societatis</span> <span class='ocrx_word' id='word_1_19' title='bbox 799 525 858 592; x_wconf 87' lang='lat' dir='ltr'>liat,</span> <span class='ocrx_word' id='word_1_20' title='bbox 874 527 989 587; x_wconf 91' lang='lat' dir='ltr'>nonnisi</span> <span class='ocrx_word' id='word_1_21' title='bbox 1002 527 1064 587; x_wconf 85' lang='lat' dir='ltr'>eius</span> <span class='ocrx_word' id='word_1_22' title='bbox 1085 527 1201 602; x_wconf 87' lang='lat' dir='ltr'>propria</span> 
     </span>
     <span class='ocr_line' id='line_1_4' title="bbox 149 607 1199 685; baseline 0.005 -19"><span class='ocrx_word' id='word_1_23' title='bbox 149 613 200 682; x_wconf 89' lang='lat' dir='ltr'>est,</span> <span class='ocrx_word' id='word_1_24' title='bbox 217 611 267 684; x_wconf 89' lang='lat' dir='ltr'>qui</span> <span class='ocrx_word' id='word_1_25' title='bbox 282 610 415 671; x_wconf 81' lang='lat' dir='ltr'>socialem</span> <span class='ocrx_word' id='word_1_26' title='bbox 440 607 633 678; x_wconf 85' lang='lat' dir='ltr'>operationem</span> <span class='ocrx_word' id='word_1_27' title='bbox 648 611 820 682; x_wconf 82' lang='lat' dir='ltr'>moderatur,</span> <span class='ocrx_word' id='word_1_28' title='bbox 836 615 865 670; x_wconf 89' lang='lat' dir='ltr'>et</span> <span class='ocrx_word' id='word_1_29' title='bbox 879 612 912 670; x_wconf 90' lang='lat' dir='ltr'>ad</span> <span class='ocrx_word' id='word_1_30' title='bbox 935 611 1107 685; x_wconf 90' lang='lat' dir='ltr'>reipublicae</span> <span class='ocrx_word' id='word_1_31' title='bbox 1125 612 1199 671; x_wconf 88' lang='lat' dir='ltr'>utili·</span> 
     </span>
     <span class='ocr_line' id='line_1_5' title="bbox 150 695 1198 770; baseline 0.006 -18"><span class='ocrx_word' id='word_1_32' title='bbox 150 697 237 752; x_wconf 81' lang='lat' dir='ltr'>tatem</span> <span class='ocrx_word' id='word_1_33' title='bbox 251 695 466 770; x_wconf 80' lang='lat' dir='ltr'>procurandam</span> <span class='ocrx_word' id='word_1_34' title='bbox 480 695 630 755; x_wconf 86' lang='lat' dir='ltr'>incumbit.</span> <span class='ocrx_word' id='word_1_35' title='bbox 647 697 722 756; x_wconf 88' lang='lat' dir='ltr'>llaec</span> <span class='ocrx_word' id='word_1_36' title='bbox 735 702 832 755; x_wconf 88' lang='lat' dir='ltr'>autern</span> <span class='ocrx_word' id='word_1_37' title='bbox 852 701 885 753; x_wconf 90' lang='lat' dir='ltr'>ut</span> <span class='ocrx_word' id='word_1_38' title='bbox 905 702 1004 769; x_wconf 85' lang='lat' dir='ltr'>pateus</span> <span class='ocrx_word' id='word_1_39' title='bbox 1022 702 1065 755; x_wconf 91' lang='lat' dir='ltr'>est</span> <span class='ocrx_word' id='word_1_40' title='bbox 1082 697 1198 758; x_wconf 89' lang='lat' dir='ltr'>nonnisi</span> 
     </span>
     <span class='ocr_line' id='line_1_6' title="bbox 148 777 1198 856; baseline 0.005 -20"><span class='ocrx_word' id='word_1_41' title='bbox 148 777 179 836; x_wconf 92' lang='lat' dir='ltr'>in</span> <span class='ocrx_word' id='word_1_42' title='bbox 193 794 241 838; x_wconf 85' lang='lat' dir='ltr'>cus</span> <span class='ocrx_word' id='word_1_43' title='bbox 255 782 409 855; x_wconf 80' lang='lat' dir='ltr'>quadrant,</span> <span class='ocrx_word' id='word_1_44' title='bbox 426 781 477 856; x_wconf 89' lang='lat' dir='ltr'>qui</span> <span class='ocrx_word' id='word_1_45' title='bbox 492 796 605 840; x_wconf 88' lang='lat' dir='ltr'>summa</span> <span class='ocrx_word' id='word_1_46' title='bbox 623 786 762 856; x_wconf 88' lang='lat' dir='ltr'>potestate</span> <span class='ocrx_word' id='word_1_47' title='bbox 779 779 935 855; x_wconf 87' lang='lat' dir='ltr'>potiuntur,</span> <span class='ocrx_word' id='word_1_48' title='bbox 956 789 985 838; x_wconf 83' lang='lat' dir='ltr'>ot</span> <span class='ocrx_word' id='word_1_49' title='bbox 1007 779 1092 839; x_wconf 90' lang='lat' dir='ltr'>totius</span> <span class='ocrx_word' id='word_1_50' title='bbox 1110 781 1198 841; x_wconf 87' lang='lat' dir='ltr'>socie·</span> 
     </span>
     <span class='ocr_line' id='line_1_7' title="bbox 148 861 1196 940; baseline 0.004 -19"><span class='ocrx_word' id='word_1_51' title='bbox 148 863 214 922; x_wconf 88' lang='lat' dir='ltr'>tatis</span> <span class='ocrx_word' id='word_1_52' title='bbox 235 865 425 938; x_wconf 81' lang='lat' dir='ltr'>gubernaculo</span> <span class='ocrx_word' id='word_1_53' title='bbox 447 865 582 925; x_wconf 86' lang='lat' dir='ltr'>assident.</span> <span class='ocrx_word' id='word_1_54' title='bbox 600 865 652 934; x_wconf 83' lang='lat' dir='ltr'>Oui</span> <span class='ocrx_word' id='word_1_55' title='bbox 676 872 776 926; x_wconf 90' lang='lat' dir='ltr'>contra</span> <span class='ocrx_word' id='word_1_56' title='bbox 795 872 873 924; x_wconf 89' lang='lat' dir='ltr'>tanta</span> <span class='ocrx_word' id='word_1_57' title='bbox 892 861 1088 940; x_wconf 81' lang='lat' dir='ltr'>praerogativa</span> <span class='ocrx_word' id='word_1_58' title='bbox 1110 865 1196 925; x_wconf 87' lang='lat' dir='ltr'>desti·</span> 
     </span>
     <span class='ocr_line' id='line_1_8' title="bbox 147 946 1197 1023; baseline 0.002 -18"><span class='ocrx_word' id='word_1_59' title='bbox 147 952 279 1021; x_wconf 80' lang='lat' dir='ltr'>tuunlur3</span> <span class='ocrx_word' id='word_1_60' title='bbox 297 949 326 1008; x_wconf 92' lang='lat' dir='ltr'>bi</span> <span class='ocrx_word' id='word_1_61' title='bbox 342 964 399 1009; x_wconf 92' lang='lat' dir='ltr'>nun</span> <span class='ocrx_word' id='word_1_62' title='bbox 413 949 504 1022; x_wconf 88' lang='lat' dir='ltr'>aliter,</span> <span class='ocrx_word' id='word_1_63' title='bbox 526 949 581 1008; x_wconf 89' lang='lat' dir='ltr'>uisi</span> <span class='ocrx_word' id='word_1_64' title='bbox 597 965 635 1008; x_wconf 84' lang='lat' dir='ltr'>ex</span> <span class='ocrx_word' id='word_1_65' title='bbox 650 950 785 1010; x_wconf 88' lang='lat' dir='ltr'>mandato</span> <span class='ocrx_word' id='word_1_66' title='bbox 801 964 952 1023; x_wconf 82' lang='lat' dir='ltr'>supremae</span> <span class='ocrx_word' id='word_1_67' title='bbox 968 946 1126 1023; x_wconf 82' lang='lat' dir='ltr'>potestatis,</span> <span class='ocrx_word' id='word_1_68' title='bbox 1139 949 1197 1007; x_wconf 87' lang='lat' dir='ltr'>loe·</span> 
     </span>
     <span class='ocr_line' id='line_1_9' title="bbox 147 1031 1197 1108; baseline 0.001 -18"><span class='ocrx_word' id='word_1_69' title='bbox 147 1031 200 1091; x_wconf 90' lang='lat' dir='ltr'>dus</span> <span class='ocrx_word' id='word_1_70' title='bbox 213 1047 279 1091; x_wconf 94' lang='lat' dir='ltr'>curn</span> <span class='ocrx_word' id='word_1_71' title='bbox 293 1033 357 1093; x_wconf 86' lang='lat' dir='ltr'>aliis</span> <span class='ocrx_word' id='word_1_72' title='bbox 367 1034 500 1106; x_wconf 78' lang='lat' dir='ltr'>gentibus</span> <span class='ocrx_word' id='word_1_73' title='bbox 513 1033 588 1094; x_wconf 89' lang='lat' dir='ltr'>inire</span> <span class='ocrx_word' id='word_1_74' title='bbox 603 1042 731 1108; x_wconf 87' lang='lat' dir='ltr'>possunt.</span> <span class='ocrx_word' id='word_1_75' title='bbox 741 1035 820 1102; x_wconf 80' lang='lat' dir='ltr'>Quod</span> <span class='ocrx_word' id='word_1_76' title='bbox 835 1033 860 1093; x_wconf 89' lang='lat' dir='ltr'>si</span> <span class='ocrx_word' id='word_1_77' title='bbox 875 1033 989 1093; x_wconf 83' lang='lat' dir='ltr'>iniussu</span> <span class='ocrx_word' id='word_1_78' title='bbox 1005 1031 1132 1106; x_wconf 86' lang='lat' dir='ltr'>supremi</span> <span class='ocrx_word' id='word_1_79' title='bbox 1142 1032 1197 1091; x_wconf 92' lang='lat' dir='ltr'>im·</span> 
     </span>
     <span class='ocr_line' id='line_1_10' title="bbox 145 1117 1193 1193; baseline 0.002 -18"><span class='ocrx_word' id='word_1_80' title='bbox 145 1118 272 1190; x_wconf 84' lang='lat' dir='ltr'>perantia</span> <span class='ocrx_word' id='word_1_81' title='bbox 288 1125 458 1178; x_wconf 83' lang='lat' dir='ltr'>conventum</span> <span class='ocrx_word' id='word_1_82' title='bbox 484 1119 598 1192; x_wconf 85' lang='lat' dir='ltr'>aliquod</span> <span class='ocrx_word' id='word_1_83' title='bbox 619 1119 735 1193; x_wconf 83' lang='lat' dir='ltr'>iaciant,</span> <span class='ocrx_word' id='word_1_84' title='bbox 752 1119 781 1178; x_wconf 94' lang='lat' dir='ltr'>id</span> <span class='ocrx_word' id='word_1_85' title='bbox 798 1119 919 1179; x_wconf 78' lang='lat' dir='ltr'>foederis</span> <span class='ocrx_word' id='word_1_86' title='bbox 940 1118 999 1178; x_wconf 88' lang='lat' dir='ltr'>vim</span> <span class='ocrx_word' id='word_1_87' title='bbox 1020 1117 1193 1192; x_wconf 88' lang='lat' dir='ltr'>nonhabet,</span> 
     </span>
     <span class='ocr_line' id='line_1_11' title="bbox 146 1201 1244 1278; baseline 0.003 -20"><span class='ocrx_word' id='word_1_88' title='bbox 146 1201 202 1259; x_wconf 90' lang='lat' dir='ltr'>nisi</span> <span class='ocrx_word' id='word_1_89' title='bbox 216 1201 381 1262; x_wconf 86' lang='lat' dir='ltr'>ratihabitio</span> <span class='ocrx_word' id='word_1_90' title='bbox 390 1217 520 1262; x_wconf 89' lang='lat' dir='ltr'>summae</span> <span class='ocrx_word' id='word_1_91' title='bbox 534 1204 680 1278; x_wconf 87' lang='lat' dir='ltr'>potestatis</span> <span class='ocrx_word' id='word_1_92' title='bbox 696 1205 821 1278; x_wconf 88' lang='lat' dir='ltr'>accedat,</span> <span class='ocrx_word' id='word_1_93' title='bbox 833 1202 883 1262; x_wconf 89' lang='lat' dir='ltr'>sed</span> <span class='ocrx_word' id='word_1_94' title='bbox 893 1207 1003 1262; x_wconf 89' lang='lat' dir='ltr'>tantum</span> <span class='ocrx_word' id='word_1_95' title='bbox 1013 1201 1196 1278; x_wconf 82' lang='lat' dir='ltr'>sponsionem</span> <span class='ocrx_word' id='word_1_96' title='bbox 1240 1262 1244 1269; x_wconf 79' lang='grc'><em>,</em></span> 
     </span>
     <span class='ocr_line' id='line_1_12' title="bbox 146 1285 1192 1362; baseline 0.003 -19"><span class='ocrx_word' id='word_1_97' title='bbox 146 1285 299 1357; x_wconf 87' lang='lat' dir='ltr'>quamdam</span> <span class='ocrx_word' id='word_1_98' title='bbox 313 1287 464 1346; x_wconf 89' lang='lat' dir='ltr'>constitnit</span> <span class='ocrx_word' id='word_1_99' title='bbox 479 1289 504 1345; x_wconf 78' lang='lat' dir='ltr'>l.</span> <span class='ocrx_word' id='word_1_100' title='bbox 521 1288 649 1361; x_wconf 83' lang='lat' dir='ltr'>lienique</span> <span class='ocrx_word' id='word_1_101' title='bbox 671 1287 874 1360; x_wconf 82' lang='lat' dir='ltr'>distinguenda</span> <span class='ocrx_word' id='word_1_102' title='bbox 888 1292 956 1347; x_wconf 87' lang='lat' dir='ltr'>sunt</span> <span class='ocrx_word' id='word_1_103' title='bbox 970 1287 1092 1361; x_wconf 80' lang='lat' dir='ltr'>foedera,</span> <span class='ocrx_word' id='word_1_104' title='bbox 1108 1300 1192 1362; x_wconf 87' lang='lat' dir='ltr'>quae,</span> 
     </span>
     <span class='ocr_line' id='line_1_13' title="bbox 147 1367 1195 1445; baseline 0.005 -20"><span class='ocrx_word' id='word_1_105' title='bbox 147 1374 181 1426; x_wconf 91' lang='lat' dir='ltr'>ut</span> <span class='ocrx_word' id='word_1_106' title='bbox 200 1367 278 1442; x_wconf 85' lang='lat' dir='ltr'>dixi,</span> <span class='ocrx_word' id='word_1_107' title='bbox 295 1377 456 1430; x_wconf 87' lang='lat' dir='ltr'>contractus</span> <span class='ocrx_word' id='word_1_108' title='bbox 476 1377 542 1430; x_wconf 87' lang='lat' dir='ltr'>sunt</span> <span class='ocrx_word' id='word_1_109' title='bbox 556 1371 684 1445; x_wconf 76' lang='lat' dir='ltr'>publici,</span> <span class='ocrx_word' id='word_1_110' title='bbox 701 1371 818 1430; x_wconf 89' lang='lat' dir='ltr'>nomine</span> <span class='ocrx_word' id='word_1_111' title='bbox 835 1371 919 1430; x_wconf 88' lang='lat' dir='ltr'>totius</span> <span class='ocrx_word' id='word_1_112' title='bbox 936 1369 1078 1430; x_wconf 86' lang='lat' dir='ltr'>societatis</span> <span class='ocrx_word' id='word_1_113' title='bbox 1091 1377 1120 1429; x_wconf 92' lang='lat' dir='ltr'>et</span> <span class='ocrx_word' id='word_1_114' title='bbox 1133 1386 1195 1443; x_wconf 78' lang='lat' dir='ltr'>pro</span> 
     </span>
     <span class='ocr_line' id='line_1_14' title="bbox 146 1453 1195 1531; baseline 0.003 -21"><span class='ocrx_word' id='word_1_115' title='bbox 146 1459 210 1526; x_wconf 89' lang='lat' dir='ltr'>pter</span> <span class='ocrx_word' id='word_1_116' title='bbox 223 1453 285 1512; x_wconf 86' lang='lat' dir='ltr'>eius</span> <span class='ocrx_word' id='word_1_117' title='bbox 299 1454 450 1514; x_wconf 87' lang='lat' dir='ltr'>utilitatem</span> <span class='ocrx_word' id='word_1_118' title='bbox 459 1455 533 1530; x_wconf 90' lang='lat' dir='ltr'>initi,</span> <span class='ocrx_word' id='word_1_119' title='bbox 551 1472 568 1514; x_wconf 92' lang='lat' dir='ltr'>a</span> <span class='ocrx_word' id='word_1_120' title='bbox 583 1456 768 1529; x_wconf 87' lang='lat' dir='ltr'>pactionibus</span> <span class='ocrx_word' id='word_1_121' title='bbox 784 1455 912 1531; x_wconf 82' lang='lat' dir='ltr'>priuatis,</span> <span class='ocrx_word' id='word_1_122' title='bbox 929 1470 1002 1528; x_wconf 90' lang='lat' dir='ltr'>quac</span> <span class='ocrx_word' id='word_1_123' title='bbox 1013 1456 1083 1513; x_wconf 82' lang='lat' dir='ltr'>torte</span> <span class='ocrx_word' id='word_1_124' title='bbox 1098 1454 1195 1513; x_wconf 83' lang='lat' dir='ltr'>fianta</span> 
     </span>
     <span class='ocr_line' id='line_1_15' title="bbox 147 1538 1194 1614; baseline 0.002 -20"><span class='ocrx_word' id='word_1_125' title='bbox 147 1538 306 1598; x_wconf 89' lang='lat' dir='ltr'>rectoribus</span> <span class='ocrx_word' id='word_1_126' title='bbox 329 1540 499 1614; x_wconf 92' lang='lat' dir='ltr'>populorum</span> <span class='ocrx_word' id='word_1_127' title='bbox 518 1540 621 1614; x_wconf 88' lang='lat' dir='ltr'>privati</span> <span class='ocrx_word' id='word_1_128' title='bbox 636 1541 819 1600; x_wconf 79' lang='lat' dir='ltr'>emolumenti</span> <span class='ocrx_word' id='word_1_129' title='bbox 833 1541 924 1614; x_wconf 79' lang='lat' dir='ltr'>gratia</span> <span class='ocrx_word' id='word_1_130' title='bbox 938 1545 966 1598; x_wconf 92' lang='lat' dir='ltr'>et</span> <span class='ocrx_word' id='word_1_131' title='bbox 983 1539 1100 1599; x_wconf 89' lang='lat' dir='ltr'>numine</span> <span class='ocrx_word' id='word_1_132' title='bbox 1113 1539 1194 1597; x_wconf 91' lang='lat' dir='ltr'>dum·</span> 
     </span>
     <span class='ocr_line' id='line_1_16' title="bbox 148 1623 1195 1699; baseline 0.002 -20"><span class='ocrx_word' id='word_1_133' title='bbox 148 1625 227 1680; x_wconf 87' lang='lat' dir='ltr'>taxat</span> <span class='ocrx_word' id='word_1_134' title='bbox 240 1625 365 1698; x_wconf 90' lang='lat' dir='ltr'>proprio.</span> <span class='ocrx_word' id='word_1_135' title='bbox 393 1624 482 1684; x_wconf 88' lang='lat' dir='ltr'>lmrno</span> <span class='ocrx_word' id='word_1_136' title='bbox 501 1625 551 1683; x_wconf 92' lang='lat' dir='ltr'>illa</span> <span class='ocrx_word' id='word_1_137' title='bbox 564 1625 641 1699; x_wconf 90' lang='lat' dir='ltr'>ipsa,</span> <span class='ocrx_word' id='word_1_138' title='bbox 658 1641 734 1699; x_wconf 91' lang='lat' dir='ltr'>quae</span> <span class='ocrx_word' id='word_1_139' title='bbox 747 1625 864 1685; x_wconf 88' lang='lat' dir='ltr'>nomine</span> <span class='ocrx_word' id='word_1_140' title='bbox 879 1623 1020 1683; x_wconf 87' lang='lat' dir='ltr'>societatis</span> <span class='ocrx_word' id='word_1_141' title='bbox 1035 1624 1195 1698; x_wconf 89' lang='lat' dir='ltr'>inpactum</span> 
     </span>
     <span class='ocr_line' id='line_1_17' title="bbox 147 1705 1194 1790; baseline 0.002 -27"><span class='ocrx_word' id='word_1_142' title='bbox 147 1705 334 1782; x_wconf 88' lang='lat' dir='ltr'>deducuntur,</span> <span class='ocrx_word' id='word_1_143' title='bbox 352 1709 376 1768; x_wconf 91' lang='lat' dir='ltr'>si</span> <span class='ocrx_word' id='word_1_144' title='bbox 395 1710 571 1790; x_wconf 83' lang='lat' dir='ltr'>transeuntia</span> <span class='ocrx_word' id='word_1_145' title='bbox 586 1710 651 1783; x_wconf 86' lang='lat' dir='ltr'>sint,</span> <span class='ocrx_word' id='word_1_146' title='bbox 673 1716 759 1785; x_wconf 90' lang='lat' dir='ltr'>atque</span> <span class='ocrx_word' id='word_1_147' title='bbox 782 1717 878 1770; x_wconf 88' lang='lat' dir='ltr'>actum</span> <span class='ocrx_word' id='word_1_148' title='bbox 897 1709 1049 1784; x_wconf 88' lang='lat' dir='ltr'>quemdum</span> <span class='ocrx_word' id='word_1_149' title='bbox 1069 1707 1194 1782; x_wconf 88' lang='lat' dir='ltr'>peculia·</span> 
     </span>
     <span class='ocr_line' id='line_1_18' title="bbox 146 1793 1194 1869; baseline 0.001 -20"><span class='ocrx_word' id='word_1_150' title='bbox 146 1807 209 1849; x_wconf 91' lang='lat' dir='ltr'>rem</span> <span class='ocrx_word' id='word_1_151' title='bbox 223 1793 380 1867; x_wconf 89' lang='lat' dir='ltr'>respiciant</span> <span class='ocrx_word' id='word_1_152' title='bbox 395 1794 462 1852; x_wconf 82' lang='lat' dir='ltr'>siue</span> <span class='ocrx_word' id='word_1_153' title='bbox 477 1794 612 1853; x_wconf 89' lang='lat' dir='ltr'>diuturna</span> <span class='ocrx_word' id='word_1_154' title='bbox 626 1795 696 1854; x_wconf 87' lang='lat' dir='ltr'>satis</span> <span class='ocrx_word' id='word_1_155' title='bbox 705 1796 839 1869; x_wconf 89' lang='lat' dir='ltr'>temporis</span> <span class='ocrx_word' id='word_1_156' title='bbox 853 1794 1047 1866; x_wconf 78' lang='lat' dir='ltr'>successione3</span> <span class='ocrx_word' id='word_1_157' title='bbox 1064 1807 1122 1851; x_wconf 89' lang='lat' dir='ltr'>non</span> <span class='ocrx_word' id='word_1_158' title='bbox 1136 1793 1194 1850; x_wconf 90' lang='lat' dir='ltr'>loe·</span> 
     </span>
     <span class='ocr_line' id='line_1_19' title="bbox 148 1875 1194 1954; baseline 0.001 -20"><span class='ocrx_word' id='word_1_159' title='bbox 148 1875 217 1936; x_wconf 90' lang='lat' dir='ltr'>dera</span> <span class='ocrx_word' id='word_1_160' title='bbox 232 1878 422 1952; x_wconf 84' lang='lat' dir='ltr'>appellantur,</span> <span class='ocrx_word' id='word_1_161' title='bbox 437 1894 510 1952; x_wconf 90' lang='lat' dir='ltr'>quae</span> <span class='ocrx_word' id='word_1_162' title='bbox 520 1879 698 1938; x_wconf 89' lang='lat' dir='ltr'>durationem</span> <span class='ocrx_word' id='word_1_163' title='bbox 709 1894 822 1954; x_wconf 87' lang='lat' dir='ltr'>semper</span> <span class='ocrx_word' id='word_1_164' title='bbox 831 1879 955 1954; x_wconf 89' lang='lat' dir='ltr'>aliquam</span> <span class='ocrx_word' id='word_1_165' title='bbox 971 1877 1128 1950; x_wconf 88' lang='lat' dir='ltr'>includunt,</span> <span class='ocrx_word' id='word_1_166' title='bbox 1144 1877 1194 1936; x_wconf 86' lang='lat' dir='ltr'>sed</span> 
     </span>
     <span class='ocr_line' id='line_1_20' title="bbox 148 1962 1039 2037; baseline 0.004 -19"><span class='ocrx_word' id='word_1_167' title='bbox 148 1962 274 2033; x_wconf 78' lang='lat' dir='ltr'>generali</span> <span class='ocrx_word' id='word_1_168' title='bbox 290 1963 486 2022; x_wconf 87' lang='lat' dir='ltr'>conventionis</span> <span class='ocrx_word' id='word_1_169' title='bbox 501 1969 550 2021; x_wconf 88' lang='lat' dir='ltr'>aut</span> <span class='ocrx_word' id='word_1_170' title='bbox 564 1964 705 2037; x_wconf 88' lang='lat' dir='ltr'>pactionis</span> <span class='ocrx_word' id='word_1_171' title='bbox 714 1965 831 2023; x_wconf 89' lang='lat' dir='ltr'>nomine</span> <span class='ocrx_word' id='word_1_172' title='bbox 845 1964 1039 2036; x_wconf 83' lang='lat' dir='ltr'>designantur.</span> 
     </span>
    </p>

    <p class='ocr_par' dir='ltr' id='par_1_3' title="bbox 92 2045 1233 2539">
     <span class='ocr_line' id='line_1_21' title="bbox 180 2045 1193 2122; baseline 0.001 -18"><span class='ocrx_word' id='word_1_173' title='bbox 180 2046 244 2105; x_wconf 89' lang='grc'><strong>222.</strong></span> <span class='ocrx_word' id='word_1_174' title='bbox 263 2047 330 2104; x_wconf 81' lang='lat' dir='ltr'>Cum</span> <span class='ocrx_word' id='word_1_175' title='bbox 348 2045 462 2104; x_wconf 83' lang='lat' dir='ltr'>foedera</span> <span class='ocrx_word' id='word_1_176' title='bbox 477 2052 639 2105; x_wconf 72' lang='lat' dir='ltr'>conmeatus</span> <span class='ocrx_word' id='word_1_177' title='bbox 654 2048 772 2120; x_wconf 91' lang='lat' dir='ltr'>quidam</span> <span class='ocrx_word' id='word_1_178' title='bbox 786 2064 886 2108; x_wconf 82' lang='lat' dir='ltr'>revera</span> <span class='ocrx_word' id='word_1_179' title='bbox 901 2049 966 2120; x_wconf 87' lang='lat' dir='ltr'>siut,</span> <span class='ocrx_word' id='word_1_180' title='bbox 983 2062 1119 2122; x_wconf 85' lang='lat' dir='ltr'>quusnon</span> <span class='ocrx_word' id='word_1_181' title='bbox 1129 2061 1193 2122; x_wconf 90' lang='lat' dir='ltr'>per·</span> 
     </span>
     <span class='ocr_line' id='line_1_22' title="bbox 146 2128 1191 2206; baseline 0 -18"><span class='ocrx_word' id='word_1_182' title='bbox 146 2145 232 2189; x_wconf 86' lang='lat' dir='ltr'>suune</span> <span class='ocrx_word' id='word_1_183' title='bbox 247 2129 410 2187; x_wconf 87' lang='lat' dir='ltr'>individuae</span> <span class='ocrx_word' id='word_1_184' title='bbox 425 2128 475 2186; x_wconf 87' lang='lat' dir='ltr'>aed</span> <span class='ocrx_word' id='word_1_185' title='bbox 490 2143 609 2202; x_wconf 91' lang='lat' dir='ltr'>corpora</span> <span class='ocrx_word' id='word_1_186' title='bbox 623 2129 740 2202; x_wconf 85' lang='lat' dir='ltr'>politica</span> <span class='ocrx_word' id='word_1_187' title='bbox 756 2132 831 2190; x_wconf 90' lang='lat' dir='ltr'>inter</span> <span class='ocrx_word' id='word_1_188' title='bbox 855 2147 885 2190; x_wconf 90' lang='lat' dir='ltr'>se</span> <span class='ocrx_word' id='word_1_189' title='bbox 899 2132 1090 2206; x_wconf 75' lang='lat' dir='ltr'>paciscuntur3</span> <span class='ocrx_word' id='word_1_190' title='bbox 1108 2146 1191 2204; x_wconf 79' lang='lat' dir='ltr'>regu·</span> 
     </span>
     <span class='ocr_line' id='line_1_23' title="bbox 143 2213 1233 2288; baseline 0.004 -17"><span class='ocrx_word' id='word_1_191' title='bbox 143 2213 180 2271; x_wconf 88' lang='lat' dir='ltr'>lis</span> <span class='ocrx_word' id='word_1_192' title='bbox 195 2213 296 2271; x_wconf 90' lang='lat' dir='ltr'>iisdem</span> <span class='ocrx_word' id='word_1_193' title='bbox 313 2217 515 2286; x_wconf 84' lang='lat' dir='ltr'>temperantur,</span> <span class='ocrx_word' id='word_1_194' title='bbox 533 2227 606 2286; x_wconf 88' lang='lat' dir='ltr'>quae</span> <span class='ocrx_word' id='word_1_195' title='bbox 622 2229 671 2285; x_wconf 91' lang='lat' dir='ltr'>pro</span> <span class='ocrx_word' id='word_1_196' title='bbox 684 2216 877 2274; x_wconf 86' lang='lat' dir='ltr'>contractibus</span> <span class='ocrx_word' id='word_1_197' title='bbox 892 2216 1050 2288; x_wconf 83' lang='lat' dir='ltr'>generatim</span> <span class='ocrx_word' id='word_1_198' title='bbox 1064 2223 1193 2274; x_wconf 86' lang='lat' dir='ltr'>enatura</span> <span class='ocrx_word' id='word_1_199' title='bbox 1230 2258 1233 2265; x_wconf 80' lang='lat'><em>-</em></span> 
     </span>
     <span class='ocr_line' id='line_1_24' title="bbox 145 2294 1192 2370; baseline 0.004 -16"><span class='ocrx_word' id='word_1_200' title='bbox 145 2297 296 2354; x_wconf 87' lang='lat' dir='ltr'>dictantur.</span> <span class='ocrx_word' id='word_1_201' title='bbox 324 2295 363 2354; x_wconf 92' lang='lat' dir='ltr'>De</span> <span class='ocrx_word' id='word_1_202' title='bbox 378 2295 423 2353; x_wconf 78' lang='lat' dir='ltr'>bir</span> <span class='ocrx_word' id='word_1_203' title='bbox 438 2294 468 2354; x_wconf 94' lang='lat' dir='ltr'>in</span> <span class='ocrx_word' id='word_1_204' title='bbox 484 2296 545 2354; x_wconf 92' lang='lat' dir='ltr'>iure</span> <span class='ocrx_word' id='word_1_205' title='bbox 560 2295 730 2355; x_wconf 79' lang='lat' dir='ltr'>individuali</span> <span class='ocrx_word' id='word_1_206' title='bbox 745 2303 883 2370; x_wconf 88' lang='lat' dir='ltr'>quantum</span> <span class='ocrx_word' id='word_1_207' title='bbox 904 2299 973 2356; x_wconf 88' lang='lat' dir='ltr'>satis</span> <span class='ocrx_word' id='word_1_208' title='bbox 987 2303 1047 2357; x_wconf 91' lang='lat' dir='ltr'>erat</span> <span class='ocrx_word' id='word_1_209' title='bbox 1061 2299 1192 2358; x_wconf 88' lang='lat' dir='ltr'>dissemi-</span> 
     </span>
     <span class='ocr_line' id='line_1_25' title="bbox 92 2379 1192 2456; baseline 0.003 -17"><span class='ocrx_word' id='word_1_210' title='bbox 92 2427 113 2456; x_wconf 54' lang='lat'>4</span> <span class='ocrx_word' id='word_1_211' title='bbox 146 2395 232 2454; x_wconf 70' lang='lat' dir='ltr'>mus,</span> <span class='ocrx_word' id='word_1_212' title='bbox 257 2385 382 2438; x_wconf 89' lang='lat' dir='ltr'>attamen</span> <span class='ocrx_word' id='word_1_213' title='bbox 405 2379 541 2440; x_wconf 87' lang='lat' dir='ltr'>claritatis</span> <span class='ocrx_word' id='word_1_214' title='bbox 570 2396 636 2454; x_wconf 82' lang='lat' dir='ltr'>ergo</span> <span class='ocrx_word' id='word_1_215' title='bbox 651 2381 759 2454; x_wconf 91' lang='lat' dir='ltr'>aliquid</span> <span class='ocrx_word' id='word_1_216' title='bbox 777 2380 825 2438; x_wconf 90' lang='lat' dir='ltr'>bic</span> <span class='ocrx_word' id='word_1_217' title='bbox 844 2381 991 2454; x_wconf 84' lang='lat' dir='ltr'>speciatim</span> <span class='ocrx_word' id='word_1_218' title='bbox 1010 2383 1065 2454; x_wconf 90' lang='lat' dir='ltr'>rei,</span> <span class='ocrx_word' id='word_1_219' title='bbox 1081 2385 1117 2440; x_wconf 93' lang='lat' dir='ltr'>de</span> <span class='ocrx_word' id='word_1_220' title='bbox 1134 2399 1192 2456; x_wconf 92' lang='lat' dir='ltr'>qua</span> 
     </span>
     <span class='ocr_line' id='line_1_26' title="bbox 145 2465 1011 2539; baseline -0.002 -15"><span class='ocrx_word' id='word_1_221' title='bbox 145 2465 265 2539; x_wconf 73' lang='lat' dir='ltr'>aqimus,</span> <span class='ocrx_word' id='word_1_222' title='bbox 282 2465 425 2539; x_wconf 88' lang='lat' dir='ltr'>applicare</span> <span class='ocrx_word' id='word_1_223' title='bbox 443 2471 633 2538; x_wconf 90' lang='lat' dir='ltr'>opportunum</span> <span class='ocrx_word' id='word_1_224' title='bbox 645 2465 708 2524; x_wconf 87' lang='lat' dir='ltr'>erit.</span> <span class='ocrx_word' id='word_1_225' title='bbox 1009 2466 1011 2475; x_wconf 91' lang='lat'>&#39;</span> 
     </span>
    </p>

    <p class='ocr_par' dir='ltr' id='par_1_4' title="bbox 78 2545 1190 3389">
     <span class='ocr_line' id='line_1_27' title="bbox 180 2545 1190 2625; baseline 0.001 -16"><span class='ocrx_word' id='word_1_226' title='bbox 180 2550 321 2625; x_wconf 89' lang='lat' dir='ltr'>Principio</span> <span class='ocrx_word' id='word_1_227' title='bbox 332 2550 420 2624; x_wconf 83' lang='lat' dir='ltr'>igitur</span> <span class='ocrx_word' id='word_1_228' title='bbox 431 2549 581 2624; x_wconf 83' lang='lat' dir='ltr'>diligenter</span> <span class='ocrx_word' id='word_1_229' title='bbox 591 2545 752 2609; x_wconf 76' lang='lat' dir='ltr'>cadendum</span> <span class='ocrx_word' id='word_1_230' title='bbox 766 2554 854 2610; x_wconf 85' lang='lat' dir='ltr'>estne</span> <span class='ocrx_word' id='word_1_231' title='bbox 864 2548 1016 2622; x_wconf 87' lang='lat' dir='ltr'>obiectum,</span> <span class='ocrx_word' id='word_1_232' title='bbox 1029 2547 1105 2608; x_wconf 86' lang='lat' dir='ltr'>clrca</span> <span class='ocrx_word' id='word_1_233' title='bbox 1115 2552 1190 2623; x_wconf 91' lang='lat' dir='ltr'>quod</span> 
     </span>
     <span class='ocr_line' id='line_1_28' title="bbox 144 2634 1190 2709; baseline -0.001 -14"><span class='ocrx_word' id='word_1_234' title='bbox 144 2636 244 2696; x_wconf 86' lang='lat' dir='ltr'>foedus</span> <span class='ocrx_word' id='word_1_235' title='bbox 259 2643 398 2708; x_wconf 86' lang='lat' dir='ltr'>versatur,</span> <span class='ocrx_word' id='word_1_236' title='bbox 418 2640 497 2708; x_wconf 88' lang='lat' dir='ltr'>turpe</span> <span class='ocrx_word' id='word_1_237' title='bbox 512 2634 549 2695; x_wconf 87' lang='lat' dir='ltr'>sit</span> <span class='ocrx_word' id='word_1_238' title='bbox 565 2641 614 2694; x_wconf 88' lang='lat' dir='ltr'>aut</span> <span class='ocrx_word' id='word_1_239' title='bbox 626 2635 786 2709; x_wconf 80' lang='lat' dir='ltr'>iniustum3</span> <span class='ocrx_word' id='word_1_240' title='bbox 803 2635 853 2694; x_wconf 85' lang='lat' dir='ltr'>sed</span> <span class='ocrx_word' id='word_1_241' title='bbox 867 2635 983 2694; x_wconf 90' lang='lat' dir='ltr'>omuino</span> <span class='ocrx_word' id='word_1_242' title='bbox 996 2634 1190 2706; x_wconf 83' lang='lat' dir='ltr'>requiriturus</span> 
     </span>
     <span class='ocr_line' id='line_1_29' title="bbox 144 2719 1189 2796; baseline -0.002 -15"><span class='ocrx_word' id='word_1_243' title='bbox 144 2738 175 2784; x_wconf 89' lang='lat' dir='ltr'>ro</span> <span class='ocrx_word' id='word_1_244' title='bbox 185 2721 340 2780; x_wconf 88' lang='lat' dir='ltr'>honestaet</span> <span class='ocrx_word' id='word_1_245' title='bbox 352 2719 429 2777; x_wconf 88' lang='lat' dir='ltr'>licita</span> <span class='ocrx_word' id='word_1_246' title='bbox 439 2721 628 2780; x_wconf 88' lang='lat' dir='ltr'>contineatur.</span> <span class='ocrx_word' id='word_1_247' title='bbox 646 2721 742 2796; x_wconf 85' lang='lat' dir='ltr'>Neque</span> <span class='ocrx_word' id='word_1_248' title='bbox 756 2720 786 2780; x_wconf 88' lang='lat' dir='ltr'>id</span> <span class='ocrx_word' id='word_1_249' title='bbox 801 2719 831 2779; x_wconf 93' lang='lat' dir='ltr'>in</span> <span class='ocrx_word' id='word_1_250' title='bbox 841 2720 991 2779; x_wconf 88' lang='lat' dir='ltr'>materiam</span> <span class='ocrx_word' id='word_1_251' title='bbox 1001 2725 1112 2777; x_wconf 87' lang='lat' dir='ltr'>tantum</span> <span class='ocrx_word' id='word_1_252' title='bbox 1123 2734 1189 2779; x_wconf 90' lang='lat' dir='ltr'>con·</span> 
     </span>
     <span class='ocr_line' id='line_1_30' title="bbox 144 2802 1189 2888; baseline -0.003 -24"><span class='ocrx_word' id='word_1_253' title='bbox 144 2811 250 2864; x_wconf 85' lang='lat' dir='ltr'>tractus</span> <span class='ocrx_word' id='word_1_254' title='bbox 265 2803 352 2875; x_wconf 87' lang='lat' dir='ltr'>cadit;</span> <span class='ocrx_word' id='word_1_255' title='bbox 370 2802 464 2861; x_wconf 90' lang='lat' dir='ltr'>sedin</span> <span class='ocrx_word' id='word_1_256' title='bbox 480 2803 568 2888; x_wconf 80' lang='lat' dir='ltr'>linem</span> <span class='ocrx_word' id='word_1_257' title='bbox 586 2805 682 2877; x_wconf 87' lang='lat' dir='ltr'>etiam,</span> <span class='ocrx_word' id='word_1_258' title='bbox 705 2805 742 2863; x_wconf 90' lang='lat' dir='ltr'>ad</span> <span class='ocrx_word' id='word_1_259' title='bbox 756 2819 842 2878; x_wconf 89' lang='lat' dir='ltr'>quem</span> <span class='ocrx_word' id='word_1_260' title='bbox 857 2819 908 2878; x_wconf 92' lang='lat' dir='ltr'>per</span> <span class='ocrx_word' id='word_1_261' title='bbox 921 2819 952 2862; x_wconf 88' lang='lat' dir='ltr'>se</span> <span class='ocrx_word' id='word_1_262' title='bbox 966 2809 1083 2877; x_wconf 85' lang='lat' dir='ltr'>spectat,</span> <span class='ocrx_word' id='word_1_263' title='bbox 1104 2809 1189 2878; x_wconf 90' lang='lat' dir='ltr'>atque</span> 
     </span>
     <span class='ocr_line' id='line_1_31' title="bbox 145 2885 1189 2962; baseline 0.001 -16"><span class='ocrx_word' id='word_1_264' title='bbox 145 2887 174 2946; x_wconf 90' lang='lat' dir='ltr'>iu</span> <span class='ocrx_word' id='word_1_265' title='bbox 191 2885 427 2959; x_wconf 87' lang='lat' dir='ltr'>circumstantias,</span> <span class='ocrx_word' id='word_1_266' title='bbox 444 2903 517 2961; x_wconf 88' lang='lat' dir='ltr'>quae</span> <span class='ocrx_word' id='word_1_267' title='bbox 531 2888 618 2947; x_wconf 82' lang='lat' dir='ltr'>iurem</span> <span class='ocrx_word' id='word_1_268' title='bbox 630 2896 678 2962; x_wconf 81' lang='lat' dir='ltr'>qut</span> <span class='ocrx_word' id='word_1_269' title='bbox 688 2904 749 2948; x_wconf 91' lang='lat' dir='ltr'>rem</span> <span class='ocrx_word' id='word_1_270' title='bbox 759 2888 957 2962; x_wconf 87' lang='lat' dir='ltr'>praestandam</span> <span class='ocrx_word' id='word_1_271' title='bbox 967 2888 1148 2947; x_wconf 87' lang='lat' dir='ltr'>comitantur.</span> <span class='ocrx_word' id='word_1_272' title='bbox 1159 2887 1189 2947; x_wconf 86' lang='lat' dir='ltr'>Si</span> 
     </span>
     <span class='ocr_line' id='line_1_32' title="bbox 144 2972 1187 3046; baseline -0.002 -14"><span class='ocrx_word' id='word_1_273' title='bbox 144 2974 221 3032; x_wconf 87' lang='lat' dir='ltr'>enim</span> <span class='ocrx_word' id='word_1_274' title='bbox 236 2989 309 3046; x_wconf 90' lang='lat' dir='ltr'>quae</span> <span class='ocrx_word' id='word_1_275' title='bbox 324 2988 361 3031; x_wconf 86' lang='lat' dir='ltr'>ex</span> <span class='ocrx_word' id='word_1_276' title='bbox 375 2973 429 3030; x_wconf 93' lang='lat' dir='ltr'>boc</span> <span class='ocrx_word' id='word_1_277' title='bbox 448 2973 539 3046; x_wconf 88' lang='lat' dir='ltr'>capite</span> <span class='ocrx_word' id='word_1_278' title='bbox 553 2973 681 3032; x_wconf 88' lang='lat' dir='ltr'>moribus</span> <span class='ocrx_word' id='word_1_279' title='bbox 697 2980 887 3034; x_wconf 87' lang='lat' dir='ltr'>consentanea</span> <span class='ocrx_word' id='word_1_280' title='bbox 901 2989 958 3032; x_wconf 90' lang='lat' dir='ltr'>nou</span> <span class='ocrx_word' id='word_1_281' title='bbox 973 2973 1039 3045; x_wconf 87' lang='lat' dir='ltr'>sint,</span> <span class='ocrx_word' id='word_1_282' title='bbox 1056 2972 1136 3030; x_wconf 89' lang='lat' dir='ltr'>irrita</span> <span class='ocrx_word' id='word_1_283' title='bbox 1147 2973 1187 3031; x_wconf 90' lang='lat' dir='ltr'>la·</span> 
     </span>
     <span class='ocr_line' id='line_1_33' title="bbox 142 3057 1188 3132; baseline -0.001 -16"><span class='ocrx_word' id='word_1_284' title='bbox 142 3059 222 3116; x_wconf 87' lang='lat' dir='ltr'>ciunt</span> <span class='ocrx_word' id='word_1_285' title='bbox 244 3057 457 3126; x_wconf 74' lang='lat' dir='ltr'>indiuiduorum</span> <span class='ocrx_word' id='word_1_286' title='bbox 473 3063 576 3132; x_wconf 71' lang='lat' dir='ltr'>pacta,</span> <span class='ocrx_word' id='word_1_287' title='bbox 594 3059 704 3118; x_wconf 80' lang='lat' dir='ltr'>fortiori</span> <span class='ocrx_word' id='word_1_288' title='bbox 718 3061 781 3118; x_wconf 84' lang='lat' dir='ltr'>inre</span> <span class='ocrx_word' id='word_1_289' title='bbox 797 3060 857 3119; x_wconf 77' lang='lat' dir='ltr'>rim</span> <span class='ocrx_word' id='word_1_290' title='bbox 870 3057 1022 3118; x_wconf 89' lang='lat' dir='ltr'>detrahunt</span> <span class='ocrx_word' id='word_1_291' title='bbox 1040 3057 1188 3116; x_wconf 76' lang='lat' dir='ltr'>conventis</span> 
     </span>
     <span class='ocr_line' id='line_1_34' title="bbox 143 3143 1186 3217; baseline -0.001 -17"><span class='ocrx_word' id='word_1_292' title='bbox 143 3143 321 3216; x_wconf 88' lang='lat' dir='ltr'>societatum,</span> <span class='ocrx_word' id='word_1_293' title='bbox 338 3158 461 3217; x_wconf 89' lang='lat' dir='ltr'>quarum</span> <span class='ocrx_word' id='word_1_294' title='bbox 483 3143 608 3202; x_wconf 84' lang='lat' dir='ltr'>actiones</span> <span class='ocrx_word' id='word_1_295' title='bbox 622 3144 789 3204; x_wconf 87' lang='lat' dir='ltr'>moratiores</span> <span class='ocrx_word' id='word_1_296' title='bbox 806 3159 868 3204; x_wconf 88' lang='lat' dir='ltr'>esse</span> <span class='ocrx_word' id='word_1_297' title='bbox 881 3143 986 3203; x_wconf 89' lang='lat' dir='ltr'>debent</span> <span class='ocrx_word' id='word_1_298' title='bbox 999 3148 1113 3216; x_wconf 91' lang='lat' dir='ltr'>propter</span> <span class='ocrx_word' id='word_1_299' title='bbox 1126 3157 1186 3216; x_wconf 85' lang='lat' dir='ltr'>rna·</span> 
     </span>
     <span class='ocr_line' id='line_1_35' title="bbox 142 3226 1188 3302; baseline -0.001 -16"><span class='ocrx_word' id='word_1_300' title='bbox 142 3227 231 3287; x_wconf 90' lang='lat' dir='ltr'>iurem</span> <span class='ocrx_word' id='word_1_301' title='bbox 248 3227 413 3301; x_wconf 84' lang='lat' dir='ltr'>dignitatem</span> <span class='ocrx_word' id='word_1_302' title='bbox 428 3243 565 3302; x_wconf 89' lang='lat' dir='ltr'>personae</span> <span class='ocrx_word' id='word_1_303' title='bbox 583 3228 701 3288; x_wconf 87' lang='lat' dir='ltr'>moralis</span> <span class='ocrx_word' id='word_1_304' title='bbox 715 3235 744 3288; x_wconf 93' lang='lat' dir='ltr'>et</span> <span class='ocrx_word' id='word_1_305' title='bbox 758 3229 937 3301; x_wconf 86' lang='lat' dir='ltr'>collectivae,</span> <span class='ocrx_word' id='word_1_306' title='bbox 955 3243 1028 3301; x_wconf 89' lang='lat' dir='ltr'>quae</span> <span class='ocrx_word' id='word_1_307' title='bbox 1042 3226 1188 3285; x_wconf 88' lang='lat' dir='ltr'>iunctione</span> 
     </span>
     <span class='ocr_line' id='line_1_36' title="bbox 78 3305 1187 3389; baseline 0 -19"><span class='ocrx_word' id='word_1_308' title='bbox 78 3305 82 3313; x_wconf 82' lang='grc'><strong>’</strong></span> <span class='ocrx_word' id='word_1_309' title='bbox 142 3313 267 3388; x_wconf 89' lang='lat' dir='ltr'>plurium</span> <span class='ocrx_word' id='word_1_310' title='bbox 277 3313 435 3371; x_wconf 88' lang='lat' dir='ltr'>humanam</span> <span class='ocrx_word' id='word_1_311' title='bbox 449 3319 583 3372; x_wconf 84' lang='lat' dir='ltr'>naturam</span> <span class='ocrx_word' id='word_1_312' title='bbox 595 3313 720 3374; x_wconf 86' lang='lat' dir='ltr'>nobilius</span> <span class='ocrx_word' id='word_1_313' title='bbox 734 3317 938 3389; x_wconf 88' lang='lat' dir='ltr'>repraesentat.</span> <span class='ocrx_word' id='word_1_314' title='bbox 948 3313 1021 3373; x_wconf 90' lang='lat' dir='ltr'>ilinc</span> <span class='ocrx_word' id='word_1_315' title='bbox 1030 3311 1110 3371; x_wconf 87' lang='lat' dir='ltr'>nulla</span> <span class='ocrx_word' id='word_1_316' title='bbox 1119 3318 1187 3370; x_wconf 89' lang='lat' dir='ltr'>sunt</span> 
     </span>
    </p>
   </div>
   <div class='ocr_carea' id='block_1_3' title="bbox 103 3536 1187 3924">
    <p class='ocr_par' dir='ltr' id='par_1_5' title="bbox 103 3536 1187 3924">
     <span class='ocr_line' id='line_1_37' title="bbox 185 3536 1185 3604; baseline -0.004 -16"><span class='ocrx_word' id='word_1_317' title='bbox 185 3539 195 3587; x_wconf 79' lang='lat' dir='ltr'>i</span> <span class='ocrx_word' id='word_1_318' title='bbox 215 3540 342 3604; x_wconf 78' lang='lat' dir='ltr'>Sponsiouis</span> <span class='ocrx_word' id='word_1_319' title='bbox 357 3536 503 3587; x_wconf 80' lang='lat' dir='ltr'>diiierentieur</span> <span class='ocrx_word' id='word_1_320' title='bbox 513 3555 526 3586; x_wconf 85' lang='grc' dir='ltr'>ι</span> <span class='ocrx_word' id='word_1_321' title='bbox 536 3539 623 3587; x_wconf 84' lang='lat' dir='ltr'>loedere</span> <span class='ocrx_word' id='word_1_322' title='bbox 637 3539 672 3587; x_wconf 86' lang='lat' dir='ltr'>lris</span> <span class='ocrx_word' id='word_1_323' title='bbox 686 3539 760 3588; x_wconf 78' lang='lat' dir='ltr'>verbis</span> <span class='ocrx_word' id='word_1_324' title='bbox 776 3539 871 3586; x_wconf 78' lang='lat' dir='ltr'>declaret</span> <span class='ocrx_word' id='word_1_325' title='bbox 880 3538 981 3586; x_wconf 83' lang='lat' dir='ltr'>Grotius:</span> <span class='ocrx_word' id='word_1_326' title='bbox 1002 3558 1010 3580; x_wconf 81' lang='grc' dir='ltr'>ι</span> <span class='ocrx_word' id='word_1_327' title='bbox 1028 3539 1060 3586; x_wconf 80' lang='lat' dir='ltr'>lia</span> <span class='ocrx_word' id='word_1_328' title='bbox 1071 3536 1185 3586; x_wconf 78' lang='lat' dir='ltr'>foederum</span> 
     </span>
     <span class='ocr_line' id='line_1_38' title="bbox 141 3614 1187 3681; baseline -0.002 -19"><span class='ocrx_word' id='word_1_329' title='bbox 141 3637 149 3662; x_wconf 83' lang='grc' dir='ltr'>ι</span> <span class='ocrx_word' id='word_1_330' title='bbox 166 3625 188 3665; x_wconf 87' lang='lat' dir='ltr'>et</span> <span class='ocrx_word' id='word_1_331' title='bbox 201 3617 343 3681; x_wconf 80' lang='lat' dir='ltr'>sponsionum</span> <span class='ocrx_word' id='word_1_332' title='bbox 361 3615 489 3662; x_wconf 81' lang='lat' dir='ltr'>discrimine</span> <span class='ocrx_word' id='word_1_333' title='bbox 499 3615 555 3661; x_wconf 81' lang='lat' dir='ltr'>adiri</span> <span class='ocrx_word' id='word_1_334' title='bbox 566 3621 637 3678; x_wconf 71' lang='lat' dir='ltr'>potest</span> <span class='ocrx_word' id='word_1_335' title='bbox 646 3617 721 3666; x_wconf 76' lang='lat' dir='ltr'>Livius</span> <span class='ocrx_word' id='word_1_336' title='bbox 735 3617 775 3664; x_wconf 81' lang='lat' dir='ltr'>lib.</span> <span class='ocrx_word' id='word_1_337' title='bbox 793 3617 830 3677; x_wconf 85' lang='lat' dir='ltr'>lx,</span> <span class='ocrx_word' id='word_1_338' title='bbox 852 3615 890 3661; x_wconf 85' lang='lat' dir='ltr'>nbi</span> <span class='ocrx_word' id='word_1_339' title='bbox 906 3622 963 3662; x_wconf 87' lang='lat' dir='ltr'>reete</span> <span class='ocrx_word' id='word_1_340' title='bbox 974 3631 1014 3661; x_wconf 82' lang='lat' dir='ltr'>nus</span> <span class='ocrx_word' id='word_1_341' title='bbox 1025 3614 1087 3660; x_wconf 86' lang='lat' dir='ltr'>docet</span> <span class='ocrx_word' id='word_1_342' title='bbox 1100 3614 1187 3660; x_wconf 75' lang='lat' dir='ltr'>loedere</span> 
     </span>
     <span class='ocr_line' id='line_1_39' title="bbox 103 3689 1187 3757; baseline -0.001 -21"><span class='ocrx_word' id='word_1_343' title='bbox 103 3729 104 3733; x_wconf 66' lang='grc'>,</span> <span class='ocrx_word' id='word_1_344' title='bbox 141 3709 150 3736; x_wconf 83' lang='lat' dir='ltr'>r</span> <span class='ocrx_word' id='word_1_345' title='bbox 169 3711 215 3741; x_wconf 81' lang='lat' dir='ltr'>esse</span> <span class='ocrx_word' id='word_1_346' title='bbox 225 3709 280 3757; x_wconf 79' lang='lat' dir='ltr'>quaa</span> <span class='ocrx_word' id='word_1_347' title='bbox 296 3691 350 3739; x_wconf 83' lang='lat' dir='ltr'>liant</span> <span class='ocrx_word' id='word_1_348' title='bbox 366 3691 425 3738; x_wconf 82' lang='lat' dir='ltr'>iussu</span> <span class='ocrx_word' id='word_1_349' title='bbox 442 3706 539 3738; x_wconf 84' lang='lat' dir='ltr'>oumnrno</span> <span class='ocrx_word' id='word_1_350' title='bbox 554 3693 675 3756; x_wconf 77' lang='lat' dir='ltr'>potestatis,</span> <span class='ocrx_word' id='word_1_351' title='bbox 692 3699 714 3738; x_wconf 88' lang='lat' dir='ltr'>et</span> <span class='ocrx_word' id='word_1_352' title='bbox 738 3693 762 3738; x_wconf 90' lang='lat' dir='ltr'>iu</span> <span class='ocrx_word' id='word_1_353' title='bbox 779 3691 858 3754; x_wconf 83' lang='lat' dir='ltr'>quibus</span> <span class='ocrx_word' id='word_1_354' title='bbox 873 3691 920 3753; x_wconf 85' lang='lat' dir='ltr'>ipse</span> <span class='ocrx_word' id='word_1_355' title='bbox 933 3689 1026 3754; x_wconf 82' lang='lat' dir='ltr'>populus</span> <span class='ocrx_word' id='word_1_356' title='bbox 1041 3691 1086 3737; x_wconf 81' lang='lat' dir='ltr'>irre</span> <span class='ocrx_word' id='word_1_357' title='bbox 1100 3689 1187 3736; x_wconf 77' lang='lat' dir='ltr'>divinae</span> 
     </span>
     <span class='ocr_line' id='line_1_40' title="bbox 141 3764 1187 3831; baseline -0.001 -19"><span class='ocrx_word' id='word_1_358' title='bbox 141 3783 150 3812; x_wconf 80' lang='lat' dir='ltr'>r</span> <span class='ocrx_word' id='word_1_359' title='bbox 168 3766 318 3831; x_wconf 80' lang='lat' dir='ltr'>obstriupitur,</span> <span class='ocrx_word' id='word_1_360' title='bbox 334 3769 352 3814; x_wconf 82' lang='lat' dir='ltr'>si</span> <span class='ocrx_word' id='word_1_361' title='bbox 363 3767 436 3814; x_wconf 87' lang='lat' dir='ltr'>miuus</span> <span class='ocrx_word' id='word_1_362' title='bbox 446 3771 515 3812; x_wconf 74' lang='lat' dir='ltr'>stetim</span> <span class='ocrx_word' id='word_1_363' title='bbox 526 3764 598 3812; x_wconf 85' lang='lat' dir='ltr'>dietis.</span> <span class='ocrx_word' id='word_1_364' title='bbox 607 3802 627 3813; x_wconf 91' lang='lat'>..</span> <span class='ocrx_word' id='word_1_365' title='bbox 644 3767 739 3831; x_wconf 82' lang='lat' dir='ltr'>sponsio</span> <span class='ocrx_word' id='word_1_366' title='bbox 752 3775 830 3814; x_wconf 79' lang='lat' dir='ltr'>eutem</span> <span class='ocrx_word' id='word_1_367' title='bbox 840 3771 881 3829; x_wconf 81' lang='lat' dir='ltr'>est,</span> <span class='ocrx_word' id='word_1_368' title='bbox 903 3765 941 3812; x_wconf 81' lang='lat' dir='ltr'>ubi</span> <span class='ocrx_word' id='word_1_369' title='bbox 957 3765 990 3829; x_wconf 83' lang='lat' dir='ltr'>bi,</span> <span class='ocrx_word' id='word_1_370' title='bbox 1008 3766 1045 3828; x_wconf 84' lang='lat' dir='ltr'>qni</span> <span class='ocrx_word' id='word_1_371' title='bbox 1060 3770 1187 3829; x_wconf 81' lang='lat' dir='ltr'>epotestnle</span> 
     </span>
     <span class='ocr_line' id='line_1_41' title="bbox 141 3842 1182 3924; baseline 0.007 -39"><span class='ocrx_word' id='word_1_372' title='bbox 141 3862 150 3885; x_wconf 85' lang='grc' dir='ltr'>ι</span> <span class='ocrx_word' id='word_1_373' title='bbox 168 3860 252 3892; x_wconf 86' lang='lat' dir='ltr'>sunrmu</span> <span class='ocrx_word' id='word_1_374' title='bbox 263 3845 388 3892; x_wconf 81' lang='lat' dir='ltr'>mundatum</span> <span class='ocrx_word' id='word_1_375' title='bbox 404 3843 450 3890; x_wconf 83' lang='lat' dir='ltr'>eiua</span> <span class='ocrx_word' id='word_1_376' title='bbox 468 3842 499 3888; x_wconf 86' lang='lat' dir='ltr'>rei</span> <span class='ocrx_word' id='word_1_377' title='bbox 515 3857 559 3888; x_wconf 84' lang='lat' dir='ltr'>nou</span> <span class='ocrx_word' id='word_1_378' title='bbox 575 3843 664 3908; x_wconf 82' lang='lat' dir='ltr'>lrabeat,</span> <span class='ocrx_word' id='word_1_379' title='bbox 688 3844 772 3907; x_wconf 85' lang='lat' dir='ltr'>aliquid</span> <span class='ocrx_word' id='word_1_380' title='bbox 787 3843 920 3917; x_wconf 74' lang='lat' dir='ltr'>promittuut</span> <span class='ocrx_word' id='word_1_381' title='bbox 939 3842 1073 3917; x_wconf 64' lang='lat' dir='ltr'>quartillata</span> <span class='ocrx_word' id='word_1_382' title='bbox 1094 3843 1182 3924; x_wconf 73' lang='lat' dir='ltr'>propria</span> 
     </span>
    </p>
   </div>
   <div class='ocr_carea' id='block_1_4' title="bbox 142 3918 719 3986">
    <p class='ocr_par' dir='ltr' id='par_1_6' title="bbox 142 3918 719 3986">
     <span class='ocr_line' id='line_1_42' title="bbox 142 3918 719 3986; baseline 0.012 -19"><span class='ocrx_word' id='word_1_383' title='bbox 142 3937 151 3960; x_wconf 74' lang='grc' dir='ltr'>ι</span> <span class='ocrx_word' id='word_1_384' title='bbox 170 3921 245 3986; x_wconf 77' lang='lat' dir='ltr'>tanqit.</span> <span class='ocrx_word' id='word_1_385' title='bbox 262 3943 271 3965; x_wconf 86' lang='lat'><strong>·</strong></span> <span class='ocrx_word' id='word_1_386' title='bbox 292 3925 324 3974; x_wconf 80' lang='lat' dir='ltr'>De</span> <span class='ocrx_word' id='word_1_387' title='bbox 334 3923 387 3974; x_wconf 80' lang='lat' dir='ltr'>iure</span> <span class='ocrx_word' id='word_1_388' title='bbox 399 3921 453 3970; x_wconf 81' lang='lat' dir='ltr'>delli</span> <span class='ocrx_word' id='word_1_389' title='bbox 464 3923 485 3970; x_wconf 80' lang='lat' dir='ltr'>et</span> <span class='ocrx_word' id='word_1_390' title='bbox 493 3919 559 3986; x_wconf 77' lang='lat' dir='ltr'>perir</span> <span class='ocrx_word' id='word_1_391' title='bbox 573 3918 589 3968; x_wconf 89' lang='lat' dir='ltr'>l.</span> <span class='ocrx_word' id='word_1_392' title='bbox 607 3919 632 3980; x_wconf 81' lang='lat'>2,</span> <span class='ocrx_word' id='word_1_393' title='bbox 648 3936 667 3971; x_wconf 86' lang='lat' dir='ltr'>e.</span> <span class='ocrx_word' id='word_1_394' title='bbox 681 3920 719 3976; x_wconf 77' lang='lat' dir='ltr'>tt.</span> 
     </span>
    </p>
   </div>
   <div class='ocr_carea' id='block_1_5' title="bbox 0 0 1388 4492">
    <p class='ocr_par' dir='ltr' id='par_1_7' title="bbox 0 0 1388 4492">
     <span class='ocr_line' id='line_1_43' title="bbox 0 0 1388 4492; baseline 0 3"><span class='ocrx_word' id='word_1_395' title='bbox 0 0 1388 4492; x_wconf 95' lang='lat' dir='ltr'> </span> 
     </span>
    </p>
   </div>
  </div>
 </body>
</html>
