2767 4492
149 257 152 264 '
247 257 283 317 ts
707 267 834 313 suescas

248 357 294 416 sit:
313 353 449 425 Quodest
474 351 605 427 simplex,
622 352 653 412 in
670 356 767 426 partes
782 351 906 426 discerpi
920 350 1029 426 nequit
1045 353 1097 412 sed
1115 353 1230 413 animus
1253 358 1299 414 est

247 438 381 513 simplem
406 452 474 512 ergo
487 439 519 496 in
533 441 628 512 partes
642 435 765 509 discerpi
787 435 897 510 neqmt.
914 435 1083 510 Exemplum
1099 452 1165 496 vero
1182 440 1298 510 generis

247 521 412 598 posterioris
435 521 481 580 sit:
508 519 679 579 simundus
699 519 905 579 mutationibus
923 519 1057 593 silicibus,
1083 527 1201 580 nonest
1222 538 1295 595 ase;

248 607 300 667 sed
313 605 389 680 quod
403 621 421 665 a
433 619 466 664 se
484 619 543 663 non
552 609 604 678 est,
621 609 771 662 aeternum
784 619 848 664 esse
862 617 920 662 non
935 604 1035 677 potunt
1047 619 1116 677 ergo
1131 605 1157 662 si
1171 607 1297 666 mundns

248 689 454 752 mutationibus
475 688 608 761 allicitur,
633 693 767 747 aeternus
787 703 851 747 esse
864 703 922 746 non
936 687 1037 762 potuit.
1053 687 1093 746 lle
1112 694 1233 763 utroque
1246 690 1298 762 igi·

250 783 297 835 tur
309 775 364 834 boc
377 788 482 848 gemme
495 773 724 847 syllogismorum
734 772 864 846 proprias
876 771 954 844 leges
967 786 1112 845 exponere
1125 787 1160 831 ac
1172 773 1299 834 breviter

247 861 444 918 demensusre
457 856 604 916 debemus.
622 856 702 924 Quod
714 861 748 914 ut
764 855 915 927 iaciamus,
931 855 1057 928 primum
1071 855 1106 914 de
1129 856 1296 930 syllogismo

249 942 383 1016 simplici,
399 940 502 1001 deinde
516 941 551 1000 de
566 940 725 1012 composito
738 939 922 998 disseremus.

283 1025 458 1100 Principium
471 1025 600 1084 omnium
615 1025 712 1097 legum
720 1021 876 1097 syllogismi
885 1022 1033 1096 simplicis,
1050 1029 1079 1082 et
1092 1023 1180 1085 ueluti
1197 1026 1297 1086 tunda-

248 1116 378 1170 mentum
393 1109 462 1168 erlis
475 1107 665 1168 ratiocinandi
678 1112 790 1165 rotems
802 1120 902 1165 omnes
915 1112 980 1180 post
994 1107 1172 1168 Aristotelem
1186 1109 1218 1168 in
1227 1111 1296 1169 duo-

249 1195 305 1254 bus
320 1193 510 1271 axiomatibus
525 1191 612 1251 situm
626 1205 689 1249 esse
703 1204 884 1264 perspexere,
900 1203 974 1263 quae
983 1190 1096 1249 dictum
1110 1191 1145 1250 de
1158 1194 1250 1263 onesi,
1271 1204 1297 1252 ct

250 1279 363 1338 dictum
377 1277 412 1334 dc
427 1275 511 1334 πυῑὶο
525 1273 721 1334 nominabant.
743 1273 869 1332 Primum
884 1273 927 1332 sic
942 1274 1086 1332 enunbari
1099 1281 1200 1348 potest:
1215 1278 1297 1350 quid-

249 1360 319 1435 quid
332 1359 490 1435 generetim
499 1364 529 1419 et
538 1357 775 1432 completealioui
784 1357 894 1417 notioni
904 1356 1147 1431 tribuitur,‚tribui
1155 1360 1241 1419 etiam
1251 1362 1298 1421 dc-

246 1547 311 1593 risse
322 1546 407 1605 Μαί
420 1545 593 1603 moenem
607 1544 654 1589 Sed
666 1545 743 1590 orasis
754 1543 856 1602 spiritate
868 1547 902 1590 eat
914 1543 1059 1600 Μαίας
1069 1546 1132 1603 Erpa
1145 1546 1229 1602 stipes
1242 1547 1298 1591 seb·

247 1624 337 1670 alentio
350 1621 434 1680 eosdm
448 1619 615 1677 iststtipesatio.

296 1696 410 1742 Praeterea
426 1693 644 1740 animadvertendum
658 1697 710 1755 est,
725 1695 819 1755 primam
836 1693 929 1754 figuram
947 1694 1077 1742 concludere
1096 1709 1160 1757 posse
1175 1710 1220 1740 non
1234 1695 1299 1741 modo

249 1772 346 1824 directe,
356 1767 394 1815 sed
405 1769 471 1814 etiam
486 1769 607 1816 indirecte.
624 1767 740 1814 Conclusio
753 1769 842 1814 directo
856 1768 945 1831 dicitnr,
954 1785 1003 1814 cnm
1014 1770 1103 1816 termini
1117 1768 1222 1816 illationis
1236 1785 1300 1816 eum-

250 1844 300 1890 dem
316 1842 388 1890 locum
403 1843 427 1888 iu
442 1857 467 1889 es
483 1847 608 1904 occnpant,
623 1857 688 1904 mem
702 1841 838 1904 mcupabsnt
852 1843 876 1888 in
890 1843 1033 1904 praemissis3
1048 1845 1079 1890 ite
1097 1849 1122 1890 st
1139 1845 1245 1890 termium
1261 1847 1299 1907 qni

250 1919 293 1976 luit
303 1919 327 1964 in
337 1917 461 1980 praemissis
476 1917 632 1981 praedicatum,
648 1917 677 1963 sit
690 1917 840 1979 praedicatum
853 1918 877 1963 in
893 1917 1045 1981 conclusion03
1061 1919 1158 1981 itemque
1170 1920 1209 1980 qui
1223 1919 1299 1966 subie-

250 1999 310 2040 ctum
324 1998 371 2038 erat
385 1993 408 2038 in
422 1993 556 2056 preemiasis,
572 1991 664 2038 subiecti
678 2007 770 2039 munere
783 1991 887 2053 impetur
900 1993 925 2039 iu
939 1993 1087 2039 conclusione.
1103 1994 1219 2041 mastusia
1232 1997 1299 2041 iaedi-

250 2073 314 2116 recto
324 2066 393 2131 audit,
406 2082 455 2114 cum
466 2071 542 2113 centu
556 2067 644 2114 termini
660 2068 683 2112 iu
699 2066 839 2113 conclusione
853 2066 928 2114 Mem
941 2066 1024 2114 babent
1037 2067 1144 2115 diversam
1154 2068 1182 2115 ab
1191 2085 1226 2132 ea,
1233 2084 1299 2131 mam

248 2145 373 2194 habueruut
387 2144 410 2190 iu
425 2144 558 2207 praemissis.
579 2143 683 2205 Exemplo
697 2143 727 2188 sit
741 2143 777 2189 lrie
790 2142 946 2205 syllogismus:
964 2145 1036 2190 Omne
1057 2147 1174 2192 rationale
1191 2151 1224 2192 cst
1240 2147 1299 2192 lite-

249 2234 322 2276 ηας
342 2221 388 2267 Sed
407 2221 483 2266 omss's
502 2221 568 2266 mmo
585 2223 617 2265 est
634 2219 778 2272 orettosaests's,¹
795 2221 859 2276 Erpo
878 2219 976 2277 aliquod
992 2219 1093 2265 istm
1112 2220 1299 2267 aesomnes

249 2300 322 2342 antem
336 2293 462 2356 contingere
484 2309 528 2340 nou
551 2297 641 2356 potest,
657 2294 702 2339 uisi
716 2294 740 2338 in
755 2293 826 2354 prime
840 2291 917 2354 figure.
935 2294 990 2338 lium
1005 2293 1062 2339 desse
1074 2293 1180 2356 reliquiae
1195 2295 1300 2341 wmiuos

250 2373 280 2418 ita
294 2369 391 2434 habeut,
406 2375 432 2416 ut
445 2368 501 2416 alter
515 2367 614 2415 eamdem
627 2367 701 2415 udam
716 2373 807 2430 occupet
815 2402 823 2429 ,
839 2373 904 2430 etque
917 2367 1037 2429 occupabat
1050 2369 1073 2414 in
1088 2369 1228 2432 praemissis3
1245 2370 1300 2418 alter

249 2461 301 2492 roro
315 2445 432 2506 diuersam,
444 2447 469 2490 ut
479 2443 568 2506 paulum
583 2442 705 2490 claudenti
716 2447 784 2504 patet.
794 2441 874 2488 Tribus
890 2443 956 2503 igitur
971 2442 1047 2504 ipsuis
1062 2449 1140 2505 pamla
1152 2444 1204 2490 addi
1218 2451 1298 2507 potest,

250 2535 275 2566 ea
288 2520 395 2566 nimirum
408 2533 465 2580 quae
479 2517 585 2564 indirecte
600 2518 719 2564 concludit.

298 2597 354 2642 llius
374 2597 486 2656 asapinta
505 2601 597 2656 quatuor
616 2600 731 2656 emergunt
750 2595 926 2658 syllogismorum
946 2597 1018 2642 modi.
1035 2597 1074 2641 Est
1091 2597 1152 2642 euim
1170 2599 1301 2657 aetiopiami

249 2672 332 2720 mostata
346 2669 463 2716 artiliciosa
478 2669 647 2731 praemissarum
662 2669 783 2716 “mudum
798 2673 936 2730 quotitotees
949 2671 984 2718 rel
999 2674 1154 2730 quantitatem
1175 2672 1298 2735 dispositio.

250 2745 356 2802 Quocirca
371 2749 404 2792 tot
419 2745 543 2792 moriautur
556 2749 653 2806 oportet,
670 2749 723 2807 quot
737 2745 880 2807 disposituras
894 2746 918 2790 in
933 2745 1059 2807 syllogismo
1073 2747 1206 2808 praemissae
1219 2750 1300 2794 nasei-

250 2821 282 2866 sci
296 2825 396 2883 possum.
412 2820 458 2866 llas
472 2825 544 2868 autem
563 2811 707 2882 disposituros
721 2819 748 2867 sd
764 2825 857 2882 quatum
867 2823 890 2867 et
903 2822 1014 2881 sesapinta
1027 2827 1080 2866 sunt
1094 2836 1203 2885 numm
1218 2823 1301 2884 qnippe

251 2911 301 2942 enm
317 2896 341 2941 iu
355 2895 432 2958 quvis
447 2893 516 2956 flpura
532 2895 577 2942 sint
591 2895 693 2942 sedecim.
710 2896 766 2942 Nam
780 2895 850 2956 lipara
867 2894 978 2958 quaelibet
996 2895 1031 2942 rel
1049 2896 1080 2942 ita
1100 2886 1150 2943 sess
1170 2898 1300 2959 praemissas

249 2971 359 3035 disponit,
375 2975 400 3018 ut
414 2969 490 3018 ambae
504 2971 550 3017 sint
563 2971 716 3034 uuissrralss3
731 2970 767 3018 sel
783 2976 807 3016 ut
821 2969 898 3017 ambae
911 2971 957 3017 sint
970 2971 1126 3035 particularem
1142 2971 1178 3018 rel
1191 2977 1217 3017 ut
1229 2973 1300 3019 maier

249 3047 279 3094 sit
293 3045 443 3110 uniuersalis,
458 3045 531 3094 minor
546 3046 697 3108 particularis3
712 3045 748 3094 rel
762 3046 857 3108 denique
869 3047 987 3094 rioereros.
1004 3047 1102 3109 itemque
1115 3038 1208 3109 quilibet
1221 3047 1300 3094 hrum

250 3121 425 3183 syllogismorum
435 3121 515 3168 variari
529 3121 609 3166 iterum
623 3127 695 3183 potest
708 3121 872 3183 qusdrilsriam.
888 3122 911 3168 Si
926 3123 986 3168 euim
999 3123 1093 3170 sumitur
1107 3139 1141 3169 ex.
1158 3138 1192 3183 pr.
1208 3127 1301 3184 utreque

251 3196 371 3258 praemissa
384 3195 530 3258 universalis5
546 3196 587 3242 hae
600 3195 634 3242 rel
648 3201 714 3242 munt
726 3197 803 3245 ambae
816 3196 969 3260 affirmantes,
985 3196 1020 3243 rel
1034 3197 1111 3244 ambae
1125 3202 1249 3258 nquam,
1264 3197 1300 3243 sel

250 3271 321 3316 maior
335 3269 446 3316 affirmans
466 3277 488 3317 st
505 3271 579 3316 minor
595 3285 693 3333 repens,
709 3272 744 3318 rel
757 3277 841 3318 coum.
859 3271 950 3332 Singula
965 3272 1031 3331 igitur
1046 3273 1217 3335 quadripartitae
1231 3288 1299 3335 supe-

252 3343 316 3393 sioris
332 3344 447 3392 divisionis
460 3344 557 3393 mamhra
571 3345 734 3408 quadruplicari
747 3351 848 3409 pauni.
864 3345 905 3391 Sed
920 3351 1013 3407 qssstuor
1028 3354 1104 3410 quom
1117 3352 1229 3410 sumptum
1244 3363 1301 3409 sup-

251 3418 336 3482 peditat
351 3417 467 3466 sexdecim.
485 3421 510 3466 ln
525 3421 602 3482 quavis
616 3437 667 3481 erpo
681 3423 760 3480 merc
773 3421 832 3466 bunc
846 3435 962 3467 summm
981 3421 1088 3483 babebis3
1104 3423 1143 3484 qui
1162 3438 1212 3468 cum
1228 3421 1301 3468 denno

251 3496 276 3540 in
290 3493 437 3557 quadruplum
451 3494 502 3540 duci
517 3493 594 3542 debeat
609 3494 728 3558 (siquidem
742 3494 824 3556 liparae
838 3501 890 3542 sunt
903 3497 1025 3559 quatuor),
1040 3498 1165 3559 supputatis
1180 3496 1299 3544 omnibus.

251 3569 362 3629 sesapiuta
376 3573 469 3630 mutuor
484 3575 599 3631 exsurgent
612 3569 788 3632 syllogismorum
803 3571 873 3618 modi.

298 3645 327 3690 st
342 3658 386 3689 nou
401 3644 478 3692 borum
493 3645 574 3708 singuli
588 3644 616 3692 ad
631 3645 770 3700 inlerendum
783 3646 868 3710 valeat3
885 3662 929 3694 nou
945 3649 1005 3694 enim
1017 3663 1110 3710 omnes,
1125 3649 1165 3696 sed
1180 3647 1301 3694 mremde-

250 3719 294 3765 cim
311 3723 396 3764 tantm
411 3719 532 3782 syllogismi
546 3720 631 3780 repulsa
646 3725 740 3767 serrant.
757 3721 819 3776 Quod
833 3720 871 3784 qui
884 3721 959 3769 ridere
972 3723 1052 3785 eupit,
1068 3723 1131 3770 adeat
1145 3722 1250 3769 Wollism
1264 3723 1301 3770 rel

251 3793 392 3857 tieltnppium
405 3793 453 3844 tuse
467 3794 520 3856 baec
534 3794 724 3859 explicuissent
737 3796 816 3848 melius
830 3803 926 3845 ‹eomm
941 3796 1104 3847 dialoeticorsm
1118 3796 1251 3846 Summslas.
