2767 4492
568 377 699 444 imi!

521 552 688 615 duramnus
703 551 747 613 ur.

336 716 578 785 nomenoium
593 721 722 784 umus
736 679 771 782 eu
786 721 843 782 aar
857 718 929 783 otu.

154 891 186 954 16
204 891 244 953 Es
260 893 312 966 iis,
329 909 402 970 qnae
417 893 546 970 superius
560 891 702 969 explicata
722 890 930 970 suut,.tiquid0
948 895 1025 966 patet
1039 887 1154 952 felicita·

117 985 172 1040 tem
187 979 247 1040 veri
262 979 385 1046 nominis
396 979 427 1040 io
448 979 589 1054 praesenti
609 980 667 1039 vita
686 977 804 1038 minime
824 992 988 1038 concessam
1002 993 1084 1050 esse,
1100 993 1153 1039 uec

115 1063 221 1124 bouum
240 1064 309 1128 iliud
331 1065 494 1140 infinitum,
515 1063 597 1124 cuius
619 1079 715 1124 amore
736 1065 767 1122 iu
789 1063 911 1137 siugulis
934 1062 1154 1137 appetitionibus

114 1148 304 1224 impettimur,
319 1149 350 1210 io
366 1149 423 1208 utta
439 1156 536 1208 creata
553 1164 602 1222 rs,
619 1149 668 1208 sed
688 1149 719 1210 in
734 1148 794 1214 snio
808 1150 918 1222 obiecto
933 1147 1079 1220 increato,
1097 1146 1153 1211 Deo

114 1234 269 1307 nimirum,
285 1234 422 1309 reperiri,
437 1234 513 1308 quod
536 1243 599 1308 post
620 1235 676 1292 fata
697 1234 823 1310 corporis
840 1249 1034 1310 assequamur.
1059 1233 1155 1294 Restat

114 1319 201 1392 igitur
214 1327 244 1378 ut
259 1319 322 1386 uita
335 1335 487 1394 praesens,
505 1326 651 1394 umquam
673 1320 851 1395 praeparatio
871 1319 1011 1396 quaedam
1025 1326 1055 1377 et
1069 1317 1155 1378 veluti

115 1404 290 1478 tirocinium,
306 1406 343 1464 ad
356 1410 462 1468 etomnt
475 1405 557 1464 ilium
573 1405 728 1480 habeatur,
744 1407 836 1482 sitque
851 1406 932 1480 quasi
947 1405 1088 1480 palaestra
1103 1403 1150 1462 ho·

113 1488 184 1548 mini
198 1487 272 1562 data,
289 1489 320 1548 fn
336 1505 392 1564 qua
405 1489 586 1551 neumarum
605 1489 749 1550 actionum
763 1491 899 1550 exmoitio
915 1506 945 1550 se
961 1489 1037 1549 iltius
1054 1504 1152 1562 supre·
1239 1489 1249 1510 ·

112 1574 154 1638 mi
169 1574 235 1636 honi
248 1576 398 1650 adeptione
409 1577 530 1650 dignum
545 1575 662 1635 officim.
681 1576 712 1634 Et
727 1591 796 1636 sane
809 1575 866 1634 nisi
880 1576 1035 1648 hominem,
1053 1581 1154 1634 natura

112 1667 287 1734 repugnante
301 1667 329 1722 et
343 1661 570 1734 mumadicente,
588 1660 619 1720 in
635 1662 690 1723 duo
705 1661 783 1720 entia
798 1662 881 1736 piane
896 1661 1048 1734 distincta,
1066 1660 1155 1718 immo

113 1745 199 1804 etiam
214 1745 290 1808 uniit
303 1746 379 1804 inter
393 1761 423 1806 se
438 1745 549 1806 uocato
564 1761 715 1819 munerea,
732 1745 831 1819 partiri
847 1743 997 1813 volumus,
1012 1743 1153 1803 ordinem.

112 1845 168 1904 que
179 1829 293 1891 divinae
307 1829 463 1904 sapiendae
476 1831 586 1890 uoimts
600 1830 898 1905 debitadostituimus,
915 1832 973 1889 uita
985 1844 1118 1904 praeseus
1132 1841 1150 1889 o

111 1915 207 1974 futura
222 1917 399 1978 dissociando
413 1916 531 1978 minime
545 1923 607 1990 est,
623 1917 674 1976 sed
692 1917 784 1990 potius
797 1932 863 1974 cum
878 1917 940 1990 ipsa
953 1914 1045 1973 amico
1061 1913 1151 1972 foede

112 2017 143 2060 re
156 2001 321 2075 caligando.
338 2002 412 2062 faiis
425 2001 512 2076 igitur
526 2015 588 2062 esee
598 2001 685 2063 debet
697 2003 770 2060 iuter
781 2010 930 2076 utramque
941 1999 1110 2071 coniunctio,
1121 2001 1152 2057 ut

113 2101 170 2144 uua
181 2087 220 2144 ad
233 2086 352 2146 domam
365 2087 561 2160 ducatumque
574 2086 637 2144 eins
652 2085 739 2144 vdua
756 2087 801 2154 ria
815 2093 844 2143 et
857 2085 988 2144 inchoata
1003 2081 1151 2157 possessio.

111 2169 168 2230 Nisi
182 2169 252 2229 haec
267 2169 370 2229 veritas
385 2170 455 2228 altas
469 2171 500 2228 iu
514 2170 609 2228 auimo
624 2169 735 2228 radices
744 2174 817 2242 agat,
829 2184 862 2227 ac
874 2185 939 2242 prae
949 2169 1038 2227 ocutis
1049 2169 1153 2241 iugiter

110 2253 265 2328 habeatnr,
283 2256 479 2314 perordinem
496 2263 614 2314 naturae
628 2255 782 2327 explicare,
801 2269 852 2312 uec
867 2255 1036 2330 sapientiam
1048 2253 1150 2312 Condi·

112 2338 180 2398 toris
194 2339 333 2412 deeque,
349 2355 403 2398 neo
419 2339 504 2399 uitam
519 2355 552 2398 ac
566 2354 660 2398 mores
675 2339 730 2398 rite
745 2355 930 2413 componere,
948 2355 1000 2398 nec
1017 2339 1151 2414 tranquil·

1 2483 2 2486 ,
111 2422 188 2484 titate
203 2423 308 2498 pertrui
321 2424 406 2483 nomo
426 2425 545 2498 poterit,
566 2425 616 2484 sed
637 2425 734 2484 omnia
755 2424 933 2496 inordinata,
950 2431 1149 2497 praepostera,

111 2507 216 2568 iniusta
230 2509 424 2584 apparebunt:
442 2508 531 2570 virtus
545 2509 623 2571 omui
640 2515 786 2569 uenusmte
801 2508 985 2579 viduabitur,
1000 2506 1153 2566 existentia

110 2593 284 2654 insomnium
298 2594 443 2654 dodrantis
459 2596 623 2670 phantasiae
637 2595 791 2654 iudicanda
804 2595 868 2667 erit,
878 2609 925 2652 cur
937 2590 1060 2650 hominis
1076 2606 1148 2662 vaga

110 2683 233 2754 quadam
248 2689 276 2741 et
294 2680 448 2742 insatiabili
468 2681 622 2757 mpidttate
641 2682 757 2740 iuuiaus
773 2679 843 2738 diris
863 2677 1036 2736 cruciatibus
1050 2675 1151 2732 ditace·

110 2765 227 2825 rabitur.
250 2767 338 2826 immo
352 2782 405 2826 nec
423 2767 506 2827 civiie
527 2766 700 2827 consortium
716 2773 858 2838 superstes
872 2764 936 2833 erit,
953 2761 1002 2818 sed
1017 2774 1146 2834 quaeque

110 2851 255 2910 domatio
269 2853 362 2910 cudite
377 2854 518 2926 quoddam
535 2854 658 2910 ferorum
671 2855 862 2918 convertetur,
873 2863 907 2904 ac
921 2846 1034 2919 singula
1048 2845 1146 2904 fruma·

109 2951 147 2993 ua
160 2935 307 2994 individua
320 2936 421 2994 hettnis
437 2935 573 2994 ferociora
587 2935 717 2992 evadent.
735 2934 826 3000 Otrare
839 2933 982 2991 societatis
993 2937 1022 2990 et
1035 2930 1149 2990 morati-

110 3020 173 3080 tatis
189 3020 281 3078 hostes
297 3020 352 3078 huc
366 3034 468 3077 neruos
482 3019 634 3078 intendunt
648 3025 791 3092 etomoes
805 3025 924 3076 conatus
938 3017 1080 3090 dirigunt,
1099 3023 1145 3090 ut,

108 3107 132 3164 si
149 3105 208 3164 iteri
225 3105 321 3178 possit,
335 3105 496 3164 hominihus
513 3103 700 3178 persuadeant
716 3103 878 3162 felicitatem
890 3103 1004 3162 uoouisi
1019 3105 1049 3160 in
1066 3101 1149 3162 terris

109 3205 170 3248 csse
185 3191 395 3264 quaerendam3
416 3196 499 3264 atque
515 3191 544 3248 in
561 3191 614 3246 trac
629 3193 782 3246 eventurae
798 3187 872 3246 vitae
888 3189 1036 3262 negatione
1052 3187 1149 3246 Socio-

108 3274 188 3334 tirmi
206 3283 328 3349 systema
341 3281 548 3349 superstruuot.
566 3274 642 3342 Quod
658 3273 682 3332 si
698 3273 806 3331 uefario
821 3289 905 3348 scopo
922 3275 1103 3344 frustrantur,
1117 3271 1148 3330 id

108 3375 146 3419 err
159 3360 341 3434 insuperabili
355 3360 418 3418 tuce
436 3361 567 3434 procedit,
585 3375 641 3434 qua
655 3359 798 3418 contraria
816 3360 918 3416 verius
932 3358 1059 3424 renidet,
1077 3363 1105 3413 et
1119 3353 1147 3414 ui

108 3447 189 3505 ouius
207 3453 268 3504 taur
291 3446 426 3520 profunde
447 3447 551 3504 animis
576 3447 752 3518 populorum·
765 3445 893 3528 insidet,
916 3452 945 3501 ur
971 3442 1033 3515 ptus
1049 3442 1145 3498 miuus

108 3532 253 3591 obscurari
276 3539 304 3589 et
327 3531 467 3590 debilitari
492 3531 642 3604 aliquando
667 3532 773 3603 possit,
791 3531 903 3606 peuttue
928 3526 1064 3610 extirpari
1087 3537 1145 3582 uon

109 3619 205 3689 possit.

144 3703 171 3760 td
187 3719 252 3778 ergo
263 3719 331 3764 curn
347 3709 600 3778 constetque-ares:
617 3704 761 3778 quodnam
776 3703 829 3760 erit
843 3700 950 3761 bonum
966 3699 1032 3759 ittud
1051 3694 1142 3758 maxi·

108 3800 185 3844 mum
200 3795 229 3845 et
248 3792 519 3863 praestantissimum
538 3789 644 3848 homini
665 3794 873 3864 procurandum
891 3798 919 3846 et
933 3785 1142 3859 assequendum

107 3870 137 3930 in
153 3871 206 3930 trac
221 3875 295 3950 vita,
313 3885 343 3934 nt
356 3876 570 3936 destinationem
589 3889 672 3936 auam
688 3879 743 3936 rite
756 3875 895 3950 impleat?
916 3873 966 3934 uui
981 3868 1141 3948 quaestioni

107 3961 601 4040 warnestunensis
