2767 4492
523 261 578 306 333
592 258 767 307 ouronourn
1120 250 1171 310 153
1210 245 1215 260 '

157 347 213 407 Nec
222 345 304 406 dicas
316 346 391 404 hanc
401 345 619 420 dependentiam
629 345 845 421 intelligendam
856 361 919 407 csse
932 348 1092 420 1133333133,
1105 363 1173 422 qua·

122 435 206 490 tenus
219 431 367 506 possibilia
381 436 537 504 exsurgant
550 446 607 490 uon
623 432 734 492 actione
749 431 863 491 divinas
878 433 1036 506 potentiae,
1054 431 1104 492 sed
1119 447 1171 506 per

121 523 285 590 respectum
298 517 336 575 ad
354 515 455 590 ipsam.
473 516 543 575 Nam
561 515 643 574 31113
664 521 754 588 esset,
770 517 896 590 potentia
915 517 1013 576 diviua
1033 515 1172 575 limitibus

120 607 311 674 coerceretur3
328 599 403 674 quod
417 605 567 674 repugnat.
579 600 612 658 111
621 615 653 658 re
663 600 780 673 quidem
795 615 871 673 vera,
884 599 909 659 si
919 602 997 660 cutia
1011 601 1129 675 quaevis
1140 601 1171 658 in

121 691 232 743 tautum
246 690 343 744 essent
356 684 518 759 possibilia,
534 684 567 742 in
581 689 721 758 quantum
734 684 808 742 Deus
823 685 978 757 producere
993 684 1041 742 illa
1056 693 1167 759 posset;

118 783 220 828 corum
229 769 431 845 oppositaideo
440 767 808 843 impossibiliadicerentur,
820 768 887 842 quia
897 769 971 828 Deus
981 769 1081 828 eadem
1092 783 1170 828 crea·

117 868 152 911 re
166 869 224 914 uon
233 861 338 929 posset.
356 855 402 914 Sic
412 854 654 928 quemadmodum
669 852 817 926 querenti:
835 868 886 910 cur
901 853 1024 912 circulus
1033 853 1170 912 rotundus

116 952 180 996 non
193 936 347 1013 repugnat,
362 937 669 1013 responsum-daretur
682 937 714 994 iu
734 949 769 994 ea
783 936 946 1010 hypothesi:
964 937 1033 1011 quia
1050 937 1170 998 1133311-

116 1020 182 1078 lum
201 1022 297 1081 iacere
319 1028 425 1096 potest3
438 1022 501 1095 pari
511 1021 623 1078 ratione
633 1021 809 1078 contrarium
819 1023 996 1092 percontanti
1011 1037 1063 1080 cur
1079 1023 1171 1080 circu-

115 1103 985 1180 1333333313333333331,333333333333133331,3313111333
1001 1105 1082 1164 illmn
1097 1107 1171 1166 iace·

115 1203 153 1259 re
167 1190 277 1262 nequit.
290 1191 378 1263 ltqne
392 1190 433 1247 ita
446 1189 578 1247 similiter
597 1189 629 1244 iu
643 1187 745 1245 ceteris
759 1187 983 1260 impossibilibus
1000 1191 1072 1249 ratio
1088 1191 1171 1250 desu-

114 1273 229 1329 menda
243 1274 316 1329 13331
332 1287 371 1328 ex
384 1272 447 1344 ipsa
461 1270 558 1328 divina
569 1270 681 1327 virtuto.
693 1269 795 1328 Divina
809 1270 896 1342 igitur
910 1273 1016 1344 virtus,
1034 1274 1095 1332 sinc
1113 1275 1172 1334 3113

116 1354 267 1412 obiectiva
287 1356 415 1426 ratione,
432 1354 483 1412 sed
498 1359 612 1410 tautum
635 1359 766 1426 respectu
791 1354 836 1412 sui
850 1353 971 1412 dicenda
985 1365 1060 1413 esset
1078 1357 1173 1430 aliqua

115 1453 217 1512 posse,
230 1438 287 1496 3113
300 1453 368 1496 vero
381 1452 440 1496 uon
453 1437 593 1511 possald
607 1443 704 1496 autem
719 1437 922 1496 imbecillitatis
932 1443 960 1496 et
971 1437 1094 1497 limitum
1109 1455 1173 1498 con·

117 1528 240 1594 ceptum
254 1521 383 1579 involvit.

158 1607 315 1679 Praeterea,
332 1607 357 1665 si
371 1607 496 1666 resideo
511 1611 607 1666 esseut
620 1607 770 1681 possibiles
785 1609 853 1681 quia
867 1609 930 1666 fiori
945 1608 1029 1667 31133
1043 1613 1170 1682 possent

119 1690 187 1750 ideo
200 1690 275 1750 Deus
289 1691 431 1750 diceretur
444 1692 634 1765 omnipotens,
647 1693 715 1765 quia
729 1692 823 1752 tacere
838 1698 933 1768 posset
947 1709 982 1752 33
990 1695 1089 1752 omnia
1099 1709 1172 1768 quae

119 1781 226 1850 posset.
243 1776 321 1845 Quod
336 1791 402 1835 cum
416 1777 452 1835 de
467 1776 568 1850 quavis
583 1791 670 1835 causa
685 1783 838 1852 utcumque
853 1779 935 1836 linita
944 1778 1002 1838 dici
1016 1779 1109 1838 valeat
1124 1780 1172 1852 (si-

120 1861 237 1934 quidem
252 1861 345 1919 omnis
359 1877 446 1920 causa
465 1861 559 1919 iacere
578 1867 669 1935 potest
683 1876 718 1919 ea
737 1863 848 1935 onmia,
866 1878 939 1936 quae
954 1865 1073 1938 potestl3
1095 1869 1171 1923 certe

121 1951 172 2003 aut
185 1960 284 2003 omnes
298 1945 548 2004 indiscriminatim
562 1944 768 2018 omnipotentia
784 1946 927 2020 praeditae
945 1948 1002 2006 dici
1018 1948 1167 2020 deberent,

122 2029 260 2088 antheus
274 2029 331 2089 dici
345 2045 402 2088 non
411 2035 507 2104 posset
521 2030 710 2104 omnipotens.
724 2030 848 2097 Quorum
863 2037 961 2090 utrum
969 2033 1122 2092 absurdius
1133 2032 1171 2090 sit

120 2113 200 2173 haud
214 2113 348 2188 equidem
363 2115 431 2174 scio.

157 2199 190 2256 ht
203 2199 274 2257 haec
288 2199 386 2258 omnia
404 2206 597 2272 evanescunt,
613 2202 637 2260 31
652 2216 718 2260 3331
734 2201 846 2261 saniore
865 2202 1045 2278 philosophia
1065 2210 1170 2263 statua·

122 2291 170 2342 tur
181 2299 228 2342 res
242 2284 355 2342 interna
368 2285 476 2359 pertrui
490 2286 690 2360 possibilitate,
708 2291 861 2360 antequam
876 2288 913 2346 ad
928 2289 1054 2347 divinam
1068 2294 1169 2362 poten-

121 2369 192 2426 tiam
210 2370 379 2428 reierantur.
402 2371 513 2429 Petenti
537 2371 617 2429 enim
638 2377 705 2430 tunc
720 2387 836 2430 causam
856 2387 907 2430 cur
921 2372 1028 2444 aliquid
1044 2373 1101 2429 1133
1116 2373 1169 2429 im-

120 2453 255 2526 possibile
269 2453 315 2526 sit,
328 2470 374 2513 ex.
386 2471 429 2527 gr.
445 2456 553 2514 creatio
569 2455 699 2514 bominis
714 2455 904 2515 irrationalis
919 2458 965 2515 vel
976 2455 1170 2531 1333133331-

122 2537 223 2610 133113,
238 2553 407 2612 responsum
421 2539 452 2600 iu
468 2545 600 2614 promptu
615 2540 683 2599 erit:
702 2540 768 2614 quia
783 2541 853 2601 haec
869 2547 898 2599 et
911 2541 1017 2600 similia
1032 2541 1105 2600 entis
1120 2555 1164 2600 ra·

122 2620 227 2679 tionem
241 2637 298 2680 non
314 2623 428 2682 habent.
446 2623 523 2684 Notis
533 2624 612 2682 enim
626 2631 726 2683 mutuo
736 2625 929 2698 pugnantibus
944 2642 1031 2700 seque
1045 2626 1170 2685 invicem

120 2704 331 2765 destruentibus
346 2712 485 2781 coustant,
498 2714 582 2781 atque
596 2709 661 2767 ideo
676 2709 749 2766 nihil
763 2709 793 2765 iu
807 2709 918 2768 obiecto
932 2711 1110 2782 relinquunt;
1128 2709 1170 2768 ni-

121 2787 163 2848 bil
176 2795 274 2849 autem
288 2792 365 2850 effici
378 2793 489 2865 nequit.
506 2793 637 2865 Apposite
652 2793 680 2849 S.
693 2792 828 2848 Thomas:
843 2815 853 2840 3
868 2793 938 2857 Quia
952 2793 1092 2864 potentiae
1103 2792 1170 2847 acti·

124 2896 135 2925 «
153 2890 207 2933 rac
221 2875 365 2933 obiectum
379 2882 407 2932 31
427 2875 546 2934 effectus
560 2881 604 2932 est
619 2889 671 2930 ens
686 2873 808 2943 iactum3
833 2873 912 2929 nulla
927 2879 1022 2929 autem
1046 2873 1172 2945 potentia

126 2983 137 3010 r
155 2957 350 3031 operationem
363 2957 450 3013 habet
464 2956 515 3012 ubi
528 2956 626 3012 delicit
644 2955 717 3011 ratio
732 2954 777 3008 sui
792 2954 909 3028 obiecti,
926 2955 1000 3012 sicut
1014 2957 1091 3014 visus
1113 2971 1171 3015 uon

124 3068 135 3094 u
154 3040 234 3098 ridet
247 3039 396 3096 deficiente
410 3036 515 3096 risibili
528 3037 560 3093 iu
575 3040 657 3108 actu3
679 3040 788 3108 oportet
802 3039 876 3110 quod
891 3039 965 3098 11333
987 3040 1098 3099 dicatur
1112 3057 1170 3100 non

124 3155 135 3180 a
152 3123 389 3201 possequidquid
403 3129 446 3182 est
460 3127 559 3181 contra
570 3121 713 3179 rationem
726 3119 799 3179 entis
814 3121 844 3180 in
859 3129 998 3196 quantum
1013 3131 1056 3184 331
1071 3141 1168 3184 333...

125 3238 135 3267 ι
154 3214 256 3272 Contra
269 3209 410 3268 rationem
424 3207 497 3268 entis
511 3214 555 3266 331
569 3207 643 3280 quod
658 3207 731 3265 cutis
746 3205 885 3266 rationem
902 3207 985 3282 tollit3
1003 3209 1110 3268 tollitur
1124 3227 1172 3270 au·

125 3324 137 3352 3
156 3305 213 3357 tem
227 3296 300 3355 ratio
315 3295 388 3354 entis
403 3309 455 3368 per
469 3309 554 3353 suum
567 3291 738 3366 oppositum,
751 3292 824 3350 sicut
837 3293 909 3352 ratio
924 3293 1047 3353 hominis
1057 3310 1107 3369 per
1122 3311 1170 3370 op·

126 3407 137 3435 .
154 3382 276 3456 positum
292 3379 354 3438 eius
368 3379 414 3439 vel
423 3379 547 3453 partium
562 3377 668 3452 ipsius;
685 3377 846 3452 oppositum
862 3383 958 3436 autem
972 3379 1098 3437 33113331
1112 3395 1170 3438 non

125 3491 136 3518 ι
153 3481 219 3540 333;
236 3467 289 3524 1133
303 3465 390 3538 igitur
404 3465 478 3523 11333
494 3479 550 3522 333
571 3467 679 3537 potest,
697 3468 729 3520 ut
744 3463 830 3520 faciat
844 3463 928 3522 simul
944 3478 1035 3522 unum
1050 3469 1078 3523 31
1092 3464 1169 3524 idem

126 3574 137 3603 ι
154 3566 216 3610 csse
230 3554 259 3609 31
272 3565 330 3608 non
344 3565 405 3608 asse
416 3596 423 3623 ‚
435 3549 510 3624 quod
524 3555 568 3608 est
583 3547 801 3607 contradictoria
814 3563 876 3607 3333
891 3548 976 3606 amul
991 3549 1015 3606 1.
1039 3572 1050 3600 ι
1068 3549 1169 3622 Quam-

122 3635 229 3709 obrem,
245 3639 277 3693 ut
292 3634 434 3708 sapienter
448 3634 606 3705 concludit,
623 3631 763 3691 eiusniodi
778 3633 889 3692 obiecta
907 3635 1109 3707 congruentius
1124 3635 1167 3694 di-

123 3724 226 3789 cuutur
238 3734 297 3778 nou
311 3735 393 3792 posse
408 3719 480 3792 lieri,
497 3734 584 3792 quam
598 3718 672 3779 Deus
686 3734 744 3778 333
758 3733 840 3792 posse
856 3717 905 3776 illa
920 3717 1023 3780 iacere.

168 3903 179 3948 l
197 3905 284 3950 Contra
302 3904 366 3950 Geat.
385 3902 443 3967 12,
459 3919 478 3948 c.
496 3902 535 3949 25.
