2767 4492
114 279 265 345 ’306
653 267 897 345 mummi.

247 386 338 454 Quare
354 385 462 445 unium
476 377 557 442 abeat
570 383 602 441 ut
616 397 634 440 a
647 383 884 457 protentanlisnro
893 379 985 460 repeti
1000 382 1268 461 possitincremen·

212 476 273 531 tum
285 469 377 529 udum
392 468 483 527 civilis
498 483 679 542 progressus,
695 473 728 526 ut
741 469 836 542 potius
851 470 956 530 exinde
971 472 1078 531 reactio
1091 477 1121 532 et
1141 473 1269 549 impedi·

210 561 307 616 menta
329 554 517 613 manaverint.
534 549 567 610 Et
588 552 829 627 quemadmodum
842 554 913 614 olim
927 569 966 615 cx
981 557 1266 632 septemtrionalibus

209 641 300 716 plagis
314 645 428 714 propter
442 639 630 698 barbarorum
644 638 793 698 incursum
807 640 950 715 pernicies
966 643 1070 702 veteris
1085 643 1218 704 culturae
1233 646 1267 704 in

210 741 327 788 romano
341 726 460 802 imperio
475 725 600 798 ememit,
612 733 640 784 et
649 725 726 784 orbis
740 739 815 800 pene
825 726 861 785 ad
874 727 952 788 vitae
963 727 1107 788 ierimtem
1121 729 1266 790 adductus

210 820 253 876 est
261 815 289 890 (a
302 829 359 889 qua
368 819 464 873 tamen
474 812 547 871 liber
560 811 650 871 erasit
663 826 718 885 ope
731 811 906 871 Christianae
917 813 1090 888 religionisl3
1107 814 1149 873 sic
1163 831 1266 875 recen·

208 903 263 962 tius
276 901 312 960 ab
336 900 436 960 eodem
454 897 684 972 semptemtriona
706 896 733 956 ri
751 897 974 971 protestantismi
988 914 1064 959 nora
1083 899 1166 959 labes
1184 901 1264 960 deri·

209 991 275 1047 vata
285 990 383 1046 contra
395 997 499 1044 noram
513 983 598 1041 linxit
611 983 762 1056 culturum,
779 997 911 1057 mmqne,
927 984 984 1044 nisi
999 983 1153 1044 aeternitas
1163 983 1265 1046 (latha

208 1071 313 1131 licismi
326 1069 500 1141 obstitisset,
516 1065 630 1142 penitus
644 1067 828 1127 eliminasset.
847 1067 967 1128 Videant
980 1068 1068 1143 igitur
1082 1083 1172 1144 quam
1186 1069 1264 1130 bene

209 1155 244 1216 de
260 1153 338 1214 civili
351 1153 437 1213 etiarn
450 1151 571 1211 utilitate
586 1156 750 1211 mereantur
764 1151 872 1225 politici
886 1151 940 1225 illi,
952 1152 1001 1227 qul
1016 1157 1066 1213 aut
1078 1155 1263 1227 protestanti-

209 1257 280 1310 smo,
296 1245 392 1300 arrtem
405 1240 507 1299 saltem
522 1237 666 1298 nonnullis
681 1239 743 1297 eins
757 1238 908 1314 principiis
920 1239 1026 1298 lavent.

244 1326 305 1386 abs.
323 1327 381 1387 Non
397 1325 467 1384 adeo
482 1324 622 1384 absurdus
636 1325 730 1398 prima
746 1325 839 1383 fronte
860 1331 978 1400 apparet
991 1325 1134 1386 secundus
1155 1341 1256 1402 error3

208 1417 305 1488 utpote
319 1412 368 1486 qui
378 1410 519 1469 Ecclesiae
532 1409 595 1468 iura
605 1409 706 1468 saltem
715 1423 775 1467 nnn
789 1409 950 1468 invadenda
963 1425 1026 1470 esse
1041 1411 1188 1470 concedat.
1202 1413 1261 1472 Sed
1354 1442 1355 1449 ι

209 1499 244 1556 ad
259 1513 326 1557 eum
336 1496 411 1571 quod
421 1495 530 1568 attinet,
547 1493 728 1553 distinctione
742 1509 814 1568 opus
827 1499 880 1553 est.
893 1495 1017 1554 Namrel
1031 1495 1072 1554 ita
1084 1495 1260 1568 intelligitur

208 1588 240 1642 ut
252 1582 360 1656 logicae
371 1581 550 1640 severitatem
565 1582 667 1653 servet,
684 1579 729 1638 rel
744 1585 777 1638 ut
790 1578 909 1653 alogica
920 1579 1072 1639 severitate
1087 1579 1213 1639 deliciet.
1232 1581 1262 1640 si

208 1665 315 1741 logicus
329 1681 391 1726 esse
404 1666 474 1739 vult,
491 1663 744 1739 aprotestantismi
759 1679 865 1736 errore,
881 1680 967 1739 quem
981 1681 1069 1740 supra
1086 1663 1258 1738 relellimus,

207 1751 280 1811 nibil
298 1749 402 1812 diiiert.
418 1751 486 1811 Nam
513 1749 744 1824 exasperatione
763 1748 813 1808 illa
838 1749 934 1810 Ststus
958 1748 1067 1824 politici
1081 1764 1098 1806 a
1112 1748 1259 1822 Religione

207 1833 367 1898 necessario
381 1836 510 1910 sequitur
526 1835 595 1893 utin
611 1833 735 1893 ioreudis
749 1832 863 1908 legibus
878 1834 1041 1893 nullaratio
1051 1833 1194 1893 Ecclesiae
1206 1833 1261 1892 ba·
1359 1902 1360 1917 χ

206 1922 316 1992 beatur,
333 1920 382 1979 sed
398 1923 509 1978 tantum
518 1918 633 1992 politica
648 1923 793 1992 spectetur
803 1919 921 1979 nudus.
937 1919 1009 1994 Ergo
1023 1919 1048 1979 si
1064 1919 1179 1994 quando
1189 1931 1260 1978 oon·
1359 1938 1360 1969 2

207 2006 297 2080 tingat
309 2009 342 2063 nt
357 2004 463 2063 utilitas
477 2002 592 2078 politica
613 2002 721 2076 aliquid
739 2004 920 2078 persuadeat,
936 2005 1015 2078 quod
1029 2003 1173 2063 Ecclesiae
1186 2003 1261 2078 legi·
1360 2012 1361 2033 ¹

205 2091 260 2150 bus
270 2091 446 2162 adversetur,
463 2088 493 2146 id
508 2087 569 2146 siue
584 2089 776 2148 controversia
787 2089 1012 2164 sanciripoterit,
1026 2093 1055 2148 et
1068 2088 1192 2148 civiliter
1201 2087 1261 2148 im·

204 2175 308 2249 perari.
325 2173 365 2232 En
379 2172 444 2231 iura
458 2171 646 2232 Ecclesiaaiu
660 2173 817 2234 discrimen
831 2175 954 2234 adducta
972 2179 1002 2234 et
1017 2173 1147 2234 ildelium
1158 2173 1262 2233 subdi·
1362 2234 1363 2259 ,

206 2263 300 2318 torum
314 2257 487 2318 conscientia
503 2257 640 2318 violenter
654 2273 799 2334 oppressa.
816 2259 866 2319 Sin
881 2275 952 2320 vero
968 2275 1049 2321 error
1067 2258 1115 2318 ille
1130 2273 1148 2318 a
1162 2258 1261 2333 logica
1362 2264 1363 2289 ³

206 2342 346 2416 desciscit,
367 2348 451 2417 atque
470 2343 506 2402 sb
522 2341 647 2402 Ecclesia
670 2345 713 2404 sic
728 2345 839 2404 Statum
857 2343 1010 2420 politicum
1033 2348 1154 2419 separat,
1179 2347 1213 2403 ut
1229 2343 1261 2403 ei

204 2443 258 2488 nec
272 2443 355 2502 opem
370 2429 451 2504 ierat,
468 2443 521 2488 nec
536 2427 673 2488 iniuriam
687 2427 811 2503 irroget3
827 2429 954 2490 latemur
970 2434 1097 2489 tenorem
1109 2429 1189 2487 bunc
1198 2427 1262 2487 mi·

204 2530 260 2574 nus
272 2529 335 2574 esse
350 2515 550 2589 perniciosum,
563 2521 591 2574 et
605 2515 745 2574 iacturam
761 2515 875 2574 lucilius
892 2513 1075 2575 tolerandam
1096 2513 1260 2575 includere.-

204 2599 293 2659 lmmn
307 2599 446 2660 eiusmodi
463 2605 516 2673 est,
533 2605 565 2658 nt
583 2599 614 2658 iu
628 2599 775 2658 nonnullis
789 2599 995 2673 societatibus,
1013 2613 1087 2674 quae
1102 2613 1139 2658 es
1161 2597 1260 2659 bomi-

204 2683 290 2744 nibus
313 2685 485 2759 multiplices
506 2688 534 2743 et
555 2683 712 2743 conuarios
734 2684 828 2744 cultus
850 2685 1048 2760 profitentibus
1069 2683 1258 2760 coalescunt,

202 2768 286 2828 vitari
300 2773 430 2844 nequeat.
447 2769 551 2828 Verum
572 2767 603 2828 id
617 2783 675 2828 non
690 2783 729 2828 ex
742 2768 863 2842 ordine,
880 2770 932 2829 sed
948 2785 988 2828 ex
1002 2767 1110 2829 ordinis
1124 2767 1261 2828 carentia

203 2853 329 2912 resultat.
345 2853 512 2930 imperfecta
526 2854 609 2912 eninr
623 2857 651 2913 et
665 2854 792 2928 caligans
802 2853 940 2928 conditio,
959 2870 1018 2929 qua
1032 2858 1164 2927 respectu
1177 2851 1261 2911 veri-

203 2937 268 2998 tatis
282 2937 430 3013 religiosae
444 2937 592 2998 societates
601 2938 666 2998 illae
676 2935 851 3013 alliciantur,
863 2938 946 2998 valde
955 2938 1087 3013 probibet
1096 2936 1260 3012 quominus

202 3023 234 3082 in
248 3023 344 3084 debita
358 3023 494 3083 relatione
508 3023 600 3098 quoad
616 3023 772 3084 Ecclesiam
786 3039 817 3083 se
832 3023 1025 3096 constituant;
1043 3023 1129 3097 idque
1152 3021 1190 3080 ad
1204 3035 1261 3080 ea·

202 3109 334 3168 rumdam
349 3107 593 3183 imperfectionem
607 3112 635 3168 et
649 3109 804 3168 ruditatem
817 3109 955 3183 pertinet.
965 3107 1083 3167 Deiecto
1097 3106 1175 3166 enim
1184 3121 1261 3166 con·

203 3193 362 3253 venientiae
377 3193 514 3267 laborant,
532 3198 617 3269 atque
631 3193 696 3253 ideo
710 3199 845 3253 naturam
875 3195 1023 3253 ordinatae
1037 3191 1181 3252 societatis
1192 3206 1262 3252 non

201 3277 256 3336 rite
270 3279 426 3352 attingunt,
443 3279 685 3352 quemadmodum
700 3295 758 3338 non
773 3280 827 3338 rito
842 3278 959 3352 attingit
973 3285 1108 3338 naturam
1123 3275 1261 3338 bominis

201 3362 236 3430 is,
248 3362 298 3437 qui
308 3362 522 3422 sensibilitatem
533 3362 594 3422 sine
608 3369 740 3437 respectu
748 3363 785 3421 ad
795 3363 1022 3437 intelligentiam,
1032 3367 1062 3421 et
1069 3375 1173 3436 corpus
1189 3361 1262 3423 siue

201 3445 338 3507 relatione
356 3447 391 3506 ad
407 3447 535 3507 animum
552 3448 760 3523 perliciendum
780 3447 836 3506 sibi
856 3447 997 3522 proponit.
1013 3447 1086 3506 llere
1099 3446 1190 3520 igitur
1204 3445 1262 3506 do-

199 3533 290 3592 ctrina
304 3531 353 3592 illa
367 3535 419 3606 est,
436 3547 511 3607 quae
525 3537 676 3607 utramque
691 3532 914 3592 sociantem-sle
931 3531 1088 3606 distinguit,
1104 3533 1138 3590 ut
1155 3534 1262 3591 tamen

202 3631 260 3676 nou
272 3623 383 3694 separet
398 3633 450 3678 nec
459 3617 606 3692 distrabat,
619 3617 671 3680 sed
685 3617 851 3676 harmonice
866 3616 978 3676 ordinet
992 3616 1068 3676 inter
1082 3629 1130 3690 se;
1147 3631 1261 3690 quem·

201 3701 355 3762 admodum
375 3702 541 3764 harmonica
565 3702 691 3762 ordinari
705 3703 828 3778 postulat
842 3701 874 3761 in
887 3701 977 3773 nobis}
987 3715 1091 3776 corpus
1105 3715 1171 3760 com
1188 3701 1262 3762 ani·

204 3799 270 3858 mo,
288 3787 347 3846 vita
360 3803 496 3862 praesens
511 3805 579 3848 cum
597 3789 703 3864 lutura,
719 3792 836 3850 mutuae
848 3787 1001 3850 relationes
1015 3785 1168 3848 bominum
1184 3801 1266 3851 cnm

201 3867 387 3934 relationibus
402 3873 439 3935 ad
452 3871 553 3938 Deum«
