<?xml version="1.0" encoding="UTF-8"?>
<!DOCTYPE html PUBLIC "-//W3C//DTD XHTML 1.0 Transitional//EN"
    "http://www.w3.org/TR/xhtml1/DTD/xhtml1-transitional.dtd">
<html xmlns="http://www.w3.org/1999/xhtml" xml:lang="en" lang="en">
 <head>
  <title>
</title>
<meta http-equiv="Content-Type" content="text/html;charset=utf-8" />
  <meta name='ocr-system' content='tesseract 3.04.00' />
  <meta name='ocr-capabilities' content='ocr_page ocr_carea ocr_par ocr_line ocrx_word'/>
</head>
<body>
  <div class='ocr_page' id='page_1' title='image "./institutionesph00libegoog_0764.png"; bbox 0 0 2767 4492; ppageno 0'>
   <div class='ocr_carea' id='block_1_1' title="bbox 228 345 834 407">
    <p class='ocr_par' dir='ltr' id='par_1_1' title="bbox 228 345 834 407">
     <span class='ocr_line' id='line_1_1' title="bbox 228 345 834 407; baseline 0.002 -4"><span class='ocrx_word' id='word_1_1' title='bbox 228 345 285 407; x_wconf 71' lang='lat' dir='ltr'><strong>liz</strong></span> <span class='ocrx_word' id='word_1_2' title='bbox 672 355 834 405; x_wconf 73' lang='lat' dir='ltr'><strong>mausona</strong></span> 
     </span>
    </p>
   </div>
   <div class='ocr_carea' id='block_1_2' title="bbox 220 438 1279 2039">
    <p class='ocr_par' dir='ltr' id='par_1_2' title="bbox 225 438 1279 857">
     <span class='ocr_line' id='line_1_2' title="bbox 227 438 1279 520; baseline -0.005 -17"><span class='ocrx_word' id='word_1_3' title='bbox 227 442 403 520; x_wconf 78' lang='lat' dir='ltr'><strong>primitivam</strong></span> <span class='ocrx_word' id='word_1_4' title='bbox 425 438 470 503; x_wconf 90' lang='lat' dir='ltr'><strong>sui</strong></span> <span class='ocrx_word' id='word_1_5' title='bbox 492 438 699 501; x_wconf 88' lang='lat' dir='ltr'><strong>institutionem</strong></span> <span class='ocrx_word' id='word_1_6' title='bbox 717 444 916 513; x_wconf 87' lang='lat' dir='ltr'><strong>revocaretur,</strong></span> <span class='ocrx_word' id='word_1_7' title='bbox 942 442 1027 515; x_wconf 88' lang='lat' dir='ltr'><strong>atque</strong></span> <span class='ocrx_word' id='word_1_8' title='bbox 1047 438 1084 499; x_wconf 86' lang='lat' dir='ltr'><strong>ad</strong></span> <span class='ocrx_word' id='word_1_9' title='bbox 1103 438 1279 515; x_wconf 86' lang='lat' dir='ltr'><strong>completam</strong></span> 
     </span>
     <span class='ocr_line' id='line_1_3' title="bbox 226 524 1279 603; baseline -0.002 -16"><span class='ocrx_word' id='word_1_10' title='bbox 226 529 358 603; x_wconf 88' lang='lat' dir='ltr'><strong>propriae</strong></span> <span class='ocrx_word' id='word_1_11' title='bbox 375 534 495 588; x_wconf 88' lang='lat' dir='ltr'><strong>naturae</strong></span> <span class='ocrx_word' id='word_1_12' title='bbox 511 526 729 601; x_wconf 88' lang='lat' dir='ltr'><strong>perlectionem,</strong></span> <span class='ocrx_word' id='word_1_13' title='bbox 750 540 823 599; x_wconf 88' lang='lat' dir='ltr'><strong>quae</strong></span> <span class='ocrx_word' id='word_1_14' title='bbox 842 525 1058 600; x_wconf 74' lang='lat' dir='ltr'><strong>perpetuitatem</strong></span> <span class='ocrx_word' id='word_1_15' title='bbox 1077 524 1214 599; x_wconf 79' lang='lat' dir='ltr'><strong>exquirit.</strong></span> <span class='ocrx_word' id='word_1_16' title='bbox 1235 526 1279 585; x_wconf 84' lang='lat' dir='ltr'><strong>ld·</strong></span> 
     </span>
     <span class='ocr_line' id='line_1_4' title="bbox 227 608 1278 687; baseline -0.002 -16"><span class='ocrx_word' id='word_1_17' title='bbox 227 630 283 687; x_wconf 84' lang='lat' dir='ltr'><strong>que</strong></span> <span class='ocrx_word' id='word_1_18' title='bbox 303 628 337 672; x_wconf 89' lang='lat' dir='ltr'><strong>eo</strong></span> <span class='ocrx_word' id='word_1_19' title='bbox 351 611 553 687; x_wconf 81' lang='lat' dir='ltr'><strong>congruentius</strong></span> <span class='ocrx_word' id='word_1_20' title='bbox 566 608 642 668; x_wconf 89' lang='lat' dir='ltr'><strong>ellici</strong></span> <span class='ocrx_word' id='word_1_21' title='bbox 662 608 761 683; x_wconf 85' lang='lat' dir='ltr'><strong>potuit,</strong></span> <span class='ocrx_word' id='word_1_22' title='bbox 778 609 853 683; x_wconf 85' lang='lat' dir='ltr'><strong>quod</strong></span> <span class='ocrx_word' id='word_1_23' title='bbox 870 610 942 669; x_wconf 86' lang='lat' dir='ltr'><strong>licus</strong></span> <span class='ocrx_word' id='word_1_24' title='bbox 962 609 1032 667; x_wconf 91' lang='lat' dir='ltr'><strong>dum</strong></span> <span class='ocrx_word' id='word_1_25' title='bbox 1046 610 1187 669; x_wconf 83' lang='lat' dir='ltr'><strong>eiusmodi</strong></span> <span class='ocrx_word' id='word_1_26' title='bbox 1201 625 1278 669; x_wconf 89' lang='lat' dir='ltr'><strong>onus</strong></span> 
     </span>
     <span class='ocr_line' id='line_1_5' title="bbox 225 694 1278 772; baseline -0.003 -14"><span class='ocrx_word' id='word_1_27' title='bbox 225 700 356 772; x_wconf 89' lang='lat' dir='ltr'><strong>imponit,</strong></span> <span class='ocrx_word' id='word_1_28' title='bbox 375 700 489 765; x_wconf 86' lang='lat' dir='ltr'><strong>interna</strong></span> <span class='ocrx_word' id='word_1_29' title='bbox 507 696 595 757; x_wconf 86' lang='lat' dir='ltr'><strong>etiam</strong></span> <span class='ocrx_word' id='word_1_30' title='bbox 609 710 662 770; x_wconf 92' lang='lat' dir='ltr'><strong>ope</strong></span> <span class='ocrx_word' id='word_1_31' title='bbox 681 696 789 769; x_wconf 83' lang='lat' dir='ltr'><strong>gratiae</strong></span> <span class='ocrx_word' id='word_1_32' title='bbox 810 695 919 755; x_wconf 81' lang='lat' dir='ltr'><strong>auxilia</strong></span> <span class='ocrx_word' id='word_1_33' title='bbox 937 694 1089 769; x_wconf 88' lang='lat' dir='ltr'><strong>ministrat,</strong></span> <span class='ocrx_word' id='word_1_34' title='bbox 1109 696 1215 770; x_wconf 86' lang='lat' dir='ltr'><strong>quibas</strong></span> <span class='ocrx_word' id='word_1_35' title='bbox 1234 696 1278 755; x_wconf 85' lang='lat' dir='ltr'><strong>la·</strong></span> 
     </span>
     <span class='ocr_line' id='line_1_6' title="bbox 225 785 466 857; baseline 0.004 -15"><span class='ocrx_word' id='word_1_36' title='bbox 225 786 280 843; x_wconf 89' lang='lat' dir='ltr'><strong>elle</strong></span> <span class='ocrx_word' id='word_1_37' title='bbox 299 785 466 857; x_wconf 79' lang='lat' dir='ltr'><strong>perferatur.</strong></span> 
     </span>
    </p>

    <p class='ocr_par' dir='ltr' id='par_1_3' title="bbox 220 864 1278 2039">
     <span class='ocr_line' id='line_1_7' title="bbox 263 864 1278 943; baseline -0.004 -14"><span class='ocrx_word' id='word_1_38' title='bbox 263 870 323 929; x_wconf 82' lang='lat'><strong>133.</strong></span> <span class='ocrx_word' id='word_1_39' title='bbox 340 870 388 928; x_wconf 89' lang='lat' dir='ltr'><strong>llis</strong></span> <span class='ocrx_word' id='word_1_40' title='bbox 403 867 550 943; x_wconf 81' lang='lat' dir='ltr'><strong>expositis,</strong></span> <span class='ocrx_word' id='word_1_41' title='bbox 567 881 638 939; x_wconf 82' lang='lat' dir='ltr'><strong>opus</strong></span> <span class='ocrx_word' id='word_1_42' title='bbox 656 880 714 925; x_wconf 95' lang='lat' dir='ltr'><strong>non</strong></span> <span class='ocrx_word' id='word_1_43' title='bbox 732 872 775 925; x_wconf 86' lang='lat' dir='ltr'><strong>est</strong></span> <span class='ocrx_word' id='word_1_44' title='bbox 793 870 826 924; x_wconf 89' lang='lat' dir='ltr'><strong>ut</strong></span> <span class='ocrx_word' id='word_1_45' title='bbox 845 864 875 924; x_wconf 92' lang='lat' dir='ltr'><strong>in</strong></span> <span class='ocrx_word' id='word_1_46' title='bbox 893 864 1119 938; x_wconf 83' lang='lat' dir='ltr'><strong>difficultatibus,</strong></span> <span class='ocrx_word' id='word_1_47' title='bbox 1135 880 1211 940; x_wconf 83' lang='lat' dir='ltr'><strong>quae</strong></span> <span class='ocrx_word' id='word_1_48' title='bbox 1226 882 1278 941; x_wconf 83' lang='lat' dir='ltr'><strong>og-</strong></span> 
     </span>
     <span class='ocr_line' id='line_1_8' title="bbox 226 950 1276 1028; baseline -0.003 -15"><span class='ocrx_word' id='word_1_49' title='bbox 226 960 374 1028; x_wconf 83' lang='lat' dir='ltr'><strong>geruntuv,</strong></span> <span class='ocrx_word' id='word_1_50' title='bbox 392 952 548 1011; x_wconf 81' lang='lat' dir='ltr'><strong>enodandis</strong></span> <span class='ocrx_word' id='word_1_51' title='bbox 566 966 721 1023; x_wconf 89' lang='lat' dir='ltr'><strong>moremur,</strong></span> <span class='ocrx_word' id='word_1_52' title='bbox 740 965 806 1009; x_wconf 88' lang='lat' dir='ltr'><strong>cunr</strong></span> <span class='ocrx_word' id='word_1_53' title='bbox 823 966 875 1025; x_wconf 91' lang='lat' dir='ltr'><strong>per</strong></span> <span class='ocrx_word' id='word_1_54' title='bbox 891 966 922 1009; x_wconf 90' lang='lat' dir='ltr'><strong>se</strong></span> <span class='ocrx_word' id='word_1_55' title='bbox 940 950 1054 1025; x_wconf 92' lang='lat' dir='ltr'><strong>penitus</strong></span> <span class='ocrx_word' id='word_1_56' title='bbox 1072 956 1217 1009; x_wconf 85' lang='lat' dir='ltr'><strong>corruant.</strong></span> <span class='ocrx_word' id='word_1_57' title='bbox 1230 952 1276 1011; x_wconf 89' lang='lat' dir='ltr'><strong>ln·</strong></span> 
     </span>
     <span class='ocr_line' id='line_1_9' title="bbox 226 1034 1276 1110; baseline -0.003 -12"><span class='ocrx_word' id='word_1_58' title='bbox 226 1040 383 1099; x_wconf 88' lang='lat' dir='ltr'><strong>commodis</strong></span> <span class='ocrx_word' id='word_1_59' title='bbox 397 1039 474 1097; x_wconf 92' lang='lat' dir='ltr'><strong>enim</strong></span> <span class='ocrx_word' id='word_1_60' title='bbox 489 1042 519 1095; x_wconf 90' lang='lat' dir='ltr'><strong>et</strong></span> <span class='ocrx_word' id='word_1_61' title='bbox 533 1034 801 1110; x_wconf 78' lang='lat' dir='ltr'><strong>perturbationibus,</strong></span> <span class='ocrx_word' id='word_1_62' title='bbox 814 1050 887 1109; x_wconf 84' lang='lat' dir='ltr'><strong>quae</strong></span> <span class='ocrx_word' id='word_1_63' title='bbox 901 1050 937 1093; x_wconf 88' lang='lat' dir='ltr'><strong>ex</strong></span> <span class='ocrx_word' id='word_1_64' title='bbox 955 1034 1091 1109; x_wconf 86' lang='lat' dir='ltr'><strong>pravitate</strong></span> <span class='ocrx_word' id='word_1_65' title='bbox 1105 1034 1191 1095; x_wconf 90' lang='lat' dir='ltr'><strong>unios</strong></span> <span class='ocrx_word' id='word_1_66' title='bbox 1207 1050 1276 1095; x_wconf 90' lang='lat' dir='ltr'><strong>oon-</strong></span> 
     </span>
     <span class='ocr_line' id='line_1_10' title="bbox 224 1118 1277 1197; baseline -0.005 -13"><span class='ocrx_word' id='word_1_67' title='bbox 224 1124 300 1197; x_wconf 81' lang='lat' dir='ltr'><strong>iugis</strong></span> <span class='ocrx_word' id='word_1_68' title='bbox 318 1124 388 1183; x_wconf 76' lang='lat' dir='ltr'><strong>torm</strong></span> <span class='ocrx_word' id='word_1_69' title='bbox 406 1122 545 1193; x_wconf 91' lang='lat' dir='ltr'><strong>oriantur,</strong></span> <span class='ocrx_word' id='word_1_70' title='bbox 560 1119 634 1179; x_wconf 81' lang='lat' dir='ltr'><strong>satis</strong></span> <span class='ocrx_word' id='word_1_71' title='bbox 652 1120 783 1178; x_wconf 88' lang='lat' dir='ltr'><strong>medetur</strong></span> <span class='ocrx_word' id='word_1_72' title='bbox 800 1120 954 1179; x_wconf 89' lang='lat' dir='ltr'><strong>divortium</strong></span> <span class='ocrx_word' id='word_1_73' title='bbox 972 1118 1181 1193; x_wconf 78' lang='lat' dir='ltr'><strong>imperfectum,</strong></span> <span class='ocrx_word' id='word_1_74' title='bbox 1197 1121 1277 1193; x_wconf 78' lang='lat' dir='ltr'><strong>quod</strong></span> 
     </span>
     <span class='ocr_line' id='line_1_11' title="bbox 225 1202 1277 1280; baseline -0.004 -13"><span class='ocrx_word' id='word_1_75' title='bbox 225 1207 262 1267; x_wconf 92' lang='lat' dir='ltr'><strong>ob</strong></span> <span class='ocrx_word' id='word_1_76' title='bbox 281 1222 383 1280; x_wconf 82' lang='lat' dir='ltr'><strong>graves</strong></span> <span class='ocrx_word' id='word_1_77' title='bbox 397 1220 499 1265; x_wconf 88' lang='lat' dir='ltr'><strong>causas</strong></span> <span class='ocrx_word' id='word_1_78' title='bbox 518 1204 625 1263; x_wconf 91' lang='lat' dir='ltr'><strong>licitum</strong></span> <span class='ocrx_word' id='word_1_79' title='bbox 644 1218 707 1262; x_wconf 86' lang='lat' dir='ltr'><strong>esse</strong></span> <span class='ocrx_word' id='word_1_80' title='bbox 727 1203 863 1265; x_wconf 78' lang='lat' dir='ltr'><strong>diximus.</strong></span> <span class='ocrx_word' id='word_1_81' title='bbox 886 1202 965 1271; x_wconf 82' lang='lat' dir='ltr'><strong>Quod</strong></span> <span class='ocrx_word' id='word_1_82' title='bbox 984 1209 1079 1263; x_wconf 87' lang='lat' dir='ltr'><strong>autem</strong></span> <span class='ocrx_word' id='word_1_83' title='bbox 1094 1204 1277 1277; x_wconf 85' lang='lat' dir='ltr'><strong>separatione</strong></span> 
     </span>
     <span class='ocr_line' id='line_1_12' title="bbox 225 1287 1276 1367; baseline -0.002 -16"><span class='ocrx_word' id='word_1_84' title='bbox 225 1299 353 1367; x_wconf 85' lang='lat' dir='ltr'><strong>peracta,</strong></span> <span class='ocrx_word' id='word_1_85' title='bbox 379 1291 517 1350; x_wconf 90' lang='lat' dir='ltr'><strong>innocens</strong></span> <span class='ocrx_word' id='word_1_86' title='bbox 537 1305 604 1363; x_wconf 88' lang='lat' dir='ltr'><strong>pars</strong></span> <span class='ocrx_word' id='word_1_87' title='bbox 624 1287 828 1347; x_wconf 88' lang='lat' dir='ltr'><strong>continentiam</strong></span> <span class='ocrx_word' id='word_1_88' title='bbox 849 1302 963 1347; x_wconf 88' lang='lat' dir='ltr'><strong>servare</strong></span> <span class='ocrx_word' id='word_1_89' title='bbox 982 1294 1122 1360; x_wconf 68' lang='lat' dir='ltr'><strong>uocatur,</strong></span> <span class='ocrx_word' id='word_1_90' title='bbox 1147 1288 1212 1347; x_wconf 84' lang='lat' dir='ltr'><strong>lieet</strong></span> <span class='ocrx_word' id='word_1_91' title='bbox 1231 1288 1276 1349; x_wconf 88' lang='lat' dir='ltr'><strong>in-</strong></span> 
     </span>
     <span class='ocr_line' id='line_1_13' title="bbox 225 1372 1276 1450; baseline -0.003 -14"><span class='ocrx_word' id='word_1_92' title='bbox 225 1376 297 1450; x_wconf 90' lang='lat' dir='ltr'><strong>vita,</strong></span> <span class='ocrx_word' id='word_1_93' title='bbox 314 1385 343 1436; x_wconf 86' lang='lat' dir='ltr'><strong>et</strong></span> <span class='ocrx_word' id='word_1_94' title='bbox 358 1376 422 1435; x_wconf 86' lang='lat' dir='ltr'><strong>sine</strong></span> <span class='ocrx_word' id='word_1_95' title='bbox 438 1376 536 1450; x_wconf 91' lang='lat' dir='ltr'><strong>culpa,</strong></span> <span class='ocrx_word' id='word_1_96' title='bbox 557 1374 581 1432; x_wconf 88' lang='lat' dir='ltr'><strong>si</strong></span> <span class='ocrx_word' id='word_1_97' title='bbox 601 1388 687 1446; x_wconf 85' lang='lat' dir='ltr'><strong>grave</strong></span> <span class='ocrx_word' id='word_1_98' title='bbox 705 1380 767 1445; x_wconf 86' lang='lat' dir='ltr'><strong>est,</strong></span> <span class='ocrx_word' id='word_1_99' title='bbox 789 1372 902 1431; x_wconf 77' lang='lat' dir='ltr'><strong>toleravi</strong></span> <span class='ocrx_word' id='word_1_100' title='bbox 920 1372 1022 1445; x_wconf 84' lang='lat' dir='ltr'><strong>dabet;</strong></span> <span class='ocrx_word' id='word_1_101' title='bbox 1042 1372 1116 1431; x_wconf 90' lang='lat' dir='ltr'><strong>sicut</strong></span> <span class='ocrx_word' id='word_1_102' title='bbox 1140 1372 1276 1433; x_wconf 89' lang='lat' dir='ltr'><strong>toleratur</strong></span> 
     </span>
     <span class='ocr_line' id='line_1_14' title="bbox 224 1456 1276 1535; baseline -0.003 -15"><span class='ocrx_word' id='word_1_103' title='bbox 224 1462 320 1532; x_wconf 87' lang='lat' dir='ltr'><strong>abiis,</strong></span> <span class='ocrx_word' id='word_1_104' title='bbox 336 1461 396 1535; x_wconf 85' lang='lat' dir='ltr'><strong>qui,</strong></span> <span class='ocrx_word' id='word_1_105' title='bbox 413 1461 479 1519; x_wconf 91' lang='lat' dir='ltr'><strong>licet</strong></span> <span class='ocrx_word' id='word_1_106' title='bbox 497 1459 676 1533; x_wconf 81' lang='lat' dir='ltr'><strong>nupturient,</strong></span> <span class='ocrx_word' id='word_1_107' title='bbox 694 1463 788 1515; x_wconf 76' lang='lat' dir='ltr'><strong>minen</strong></span> <span class='ocrx_word' id='word_1_108' title='bbox 807 1472 845 1515; x_wconf 84' lang='lat' dir='ltr'><strong>ex</strong></span> <span class='ocrx_word' id='word_1_109' title='bbox 859 1463 1025 1531; x_wconf 88' lang='lat' dir='ltr'><strong>paupertate</strong></span> <span class='ocrx_word' id='word_1_110' title='bbox 1044 1462 1093 1515; x_wconf 89' lang='lat' dir='ltr'><strong>aut</strong></span> <span class='ocrx_word' id='word_1_111' title='bbox 1108 1456 1208 1516; x_wconf 87' lang='lat' dir='ltr'><strong>morbo</strong></span> <span class='ocrx_word' id='word_1_112' title='bbox 1223 1464 1276 1517; x_wconf 93' lang='lat' dir='ltr'><strong>aut</strong></span> 
     </span>
     <span class='ocr_line' id='line_1_15' title="bbox 223 1541 1274 1617; baseline -0.002 -12"><span class='ocrx_word' id='word_1_113' title='bbox 223 1547 280 1605; x_wconf 88' lang='lat' dir='ltr'><strong>alio</strong></span> <span class='ocrx_word' id='word_1_114' title='bbox 296 1546 410 1605; x_wconf 88' lang='lat' dir='ltr'><strong>delectu</strong></span> <span class='ocrx_word' id='word_1_115' title='bbox 434 1544 542 1603; x_wconf 88' lang='lat' dir='ltr'><strong>nubere</strong></span> <span class='ocrx_word' id='word_1_116' title='bbox 562 1541 757 1617; x_wconf 88' lang='lat' dir='ltr'><strong>probibentur.</strong></span> <span class='ocrx_word' id='word_1_117' title='bbox 780 1542 868 1614; x_wconf 72' lang='lat' dir='ltr'><strong>Attilae</strong></span> <span class='ocrx_word' id='word_1_118' title='bbox 889 1542 916 1599; x_wconf 87' lang='lat' dir='ltr'><strong>id</strong></span> <span class='ocrx_word' id='word_1_119' title='bbox 938 1541 1274 1603; x_wconf 84' lang='lat' dir='ltr'><strong>rebusbumenis&#39;vilio</strong></span> 
     </span>
     <span class='ocr_line' id='line_1_16' title="bbox 222 1624 1273 1703; baseline -0.003 -13"><span class='ocrx_word' id='word_1_120' title='bbox 222 1632 389 1691; x_wconf 85' lang='lat' dir='ltr'><strong>vertendum</strong></span> <span class='ocrx_word' id='word_1_121' title='bbox 410 1640 463 1703; x_wconf 86' lang='lat' dir='ltr'><strong>est,</strong></span> <span class='ocrx_word' id='word_1_122' title='bbox 479 1644 554 1702; x_wconf 83' lang='lat' dir='ltr'><strong>quae</strong></span> <span class='ocrx_word' id='word_1_123' title='bbox 573 1642 686 1700; x_wconf 88' lang='lat' dir='ltr'><strong>semper</strong></span> <span class='ocrx_word' id='word_1_124' title='bbox 705 1625 737 1684; x_wconf 94' lang='lat' dir='ltr'><strong>in</strong></span> <span class='ocrx_word' id='word_1_125' title='bbox 752 1624 848 1699; x_wconf 86' lang='lat' dir='ltr'><strong>aliquo</strong></span> <span class='ocrx_word' id='word_1_126' title='bbox 865 1624 1009 1686; x_wconf 88' lang='lat' dir='ltr'><strong>deliciunt.</strong></span> <span class='ocrx_word' id='word_1_127' title='bbox 1027 1626 1155 1685; x_wconf 86' lang='lat' dir='ltr'><strong>Ceterum</strong></span> <span class='ocrx_word' id='word_1_128' title='bbox 1174 1627 1199 1685; x_wconf 88' lang='lat' dir='ltr'><strong>si</strong></span> <span class='ocrx_word' id='word_1_129' title='bbox 1218 1628 1273 1688; x_wconf 89' lang='lat' dir='ltr'><strong>lroc</strong></span> 
     </span>
     <span class='ocr_line' id='line_1_17' title="bbox 221 1710 1273 1786; baseline -0.003 -11"><span class='ocrx_word' id='word_1_130' title='bbox 221 1716 330 1777; x_wconf 90' lang='lat' dir='ltr'><strong>malam</strong></span> <span class='ocrx_word' id='word_1_131' title='bbox 348 1731 416 1773; x_wconf 91' lang='lat' dir='ltr'><strong>eum</strong></span> <span class='ocrx_word' id='word_1_132' title='bbox 434 1715 516 1786; x_wconf 82' lang='lat' dir='ltr'><strong>longe</strong></span> <span class='ocrx_word' id='word_1_133' title='bbox 533 1710 721 1770; x_wconf 88' lang='lat' dir='ltr'><strong>deterioribus</strong></span> <span class='ocrx_word' id='word_1_134' title='bbox 737 1710 849 1769; x_wconf 87' lang='lat' dir='ltr'><strong>damnis</strong></span> <span class='ocrx_word' id='word_1_135' title='bbox 864 1717 1053 1785; x_wconf 79' lang='lat' dir='ltr'><strong>comparetur,</strong></span> <span class='ocrx_word' id='word_1_136' title='bbox 1069 1726 1143 1784; x_wconf 84' lang='lat' dir='ltr'><strong>quae</strong></span> <span class='ocrx_word' id='word_1_137' title='bbox 1161 1726 1220 1770; x_wconf 94' lang='lat' dir='ltr'><strong>non</strong></span> <span class='ocrx_word' id='word_1_138' title='bbox 1241 1713 1273 1772; x_wconf 93' lang='lat' dir='ltr'><strong>in</strong></span> 
     </span>
     <span class='ocr_line' id='line_1_18' title="bbox 222 1795 1271 1872; baseline -0.002 -14"><span class='ocrx_word' id='word_1_139' title='bbox 222 1800 316 1872; x_wconf 84' lang='lat' dir='ltr'><strong>aliqrro</strong></span> <span class='ocrx_word' id='word_1_140' title='bbox 335 1798 492 1870; x_wconf 88' lang='lat' dir='ltr'><strong>individuo,</strong></span> <span class='ocrx_word' id='word_1_141' title='bbox 509 1796 560 1855; x_wconf 85' lang='lat' dir='ltr'><strong>sed</strong></span> <span class='ocrx_word' id='word_1_142' title='bbox 579 1796 610 1854; x_wconf 92' lang='lat' dir='ltr'><strong>in</strong></span> <span class='ocrx_word' id='word_1_143' title='bbox 626 1800 683 1854; x_wconf 89' lang='lat' dir='ltr'><strong>tota</strong></span> <span class='ocrx_word' id='word_1_144' title='bbox 697 1796 830 1855; x_wconf 88' lang='lat' dir='ltr'><strong>societate</strong></span> <span class='ocrx_word' id='word_1_145' title='bbox 847 1810 885 1853; x_wconf 84' lang='lat' dir='ltr'><strong>ox</strong></span> <span class='ocrx_word' id='word_1_146' title='bbox 901 1795 1085 1855; x_wconf 84' lang='lat' dir='ltr'><strong>dissolutione</strong></span> <span class='ocrx_word' id='word_1_147' title='bbox 1102 1796 1271 1870; x_wconf 88' lang='lat' dir='ltr'><strong>nuptiarum</strong></span> 
     </span>
     <span class='ocr_line' id='line_1_19' title="bbox 220 1879 1271 1956; baseline -0.001 -13"><span class='ocrx_word' id='word_1_148' title='bbox 220 1884 375 1955; x_wconf 81' lang='lat' dir='ltr'><strong>orirentur3</strong></span> <span class='ocrx_word' id='word_1_149' title='bbox 396 1880 549 1955; x_wconf 86' lang='lat' dir='ltr'><strong>optabilius</strong></span> <span class='ocrx_word' id='word_1_150' title='bbox 567 1886 654 1945; x_wconf 87' lang='lat' dir='ltr'><strong>certe,</strong></span> <span class='ocrx_word' id='word_1_151' title='bbox 674 1886 703 1939; x_wconf 85' lang='lat' dir='ltr'><strong>et</strong></span> <span class='ocrx_word' id='word_1_152' title='bbox 722 1881 805 1954; x_wconf 78' lang='lat' dir='ltr'><strong>longe</strong></span> <span class='ocrx_word' id='word_1_153' title='bbox 825 1879 914 1939; x_wconf 88' lang='lat' dir='ltr'><strong>levius</strong></span> <span class='ocrx_word' id='word_1_154' title='bbox 933 1896 996 1939; x_wconf 88' lang='lat' dir='ltr'><strong>esse</strong></span> <span class='ocrx_word' id='word_1_155' title='bbox 1016 1880 1169 1955; x_wconf 88' lang='lat' dir='ltr'><strong>videbitur,</strong></span> <span class='ocrx_word' id='word_1_156' title='bbox 1180 1898 1271 1956; x_wconf 80' lang='lat' dir='ltr'><strong>quam</strong></span> 
     </span>
     <span class='ocr_line' id='line_1_20' title="bbox 221 1964 1271 2039; baseline 0.001 -13"><span class='ocrx_word' id='word_1_157' title='bbox 221 1967 379 2027; x_wconf 83' lang='lat' dir='ltr'><strong>volubilitas</strong></span> <span class='ocrx_word' id='word_1_158' title='bbox 398 1966 504 2024; x_wconf 90' lang='lat' dir='ltr'><strong>vinculi</strong></span> <span class='ocrx_word' id='word_1_159' title='bbox 521 1964 667 2023; x_wconf 88' lang='lat' dir='ltr'><strong>maritalis.</strong></span> <span class='ocrx_word' id='word_1_160' title='bbox 685 1965 775 2038; x_wconf 81' lang='lat' dir='ltr'><strong>lique</strong></span> <span class='ocrx_word' id='word_1_161' title='bbox 795 1964 862 2023; x_wconf 90' lang='lat' dir='ltr'><strong>hino</strong></span> <span class='ocrx_word' id='word_1_162' title='bbox 883 1964 969 2023; x_wconf 89' lang='lat' dir='ltr'><strong>etiam</strong></span> <span class='ocrx_word' id='word_1_163' title='bbox 984 1980 1151 2039; x_wconf 83' lang='lat' dir='ltr'><strong>responsum</strong></span> <span class='ocrx_word' id='word_1_164' title='bbox 1171 1982 1271 2028; x_wconf 85' lang='lat' dir='ltr'><strong>sumes</strong></span> 
     </span>
    </p>
   </div>
   <div class='ocr_carea' id='block_1_3' title="bbox 220 2049 1376 2209">
    <p class='ocr_par' dir='ltr' id='par_1_4' title="bbox 220 2049 1376 2209">
     <span class='ocr_line' id='line_1_21' title="bbox 220 2049 1376 2129; baseline -0.004 -19"><span class='ocrx_word' id='word_1_165' title='bbox 220 2067 272 2129; x_wconf 90' lang='lat' dir='ltr'><strong>pro</strong></span> <span class='ocrx_word' id='word_1_166' title='bbox 286 2050 460 2122; x_wconf 88' lang='lat' dir='ltr'><strong>dillieultate,</strong></span> <span class='ocrx_word' id='word_1_167' title='bbox 479 2064 552 2123; x_wconf 82' lang='lat' dir='ltr'><strong>quae</strong></span> <span class='ocrx_word' id='word_1_168' title='bbox 568 2064 605 2107; x_wconf 83' lang='lat' dir='ltr'><strong>ex</strong></span> <span class='ocrx_word' id='word_1_169' title='bbox 620 2049 767 2109; x_wconf 88' lang='lat' dir='ltr'><strong>sterilitate</strong></span> <span class='ocrx_word' id='word_1_170' title='bbox 782 2050 911 2124; x_wconf 88' lang='lat' dir='ltr'><strong>coniugis</strong></span> <span class='ocrx_word' id='word_1_171' title='bbox 929 2050 1114 2123; x_wconf 86' lang='lat' dir='ltr'><strong>depromitur.</strong></span> <span class='ocrx_word' id='word_1_172' title='bbox 1132 2052 1204 2110; x_wconf 84' lang='lat' dir='ltr'><strong>liam</strong></span> <span class='ocrx_word' id='word_1_173' title='bbox 1224 2070 1271 2111; x_wconf 90' lang='lat' dir='ltr'><strong>su·</strong></span> <span class='ocrx_word' id='word_1_174' title='bbox 1375 2098 1376 2105; x_wconf 71' lang='grc'>,</span> 
     </span>
     <span class='ocr_line' id='line_1_22' title="bbox 220 2132 1376 2209; baseline -0.002 -12"><span class='ocrx_word' id='word_1_175' title='bbox 220 2136 327 2209; x_wconf 76' lang='lat' dir='ltr'><strong>eceptio</strong></span> <span class='ocrx_word' id='word_1_176' title='bbox 345 2133 500 2193; x_wconf 90' lang='lat' dir='ltr'><strong>liberorum</strong></span> <span class='ocrx_word' id='word_1_177' title='bbox 519 2132 549 2191; x_wconf 92' lang='lat' dir='ltr'><strong>in</strong></span> <span class='ocrx_word' id='word_1_178' title='bbox 569 2132 717 2192; x_wconf 87' lang='lat' dir='ltr'><strong>individuo</strong></span> <span class='ocrx_word' id='word_1_179' title='bbox 739 2149 794 2192; x_wconf 92' lang='lat' dir='ltr'><strong>ono</strong></span> <span class='ocrx_word' id='word_1_180' title='bbox 819 2134 863 2193; x_wconf 88' lang='lat' dir='ltr'><strong>vel</strong></span> <span class='ocrx_word' id='word_1_181' title='bbox 888 2134 975 2193; x_wconf 89' lang='lat' dir='ltr'><strong>altero</strong></span> <span class='ocrx_word' id='word_1_182' title='bbox 998 2150 1053 2193; x_wconf 92' lang='lat' dir='ltr'><strong>non</strong></span> <span class='ocrx_word' id='word_1_183' title='bbox 1074 2141 1117 2192; x_wconf 89' lang='lat' dir='ltr'><strong>est</strong></span> <span class='ocrx_word' id='word_1_184' title='bbox 1137 2137 1218 2209; x_wconf 88' lang='lat' dir='ltr'><strong>tanti,</strong></span> <span class='ocrx_word' id='word_1_185' title='bbox 1237 2144 1271 2197; x_wconf 92' lang='lat' dir='ltr'><strong>ut</strong></span> <span class='ocrx_word' id='word_1_186' title='bbox 1375 2168 1376 2177; x_wconf 67' lang='lat'><strong>.</strong></span> 
     </span>
    </p>
   </div>
   <div class='ocr_carea' id='block_1_4' title="bbox 219 2216 1269 2379">
    <p class='ocr_par' dir='ltr' id='par_1_5' title="bbox 219 2216 1269 2379">
     <span class='ocr_line' id='line_1_23' title="bbox 219 2216 1269 2299; baseline 0 -18"><span class='ocrx_word' id='word_1_187' title='bbox 219 2219 412 2299; x_wconf 85' lang='lat' dir='ltr'><strong>maioribono</strong></span> <span class='ocrx_word' id='word_1_188' title='bbox 433 2234 471 2277; x_wconf 82' lang='lat' dir='ltr'><strong>ex</strong></span> <span class='ocrx_word' id='word_1_189' title='bbox 489 2217 674 2291; x_wconf 84' lang='lat' dir='ltr'><strong>perpetuitate</strong></span> <span class='ocrx_word' id='word_1_190' title='bbox 690 2216 797 2277; x_wconf 84' lang='lat' dir='ltr'><strong>vinculi</strong></span> <span class='ocrx_word' id='word_1_191' title='bbox 816 2218 973 2294; x_wconf 84' lang='lat' dir='ltr'><strong>coniugalis</strong></span> <span class='ocrx_word' id='word_1_192' title='bbox 990 2218 1020 2279; x_wconf 90' lang='lat' dir='ltr'><strong>iu</strong></span> <span class='ocrx_word' id='word_1_193' title='bbox 1039 2218 1206 2281; x_wconf 86' lang='lat' dir='ltr'><strong>universum</strong></span> <span class='ocrx_word' id='word_1_194' title='bbox 1221 2236 1269 2295; x_wconf 81' lang='lat' dir='ltr'><strong>ge·</strong></span> 
     </span>
     <span class='ocr_line' id='line_1_24' title="bbox 220 2302 834 2379; baseline -0.003 -16"><span class='ocrx_word' id='word_1_195' title='bbox 220 2321 276 2369; x_wconf 82' lang='lat' dir='ltr'><strong>nris</strong></span> <span class='ocrx_word' id='word_1_196' title='bbox 293 2304 441 2365; x_wconf 83' lang='lat' dir='ltr'><strong>lionunum</strong></span> <span class='ocrx_word' id='word_1_197' title='bbox 460 2302 642 2379; x_wconf 86' lang='lat' dir='ltr'><strong>proveniente</strong></span> <span class='ocrx_word' id='word_1_198' title='bbox 662 2302 834 2377; x_wconf 87' lang='lat' dir='ltr'><strong>praevaleat.</strong></span> 
     </span>
    </p>
   </div>
   <div class='ocr_carea' id='block_1_5' title="bbox 365 2472 1117 2719">
    <p class='ocr_par' dir='ltr' id='par_1_6' title="bbox 365 2472 1117 2719">
     <span class='ocr_line' id='line_1_25' title="bbox 623 2472 854 2533; baseline -0.004 0"><span class='ocrx_word' id='word_1_199' title='bbox 623 2472 794 2533; x_wconf 59' lang='lat' dir='ltr'><strong>Maroneus</strong></span> <span class='ocrx_word' id='word_1_200' title='bbox 812 2472 854 2533; x_wconf 92' lang='lat' dir='ltr'><strong>lll.</strong></span> 
     </span>
     <span class='ocr_line' id='line_1_26' title="bbox 365 2642 1117 2719; baseline -0.004 -13"><span class='ocrx_word' id='word_1_201' title='bbox 365 2646 404 2706; x_wconf 83' lang='lat' dir='ltr'><strong>lie</strong></span> <span class='ocrx_word' id='word_1_202' title='bbox 421 2644 562 2705; x_wconf 68' lang='lat' dir='ltr'><strong>cantione</strong></span> <span class='ocrx_word' id='word_1_203' title='bbox 579 2642 769 2703; x_wconf 81' lang='lat' dir='ltr'><strong>matrimonii</strong></span> <span class='ocrx_word' id='word_1_204' title='bbox 786 2658 855 2703; x_wconf 85' lang='lat' dir='ltr'><strong>eom</strong></span> <span class='ocrx_word' id='word_1_205' title='bbox 872 2650 1010 2719; x_wconf 73' lang='lat' dir='ltr'><strong>potetate</strong></span> <span class='ocrx_word' id='word_1_206' title='bbox 1028 2643 1117 2703; x_wconf 83' lang='lat' dir='ltr'><strong>cicili.</strong></span> 
     </span>
    </p>
   </div>
   <div class='ocr_carea' id='block_1_6' title="bbox 212 2814 1264 3143">
    <p class='ocr_par' dir='ltr' id='par_1_7' title="bbox 212 2814 1264 3143">
     <span class='ocr_line' id='line_1_27' title="bbox 253 2814 1264 2891; baseline 0 -15"><span class='ocrx_word' id='word_1_207' title='bbox 253 2817 312 2878; x_wconf 75' lang='lat'><strong>134.</strong></span> <span class='ocrx_word' id='word_1_208' title='bbox 329 2816 445 2877; x_wconf 85' lang='lat' dir='ltr'><strong>Silentio</strong></span> <span class='ocrx_word' id='word_1_209' title='bbox 463 2816 511 2875; x_wconf 88' lang='lat' dir='ltr'><strong>lric</strong></span> <span class='ocrx_word' id='word_1_210' title='bbox 528 2814 682 2889; x_wconf 82' lang='lat' dir='ltr'><strong>praeterire</strong></span> <span class='ocrx_word' id='word_1_211' title='bbox 696 2829 752 2873; x_wconf 90' lang='lat' dir='ltr'><strong>non</strong></span> <span class='ocrx_word' id='word_1_212' title='bbox 770 2829 921 2889; x_wconf 86' lang='lat' dir='ltr'><strong>possamus</strong></span> <span class='ocrx_word' id='word_1_213' title='bbox 935 2815 1141 2890; x_wconf 86' lang='lat' dir='ltr'><strong>qaaestionem,</strong></span> <span class='ocrx_word' id='word_1_214' title='bbox 1153 2815 1189 2875; x_wconf 89' lang='lat' dir='ltr'><strong>de</strong></span> <span class='ocrx_word' id='word_1_215' title='bbox 1205 2833 1264 2891; x_wconf 84' lang='lat' dir='ltr'><strong>qua</strong></span> 
     </span>
     <span class='ocr_line' id='line_1_28' title="bbox 213 2900 1263 2976; baseline 0.001 -15"><span class='ocrx_word' id='word_1_216' title='bbox 213 2901 331 2962; x_wconf 83' lang='lat' dir='ltr'><strong>iurietae</strong></span> <span class='ocrx_word' id='word_1_217' title='bbox 348 2900 478 2961; x_wconf 87' lang='lat' dir='ltr'><strong>nonnulli</strong></span> <span class='ocrx_word' id='word_1_218' title='bbox 496 2908 642 2974; x_wconf 83' lang='lat' dir='ltr'><strong>tanmpere</strong></span> <span class='ocrx_word' id='word_1_219' title='bbox 656 2900 822 2961; x_wconf 87' lang='lat' dir='ltr'><strong>delirorum.</strong></span> <span class='ocrx_word' id='word_1_220' title='bbox 841 2900 909 2959; x_wconf 81' lang='lat' dir='ltr'><strong>dum</strong></span> <span class='ocrx_word' id='word_1_221' title='bbox 924 2902 1003 2959; x_wconf 93' lang='lat' dir='ltr'><strong>enim</strong></span> <span class='ocrx_word' id='word_1_222' title='bbox 1017 2902 1047 2960; x_wconf 93' lang='lat' dir='ltr'><strong>bi</strong></span> <span class='ocrx_word' id='word_1_223' title='bbox 1063 2902 1263 2976; x_wconf 84' lang='lat' dir='ltr'><strong>conspicerent</strong></span> 
     </span>
     <span class='ocr_line' id='line_1_29' title="bbox 212 2984 1261 3059; baseline 0.002 -14"><span class='ocrx_word' id='word_1_224' title='bbox 212 2986 426 3046; x_wconf 86' lang='lat' dir='ltr'><strong>matrimonium</strong></span> <span class='ocrx_word' id='word_1_225' title='bbox 444 2993 621 3044; x_wconf 87' lang='lat' dir='ltr'><strong>contractum</strong></span> <span class='ocrx_word' id='word_1_226' title='bbox 639 3000 701 3045; x_wconf 85' lang='lat' dir='ltr'><strong>esse</strong></span> <span class='ocrx_word' id='word_1_227' title='bbox 719 2986 888 3059; x_wconf 82' lang='lat' dir='ltr'><strong>quemdam,</strong></span> <span class='ocrx_word' id='word_1_228' title='bbox 909 2986 958 3059; x_wconf 82' lang='lat' dir='ltr'><strong>qui</strong></span> <span class='ocrx_word' id='word_1_229' title='bbox 978 2986 1014 3044; x_wconf 88' lang='lat' dir='ltr'><strong>ab</strong></span> <span class='ocrx_word' id='word_1_230' title='bbox 1033 2984 1149 3045; x_wconf 89' lang='lat' dir='ltr'><strong>homine</strong></span> <span class='ocrx_word' id='word_1_231' title='bbox 1167 2988 1197 3045; x_wconf 92' lang='lat' dir='ltr'><strong>in</strong></span> <span class='ocrx_word' id='word_1_232' title='bbox 1217 3004 1261 3047; x_wconf 77' lang='grc' dir='ltr'><strong>εε-</strong></span> 
     </span>
     <span class='ocr_line' id='line_1_30' title="bbox 212 3070 1262 3143; baseline 0.001 -13"><span class='ocrx_word' id='word_1_233' title='bbox 212 3072 314 3131; x_wconf 86' lang='lat' dir='ltr'><strong>eietate</strong></span> <span class='ocrx_word' id='word_1_234' title='bbox 334 3070 486 3131; x_wconf 92' lang='lat' dir='ltr'><strong>constituto</strong></span> <span class='ocrx_word' id='word_1_235' title='bbox 505 3070 664 3143; x_wconf 73' lang='lat' dir='ltr'><strong>perficitur,</strong></span> <span class='ocrx_word' id='word_1_236' title='bbox 684 3070 755 3129; x_wconf 90' lang='lat' dir='ltr'><strong>illud</strong></span> <span class='ocrx_word' id='word_1_237' title='bbox 776 3086 833 3129; x_wconf 92' lang='lat' dir='ltr'><strong>non</strong></span> <span class='ocrx_word' id='word_1_238' title='bbox 851 3070 934 3129; x_wconf 91' lang='lat' dir='ltr'><strong>modo</strong></span> <span class='ocrx_word' id='word_1_239' title='bbox 956 3070 987 3129; x_wconf 94' lang='lat' dir='ltr'><strong>in</strong></span> <span class='ocrx_word' id='word_1_240' title='bbox 1001 3071 1135 3130; x_wconf 88' lang='lat' dir='ltr'><strong>civilibus</strong></span> <span class='ocrx_word' id='word_1_241' title='bbox 1154 3070 1262 3131; x_wconf 79' lang='lat' dir='ltr'><strong>ellecti-</strong></span> 
     </span>
    </p>
   </div>
   <div class='ocr_carea' id='block_1_7' title="bbox 95 3154 1261 3229">
    <p class='ocr_par' dir='ltr' id='par_1_8' title="bbox 95 3154 1261 3229">
     <span class='ocr_line' id='line_1_31' title="bbox 95 3154 1261 3229; baseline 0.001 -15"><span class='ocrx_word' id='word_1_242' title='bbox 95 3176 100 3186; x_wconf 92' lang='lat'><strong>·</strong></span> <span class='ocrx_word' id='word_1_243' title='bbox 163 3182 167 3188; x_wconf 88' lang='lat'><em>·</em></span> <span class='ocrx_word' id='word_1_244' title='bbox 210 3154 275 3228; x_wconf 87' lang='lat' dir='ltr'><strong>bus,</strong></span> <span class='ocrx_word' id='word_1_245' title='bbox 294 3154 344 3213; x_wconf 86' lang='lat' dir='ltr'><strong>sed</strong></span> <span class='ocrx_word' id='word_1_246' title='bbox 362 3154 448 3213; x_wconf 90' lang='lat' dir='ltr'><strong>etiam</strong></span> <span class='ocrx_word' id='word_1_247' title='bbox 464 3154 496 3213; x_wconf 94' lang='lat' dir='ltr'><strong>in</strong></span> <span class='ocrx_word' id='word_1_248' title='bbox 512 3154 664 3213; x_wconf 84' lang='lat' dir='ltr'><strong>existentia</strong></span> <span class='ocrx_word' id='word_1_249' title='bbox 678 3160 707 3212; x_wconf 89' lang='lat' dir='ltr'><strong>et</strong></span> <span class='ocrx_word' id='word_1_250' title='bbox 720 3154 883 3215; x_wconf 84' lang='lat' dir='ltr'><strong>intrinsecis</strong></span> <span class='ocrx_word' id='word_1_251' title='bbox 901 3154 1112 3215; x_wconf 86' lang='lat' dir='ltr'><strong>conditionibus</strong></span> <span class='ocrx_word' id='word_1_252' title='bbox 1128 3157 1261 3229; x_wconf 88' lang='lat' dir='ltr'><strong>potestati</strong></span> 
     </span>
    </p>
   </div>
   <div class='ocr_carea' id='block_1_8' title="bbox 201 3238 1260 3987">
    <p class='ocr_par' dir='ltr' id='par_1_9' title="bbox 201 3238 1260 3987">
     <span class='ocr_line' id='line_1_32' title="bbox 211 3238 1260 3315; baseline 0 -17"><span class='ocrx_word' id='word_1_253' title='bbox 211 3238 286 3298; x_wconf 85' lang='lat' dir='ltr'><strong>civili</strong></span> <span class='ocrx_word' id='word_1_254' title='bbox 309 3239 469 3298; x_wconf 90' lang='lat' dir='ltr'><strong>subiectum</strong></span> <span class='ocrx_word' id='word_1_255' title='bbox 489 3254 551 3297; x_wconf 83' lang='lat' dir='ltr'><strong>esso</strong></span> <span class='ocrx_word' id='word_1_256' title='bbox 575 3238 719 3296; x_wconf 83' lang='lat' dir='ltr'><strong>dixerunt.</strong></span> <span class='ocrx_word' id='word_1_257' title='bbox 743 3240 803 3307; x_wconf 88' lang='lat' dir='ltr'><strong>Qua</strong></span> <span class='ocrx_word' id='word_1_258' title='bbox 822 3239 852 3297; x_wconf 91' lang='lat' dir='ltr'><strong>in</strong></span> <span class='ocrx_word' id='word_1_259' title='bbox 872 3254 903 3297; x_wconf 91' lang='lat' dir='ltr'><strong>re</strong></span> <span class='ocrx_word' id='word_1_260' title='bbox 927 3239 984 3298; x_wconf 87' lang='lat' dir='ltr'><strong>duo</strong></span> <span class='ocrx_word' id='word_1_261' title='bbox 1007 3246 1172 3315; x_wconf 86' lang='lat' dir='ltr'><strong>peccarunt.</strong></span> <span class='ocrx_word' id='word_1_262' title='bbox 1201 3240 1260 3298; x_wconf 79' lang='lat' dir='ltr'><strong>l‘ri·</strong></span> 
     </span>
     <span class='ocr_line' id='line_1_33' title="bbox 209 3322 1259 3397; baseline 0.003 -16"><span class='ocrx_word' id='word_1_263' title='bbox 209 3338 300 3395; x_wconf 90' lang='lat' dir='ltr'><strong>mum,</strong></span> <span class='ocrx_word' id='word_1_264' title='bbox 322 3331 454 3381; x_wconf 88' lang='lat' dir='ltr'><strong>naturam</strong></span> <span class='ocrx_word' id='word_1_265' title='bbox 472 3322 557 3380; x_wconf 83' lang='lat' dir='ltr'><strong>larius</strong></span> <span class='ocrx_word' id='word_1_266' title='bbox 572 3329 734 3381; x_wconf 88' lang='lat' dir='ltr'><strong>contractus</strong></span> <span class='ocrx_word' id='word_1_267' title='bbox 753 3338 901 3397; x_wconf 88' lang='lat' dir='ltr'><strong>perperam</strong></span> <span class='ocrx_word' id='word_1_268' title='bbox 916 3323 1134 3397; x_wconf 86' lang='lat' dir='ltr'><strong>intellexeruot;</strong></span> <span class='ocrx_word' id='word_1_269' title='bbox 1152 3324 1259 3384; x_wconf 87' lang='lat' dir='ltr'><strong>deinde</strong></span> 
     </span>
     <span class='ocr_line' id='line_1_34' title="bbox 208 3406 1258 3483; baseline 0.001 -17"><span class='ocrx_word' id='word_1_270' title='bbox 208 3406 394 3467; x_wconf 88' lang='lat' dir='ltr'><strong>elevationem</strong></span> <span class='ocrx_word' id='word_1_271' title='bbox 409 3407 537 3467; x_wconf 85' lang='lat' dir='ltr'><strong>eiusdem</strong></span> <span class='ocrx_word' id='word_1_272' title='bbox 552 3422 569 3463; x_wconf 90' lang='lat' dir='ltr'><strong>a</strong></span> <span class='ocrx_word' id='word_1_273' title='bbox 584 3406 692 3465; x_wconf 79' lang='lat' dir='ltr'><strong>Christo</strong></span> <span class='ocrx_word' id='word_1_274' title='bbox 707 3408 811 3465; x_wconf 87' lang='lat' dir='ltr'><strong>laetam</strong></span> <span class='ocrx_word' id='word_1_275' title='bbox 826 3424 883 3467; x_wconf 90' lang='lat' dir='ltr'><strong>non</strong></span> <span class='ocrx_word' id='word_1_276' title='bbox 898 3406 1067 3481; x_wconf 85' lang='lat' dir='ltr'><strong>cogitarunt.</strong></span> <span class='ocrx_word' id='word_1_277' title='bbox 1083 3408 1123 3467; x_wconf 81' lang='lat' dir='ltr'><strong>td</strong></span> <span class='ocrx_word' id='word_1_278' title='bbox 1138 3424 1187 3467; x_wconf 86' lang='lat' dir='ltr'><strong>eos</strong></span> <span class='ocrx_word' id='word_1_279' title='bbox 1201 3408 1258 3483; x_wconf 84' lang='lat' dir='ltr'><strong>igi-</strong></span> 
     </span>
     <span class='ocr_line' id='line_1_35' title="bbox 209 3491 1255 3565; baseline 0.001 -15"><span class='ocrx_word' id='word_1_280' title='bbox 209 3498 255 3551; x_wconf 86' lang='lat' dir='ltr'><strong>tur</strong></span> <span class='ocrx_word' id='word_1_281' title='bbox 268 3492 437 3551; x_wconf 87' lang='lat' dir='ltr'><strong>relellendos</strong></span> <span class='ocrx_word' id='word_1_282' title='bbox 456 3491 509 3549; x_wconf 88' lang='lat' dir='ltr'><strong>snb</strong></span> <span class='ocrx_word' id='word_1_283' title='bbox 528 3491 635 3564; x_wconf 90' lang='lat' dir='ltr'><strong>duplici</strong></span> <span class='ocrx_word' id='word_1_284' title='bbox 653 3499 768 3565; x_wconf 88' lang='lat' dir='ltr'><strong>aspectu</strong></span> <span class='ocrx_word' id='word_1_285' title='bbox 788 3493 1002 3553; x_wconf 83' lang='lat' dir='ltr'><strong>matrimonium</strong></span> <span class='ocrx_word' id='word_1_286' title='bbox 1020 3493 1255 3565; x_wconf 80' lang='lat' dir='ltr'><strong>consideramus,</strong></span> 
     </span>
     <span class='ocr_line' id='line_1_36' title="bbox 206 3576 1257 3652; baseline 0.002 -17"><span class='ocrx_word' id='word_1_287' title='bbox 206 3578 345 3635; x_wconf 88' lang='lat' dir='ltr'><strong>nimirum</strong></span> <span class='ocrx_word' id='word_1_288' title='bbox 363 3576 394 3635; x_wconf 91' lang='lat' dir='ltr'><strong>in</strong></span> <span class='ocrx_word' id='word_1_289' title='bbox 408 3590 461 3634; x_wconf 92' lang='lat' dir='ltr'><strong>soa</strong></span> <span class='ocrx_word' id='word_1_290' title='bbox 479 3576 650 3649; x_wconf 81' lang='lat' dir='ltr'><strong>perfectione</strong></span> <span class='ocrx_word' id='word_1_291' title='bbox 666 3592 745 3635; x_wconf 90' lang='lat' dir='ltr'><strong>mere</strong></span> <span class='ocrx_word' id='word_1_292' title='bbox 761 3577 903 3650; x_wconf 87' lang='lat' dir='ltr'><strong>natarali,</strong></span> <span class='ocrx_word' id='word_1_293' title='bbox 929 3584 1070 3652; x_wconf 86' lang='lat' dir='ltr'><strong>quatenus</strong></span> <span class='ocrx_word' id='word_1_294' title='bbox 1090 3582 1257 3637; x_wconf 86' lang='lat' dir='ltr'><strong>contractus</strong></span> 
     </span>
     <span class='ocr_line' id='line_1_37' title="bbox 206 3659 1257 3736; baseline 0.001 -17"><span class='ocrx_word' id='word_1_295' title='bbox 206 3668 264 3733; x_wconf 88' lang='lat' dir='ltr'><strong>est;</strong></span> <span class='ocrx_word' id='word_1_296' title='bbox 287 3666 317 3719; x_wconf 92' lang='lat' dir='ltr'><strong>et</strong></span> <span class='ocrx_word' id='word_1_297' title='bbox 335 3661 366 3719; x_wconf 90' lang='lat' dir='ltr'><strong>in</strong></span> <span class='ocrx_word' id='word_1_298' title='bbox 390 3676 442 3718; x_wconf 90' lang='lat' dir='ltr'><strong>soa</strong></span> <span class='ocrx_word' id='word_1_299' title='bbox 460 3659 633 3734; x_wconf 72' lang='lat' dir='ltr'><strong>perfectione</strong></span> <span class='ocrx_word' id='word_1_300' title='bbox 652 3662 881 3734; x_wconf 89' lang='lat' dir='ltr'><strong>supernaturali,</strong></span> <span class='ocrx_word' id='word_1_301' title='bbox 905 3669 1047 3736; x_wconf 84' lang='lat' dir='ltr'><strong>quatenus</strong></span> <span class='ocrx_word' id='word_1_302' title='bbox 1065 3662 1125 3736; x_wconf 88' lang='lat' dir='ltr'><strong>ipse</strong></span> <span class='ocrx_word' id='word_1_303' title='bbox 1144 3668 1257 3720; x_wconf 89' lang='lat' dir='ltr'><strong>contra-</strong></span> 
     </span>
     <span class='ocr_line' id='line_1_38' title="bbox 206 3745 1257 3820; baseline 0.005 -18"><span class='ocrx_word' id='word_1_304' title='bbox 206 3751 268 3803; x_wconf 90' lang='lat' dir='ltr'><strong>ctos</strong></span> <span class='ocrx_word' id='word_1_305' title='bbox 287 3745 323 3803; x_wconf 90' lang='lat' dir='ltr'><strong>ad</strong></span> <span class='ocrx_word' id='word_1_306' title='bbox 340 3745 508 3819; x_wconf 80' lang='lat' dir='ltr'><strong>dignitatem</strong></span> <span class='ocrx_word' id='word_1_307' title='bbox 527 3746 697 3803; x_wconf 88' lang='lat' dir='ltr'><strong>sacramenti</strong></span> <span class='ocrx_word' id='word_1_308' title='bbox 716 3746 745 3805; x_wconf 93' lang='lat' dir='ltr'><strong>in</strong></span> <span class='ocrx_word' id='word_1_309' title='bbox 761 3746 885 3807; x_wconf 83' lang='lat' dir='ltr'><strong>Ecclesia</strong></span> <span class='ocrx_word' id='word_1_310' title='bbox 899 3748 1038 3807; x_wconf 82' lang='lat' dir='ltr'><strong>evellitur.</strong></span> <span class='ocrx_word' id='word_1_311' title='bbox 1057 3747 1114 3809; x_wconf 87' lang='lat' dir='ltr'><strong>Sub</strong></span> <span class='ocrx_word' id='word_1_312' title='bbox 1132 3754 1257 3820; x_wconf 83' lang='lat' dir='ltr'><strong>utroque</strong></span> 
     </span>
     <span class='ocr_line' id='line_1_39' title="bbox 204 3829 1242 3907; baseline 0.008 -22"><span class='ocrx_word' id='word_1_313' title='bbox 204 3838 300 3885; x_wconf 90' lang='lat' dir='ltr'><strong>autem</strong></span> <span class='ocrx_word' id='word_1_314' title='bbox 315 3836 445 3901; x_wconf 89' lang='lat' dir='ltr'><strong>respectu</strong></span> <span class='ocrx_word' id='word_1_315' title='bbox 459 3830 520 3886; x_wconf 86' lang='lat' dir='ltr'><strong>eius</strong></span> <span class='ocrx_word' id='word_1_316' title='bbox 535 3829 718 3888; x_wconf 81' lang='lat' dir='ltr'><strong>existentiam</strong></span> <span class='ocrx_word' id='word_1_317' title='bbox 739 3835 767 3887; x_wconf 89' lang='lat' dir='ltr'><strong>ot</strong></span> <span class='ocrx_word' id='word_1_318' title='bbox 785 3831 929 3891; x_wconf 87' lang='lat' dir='ltr'><strong>internam</strong></span> <span class='ocrx_word' id='word_1_319' title='bbox 944 3832 1003 3893; x_wconf 87' lang='lat' dir='ltr'><strong>vim</strong></span> <span class='ocrx_word' id='word_1_320' title='bbox 1022 3848 1039 3891; x_wconf 89' lang='lat' dir='ltr'><strong>a</strong></span> <span class='ocrx_word' id='word_1_321' title='bbox 1059 3836 1196 3907; x_wconf 83' lang='lat' dir='ltr'><strong>potestate</strong></span> <span class='ocrx_word' id='word_1_322' title='bbox 1212 3832 1242 3893; x_wconf 82' lang='lat' dir='ltr'><strong>ci</strong></span> 
     </span>
     <span class='ocr_line' id='line_1_40' title="bbox 201 3910 859 3987; baseline 0.009 -17"><span class='ocrx_word' id='word_1_323' title='bbox 201 3910 251 3970; x_wconf 86' lang='lat' dir='ltr'><strong>viti</strong></span> <span class='ocrx_word' id='word_1_324' title='bbox 269 3911 392 3986; x_wconf 88' lang='lat' dir='ltr'><strong>pendere</strong></span> <span class='ocrx_word' id='word_1_325' title='bbox 410 3928 468 3972; x_wconf 94' lang='lat' dir='ltr'><strong>non</strong></span> <span class='ocrx_word' id='word_1_326' title='bbox 488 3927 571 3987; x_wconf 83' lang='lat' dir='ltr'><strong>possa</strong></span> <span class='ocrx_word' id='word_1_327' title='bbox 590 3914 859 3976; x_wconf 88' lang='lat' dir='ltr'><strong>demonstrabimus.</strong></span> 
     </span>
    </p>
   </div>
   <div class='ocr_carea' id='block_1_9' title="bbox 0 0 1388 4492">
    <p class='ocr_par' dir='ltr' id='par_1_10' title="bbox 0 0 1388 4492">
     <span class='ocr_line' id='line_1_41' title="bbox 0 0 1388 4492; baseline 0 7"><span class='ocrx_word' id='word_1_328' title='bbox 0 0 1388 4492; x_wconf 95' lang='lat' dir='ltr'><strong> </strong></span> 
     </span>
    </p>
   </div>
  </div>
 </body>
</html>
