2767 4492
580 372 662 421 rurus
675 373 818 422 aarum
1166 354 1221 425 ‘207
1330 382 1333 387 ·

172 454 271 522 tatiani
288 457 434 522 doctrinae
455 462 617 535 revelatae,
644 460 714 520 licet
737 462 773 519 ad
788 461 817 519 id
831 463 1032 535 praestandum
1046 461 1219 524 adminiculo

172 547 373 622 Episcoporum
388 548 502 607 iuuetur
516 550 540 606 l.

229 633 290 691 tle.
315 633 347 692 Ut
360 632 469 707 aliquid
493 638 591 691 contra
610 631 768 691 doctrinam
791 630 860 692 adeo
881 636 1000 692 naturae
1013 638 1219 707 repugnantem

173 720 303 786 inanem,
320 723 396 777 certe
410 718 435 777 si
445 716 581 777 llobbesii
592 717 688 793 opinio
704 716 854 785 constaret,
871 717 956 777 borno
969 718 999 778 vi
1008 724 1126 778 naturae
1137 719 1220 793 longe

175 803 318 865 interioris
333 801 503 863 conditionis
521 805 611 876 esset,
639 818 728 877 quam
753 802 857 861 bellua.
878 802 952 861 llaec
966 802 1062 876 euim,
1086 804 1139 863 etsi
1154 818 1221 863 cum

175 890 240 951 aliis
253 888 383 948 diversae
396 888 501 962 speciei
514 888 581 946 ieris
591 903 680 961 saepe
691 888 816 958 dimicet,
829 892 924 945 nmen
934 902 1000 945 cunr
1010 887 1069 946 suis
1079 888 1222 949 similibus

176 990 276 1050 pacem
290 974 350 1033 alit.
368 974 413 1033 Sic
426 988 575 1047 uunquam
590 973 670 1032 risus
684 978 727 1032 est
741 972 785 1031 leo
801 972 876 1031 leoni
896 987 1022 1046 pugnam
1038 972 1153 1046 inferre,
1173 978 1224 1033 aut

178 1059 258 1131 tigris
273 1058 403 1131 tigridem
423 1056 497 1115 bello
513 1057 662 1116 lacessere.
678 1056 760 1116 Solus
773 1056 878 1130 bomo,
899 1056 923 1115 si
937 1057 1048 1131 superis
1066 1056 1176 1131 piacet,
1193 1057 1223 1119 vl

176 1150 296 1202 naturae
309 1147 478 1217 perpetuum
493 1143 602 1201 bellum
618 1148 715 1216 ageret
735 1158 801 1202 cum
816 1142 917 1201 ceteris
937 1142 1111 1201 bominibus.
1127 1143 1173 1215 ut,
1191 1147 1223 1202 ut

177 1228 305 1286 omittam
320 1228 448 1285 iuuamm
462 1228 699 1302 propensionem,
717 1244 803 1302 quam
818 1228 885 1287 boui
901 1242 1000 1286 omnes
1014 1226 1220 1303 experiuntur,

179 1312 315 1385 aquibus
332 1311 470 1370 iudicium
491 1318 611 1370 naturae
626 1312 701 1371 sumi
717 1312 820 1385 debet,
848 1321 923 1371 certa
938 1312 1039 1386 pueri,
1065 1312 1095 1370 iu
1120 1312 1224 1386 quibus

178 1397 306 1455 nondum
319 1402 421 1455 natura
435 1397 527 1455 abusu
552 1397 690 1456 libertatis
705 1398 804 1455 uitiata
823 1402 881 1471 est,
898 1398 1030 1470 exemplo
1044 1412 1096 1455 suo
1114 1396 1223 1456 Hobbc·

179 1481 291 1539 sianum
301 1481 434 1540 delirium
444 1482 578 1540 refutant.
592 1482 736 1541 Namcum
747 1482 871 1555 primum
883 1482 1051 1556 aequalibus
1060 1486 1222 1555 occurrunt,

178 1582 237 1625 uon
246 1567 398 1627 simultatis
408 1572 436 1625 et
450 1566 519 1640 odii,
536 1567 586 1625 sed
601 1566 761 1625 dilectionis
776 1565 1130 1641 potiusetbcuevolentiae
1144 1567 1225 1639 signa

179 1652 332 1725 exhibent,
349 1667 382 1710 ac
397 1658 497 1711 mutuo
512 1652 638 1725 separari
654 1651 822 1725 gravissime
838 1652 941 1710 lerunt.
963 1652 1059 1724 Neque
1073 1651 1102 1711 ld
1118 1652 1225 1709 mirum

179 1736 270 1796 rideri
292 1737 393 1810 debet3
419 1752 487 1795 nam
508 1737 553 1795 rel
567 1737 630 1811 ipsa
649 1736 789 1811 philautia
807 1748 856 1795 eeu
876 1736 1071 1811 strimelipeius
1094 1752 1174 1795 amor
1189 1734 1226 1794 ad

179 1821 250 1881 ulios
264 1821 420 1895 diligendos
429 1821 605 1895 inelinat3·lu
616 1821 731 1896 quibus,
745 1826 858 1896 propter
867 1827 986 1881 naturae
997 1822 1224 1893 similitudinem,

179 1907 265 1965 bomo
279 1922 310 1965 se
325 1907 534 1980 quodammodo
550 1906 685 1965 iteratum
701 1906 848 1981 conspicit.
1266 1906 1275 1923 ⁴

233 1992 305 2065 Sed,
328 2006 366 2050 ue
385 1994 475 2050 multa
498 2007 674 2066 prosequor,
696 1992 750 2051 boc
776 2008 832 2051 uuo
851 1996 915 2050 utar
936 1998 1113 2065 argumento.
1134 1992 1228 2051 Statua

180 2076 320 2135 naturalis
332 2077 379 2135 illc
394 2082 446 2143 est,
464 2078 513 2150 qui
528 2092 545 2134 o
559 2083 662 2134 natura
675 2076 858 2150 praecipitur,
875 2081 904 2134 et
917 2078 1087 2151 praecipuae
1103 2076 1228 2136 bominis

180 2159 358 2220 inclinationi
380 2160 542 2232 respondet.
566 2160 649 2233 lltqui
671 2160 696 2218 is
720 2174 777 2219 non
799 2160 873 2220 bello
896 2162 946 2220 sed
965 2178 1035 2236 paee
1056 2162 1226 2221 continetur.

181 2246 288 2303 Natura
307 2243 385 2301 euim
405 2243 535 2301 ordinem
555 2242 665 2303 bomini
684 2245 856 2304 seruandum
876 2246 969 2319 iubet;
998 2247 1035 2305 ad
1047 2260 1170 2320 eumque
1184 2260 1231 2305 ra·

184 2328 278 2400 tionis,
295 2343 369 2400 quae
384 2326 476 2400 potior
490 2327 521 2385 iu
537 2326 652 2385 bomine
666 2343 734 2401 pars
749 2335 801 2402 est,
817 2330 945 2387 maxima
959 2331 1147 2403 propensione
1162 2344 1231 2389 cou-

182 2411 309 2471 uitimur.
326 2412 463 2471 lambere
477 2412 585 2471 ordinis
599 2415 778 2471 conservatio
792 2427 893 2487 pacem
910 2416 1070 2486 constitult3
1087 2414 1230 2489 siquidem

183 2512 240 2556 uou
255 2495 370 2557 aliunde
384 2496 496 2556 bellum
511 2497 570 2556 sive
586 2497 731 2555 internum
743 2496 804 2555 sive
820 2502 971 2555 externum
991 2498 1020 2555 iu
1036 2500 1118 2558 uobis
1130 2500 1228 2572 oritur,

182 2583 238 2642 nisi
253 2598 289 2641 ex
305 2598 339 2641 eo
354 2583 430 2657 quod
443 2582 625 2655 perturbetur
641 2582 791 2640 barmonla
806 2581 993 2653 relationum,
1010 2594 1084 2655 quae
1098 2584 1173 2641 iuter
1188 2582 1231 2640 di·

184 2682 290 2741 versas,
306 2668 411 2740 quibua
427 2673 607 2741 constamus,
623 2673 737 2741 partes,
755 2672 805 2725 ant
818 2666 893 2725 inter
907 2682 959 2724 noe
973 2670 1002 2724 et
1015 2665 1084 2725 alios
1100 2665 1232 2725 bomines

184 2752 372 2811 intercedunt.
389 2752 479 2811 linctu
505 2753 594 2825 igitur
608 2759 637 2811 ct
650 2752 773 2826 imperio
798 2757 917 2809 naturae
938 2766 996 2809 non
1011 2750 1044 2808 ad
1061 2750 1166 2809 bellum
1183 2748 1233 2809 sed

185 2837 221 2894 ad
235 2852 335 2910 pacem
350 2836 486 2908 ierimur;
504 2837 594 2895 immo
607 2837 672 2910 ipsa
686 2835 771 2907 bella,
785 2834 810 2893 si
824 2834 938 2908 quando
953 2839 1100 2908 geruntur,
1117 2835 1232 2895 nonnisi

184 2921 263 2993 pacis
278 2920 431 2993 eupiditate
445 2925 593 2992 geruntur.

238 3004 314 3062 llaec
328 3004 363 3062 dc
377 3002 519 3078 principio
532 3004 615 3079 ipso,
643 3020 680 3065 ex
696 3020 752 3079 quo
766 3004 909 3079 proiectus
923 3008 967 3064 eet
984 3004 1095 3064 llobbee
1107 2996 1122 3080 3'
1139 3010 1171 3064 ut
1189 3005 1233 3065 ul·

185 3088 227 3147 bil
242 3088 345 3148 addam
360 3093 420 3147 brm
443 3088 477 3146 dc
498 3088 616 3148 interitu
638 3090 674 3148 ad
696 3105 781 3164 quem
797 3090 986 3149 moralitatem
1012 3090 1144 3160 adducit,
1167 3104 1233 3150 cum

186 3186 251 3232 cam
265 3170 383 3232 alibero
398 3178 509 3231 tautum
518 3174 650 3248 pactione
660 3174 781 3248 derivet3
799 3180 861 3234 tum
871 3175 906 3233 de
916 3176 1039 3235 uetando
1049 3174 1231 3250 despotismo,

187 3257 242 3316 sub
257 3273 313 3331 quo
323 3257 466 3318 humanae
483 3274 623 3333 personae
643 3260 810 3334 dignitatem
827 3261 857 3319 in
872 3260 993 3319 subditis
1008 3258 1131 3333 perimit.
1148 3262 1233 3319 Nemo

187 3343 266 3401 euim
279 3358 416 3417 unquam,
432 3351 545 3418 praeter
561 3344 756 3419 llobbesium,
782 3351 841 3403 mm
855 3345 1038 3419 impudenter
1052 3344 1166 3403 civilem
1184 3360 1233 3419 po·

188 3430 318 3485 estatem
333 3428 476 3503 adulavit,
503 3435 535 3488 ut
552 3429 614 3489 eius
628 3434 759 3504 respectu
781 3429 902 3488 subditis
916 3444 975 3489 uon
989 3429 1073 3488 modo
1089 3429 1134 3488 ius
1149 3444 1234 3489 omne

188 3517 219 3571 et
231 3514 440 3588 proprietatem,
458 3531 557 3575 uerum
570 3516 807 3576 etiamiudiclum
823 3516 961 3574 ademerit
980 3514 1057 3574 circa
1076 3514 1233 3576 bonitatem

190 3599 235 3659 vel
247 3599 387 3659 malitiam
400 3599 545 3661 actionum
560 3616 631 3677 quas
651 3600 701 3662 illa
719 3600 897 3677 praescribit.

234 3867 556 3929 insectatoribus.
