2767 4492
203 227 255 288 180
529 229 918 282 unumursrcasnusmms

234 325 317 398 Ergo,
329 321 405 382 dicet
414 321 527 396 adorus,
540 319 702 379 oomdcotio
714 317 849 376 absoluto
859 315 1000 376 restituis?
1014 307 1190 396 Respondes
1203 332 1250 377 me

198 411 349 469 restituere
364 421 482 476 sensum
496 419 688 477 communem,
705 417 802 475 aquo,
819 400 875 459 nisi
890 401 1061 476 umentibus,
1068 404 1251 478 peregrinari

200 495 349 554 nonlicet.
368 493 473 551 Sensus
487 495 583 549 antem
598 486 759 546 communis
773 485 859 545 dictat
879 482 1032 544 ridiculum
1050 500 1127 560 esse,
1144 487 1251 547 nedum
1299 487 1302 492 “

201 566 374 651 absurdum,
392 582 454 635 turn
468 574 552 633 lateri
572 571 745 631 mutationes
764 569 855 628 reales
869 571 900 628 in
919 570 1040 642 mundo,
1057 571 1128 644 quin
1144 569 1252 646 aliquid

199 664 277 724 reale
301 660 433 721 adveniat
453 659 499 719 vel
520 657 660 728 discedat3
679 661 740 716 tum
755 655 842 714 etiarn
855 654 928 714 relic
942 660 976 712 nt
988 653 1095 728 aliquid
1109 655 1186 714 reale
1201 656 1249 715 ad-

199 748 298 808 veniat
310 745 356 806 uel
371 744 507 816 discedat,
524 742 592 814 quin
608 757 625 799 a
638 741 768 799 subiecto
777 739 891 799 realiter
905 739 1104 812 distinguatur.
1117 739 1250 810 Neorero

198 832 267 892 binc
282 829 466 902 consequitur
481 825 643 886 occidentia
661 824 830 898 appellanda
851 839 913 882 esse
933 822 1068 882 absoluto
1086 824 1117 882 in
1136 827 1251 900 proprio

199 931 295 975 sensu.
312 913 478 974 Absolutum
499 911 577 970 enim
596 915 639 968 est
660 908 732 966 illud
751 909 827 982 qnod
844 914 1006 981 respectum
1021 913 1049 966 ct
1069 908 1197 967 ordmem
1213 910 1247 967 ad

196 1000 341 1060 aliudnon
350 997 478 1056 involvit.
494 996 525 1054 ld
539 1000 635 1053 autem
649 993 743 1066 quoad
754 992 936 1050 existentiam
944 991 1050 1066 optime
1061 993 1136 1050 cadit
1145 993 1176 1050 in
1185 994 1251 1054 sub·

202 1085 346 1156 stantiam,
363 1098 436 1156 quae
451 1081 548 1139 existit
561 1079 592 1139 in
607 1094 637 1136 se
652 1091 706 1134 uec
721 1076 812 1136 lulcro
826 1074 934 1148 indiget
948 1075 979 1133 in
994 1091 1050 1150 quo
1063 1077 1180 1137 nitamr.
1197 1077 1251 1136 Sed

200 1168 315 1242 proprie
324 1181 383 1225 non
394 1165 526 1224 convenit
535 1161 746 1232 accidentibus3
763 1175 836 1233 quae
846 1159 914 1218 licet
922 1161 1036 1218 realiter
1046 1161 1179 1221 distincta
1193 1161 1252 1220 sint

202 1251 408 1322 asabsentia,
425 1266 459 1309 ea
474 1255 571 1307 tamen
589 1245 720 1320 indigent
734 1249 767 1303 ut
781 1249 989 1316 sustententur3
1007 1260 1073 1304 oum
1092 1252 1149 1304 tota
1163 1261 1251 1320 quan·

204 1341 288 1411 taque
304 1343 371 1394 sunt
385 1335 422 1394 ad
436 1332 626 1393 substantiam
649 1329 832 1388 alliciendam
846 1335 874 1387 et
889 1329 1110 1389 modificandam
1123 1329 1250 1388 referan-

202 1425 257 1478 tur.
274 1419 424 1479 lindenau
439 1416 587 1488 absoluto,
604 1414 655 1472 sed
668 1414 762 1488 potius
775 1413 901 1472 relatiua
922 1413 979 1472 dici
999 1413 1113 1472 debent.
1131 1413 1251 1481 Quodsi

202 1520 235 1564 eo
250 1504 366 1564 nomine
381 1502 539 1561 accidentia
553 1500 695 1573 intelligas
710 1515 727 1557 a
743 1499 910 1557 substantiis
926 1498 1070 1572 distincta,
1087 1505 1115 1557 et
1129 1515 1251 1573 prorum

203 1589 299 1663 aliqua
314 1589 350 1646 ab
363 1587 420 1646 illis
434 1591 564 1660 separata
578 1585 686 1643 serrari
700 1584 810 1658 possint
823 1584 927 1644 virtute
940 1583 1049 1657 dirina;
1066 1583 1150 1644 modo
1160 1589 1188 1643 te
1202 1600 1252 1643 ex·

202 1672 302 1748 plices,
318 1671 391 1733 nibil
405 1675 482 1729 retat
493 1669 646 1744 quominus
659 1669 751 1728 utarris
764 1669 827 1728 iure
843 1675 901 1728 tuo.
1004 1683 1006 1688 ’

575 1841 814 1899 lnurcunus
833 1841 877 1898 vl.

530 2009 570 2069 Do
583 2011 731 2084 supposito
746 2018 772 2069 ct
784 2025 921 2085 persono.

241 2181 286 2240 48.
304 2181 335 2239 ln
350 2178 525 2239 substantiae
539 2177 685 2238 notionem
699 2179 863 2247 redeuntes,
881 2141 935 2238 tria
945 2179 1039 2252 quoad
1053 2179 1145 2253 ipsam
1161 2177 1252 2238 consi·

203 2265 304 2324 derare
317 2279 485 2342 possumus:
501 2264 627 2338 primum
636 2263 713 2338 quod
723 2263 828 2322 existat
842 2268 870 2321 ct
884 2263 1001 2337 quidem
1011 2264 1040 2322 in
1056 2279 1103 2338 se3
1120 2263 1250 2338 alterum,

203 2349 318 2423 qnodvi
332 2347 428 2422 abque
437 2347 473 2406 ad
482 2347 658 2421 operandum
672 2347 776 2406 idonea
789 2347 971 2421 perimatur3
989 2347 1120 2421 tertium,
1137 2347 1213 2422 quod
1222 2363 1253 2406 se

203 2432 363 2506 possideat,
375 2434 467 2506 sitque
478 2433 522 2491 sui
533 2431 604 2490 iuris
618 2432 650 2490 in
661 2431 820 2490 existendo.
830 2431 956 2492 Primum
965 2432 1079 2506 proprie
1088 2438 1117 2491 et
1125 2433 1253 2506 praecise

203 2517 352 2575 notionem
368 2517 513 2576 constituit
530 2516 728 2589 substautias,
750 2515 786 2575 de
805 2531 862 2589 qua
880 2517 1026 2588 superiore
1045 2517 1165 2575 articulo
1184 2517 1253 2575 satis

202 2600 312 2658 dictum
333 2604 385 2657 est.
400 2599 526 2661 Alterum
541 2605 710 2674 conceptum
726 2599 843 2673 praebet
863 2608 993 2658 mosmos
1008 2601 1033 2672 i,
1049 2599 1253 2674 quaedetiuiri

203 2688 298 2758 potest
310 2683 478 2763 substantio
493 2682 537 2743 uel
552 2685 674 2750 mscotio
681 2691 774 2758 prout
784 2683 847 2741 oim
861 2683 900 2742 od
915 2685 1101 2757 operandum
1114 2683 1250 2743 includit.

202 2767 381 2827 Postremum
395 2767 519 2843 denique
532 2768 626 2835 ideam
641 2768 788 2843 suppositi
801 2769 927 2842 praebet,
942 2768 1017 2843 quod
1027 2783 1127 2828 reuera
1141 2773 1252 2827 nonest

199 2851 295 2924 aliud,
314 2851 372 2910 uisi
390 2851 584 2911 substantialis
599 2857 702 2910 natura
719 2857 803 2926 prout
823 2867 853 2910 se
867 2852 961 2924 ipsam
976 2853 1101 2926 possidet
1114 2867 1168 2910 nec
1183 2866 1251 2910 cum

203 2935 292 2994 altero
306 2951 337 2993 se
355 2937 561 3009 communicat,
578 2941 663 3010 atquc
673 2935 737 2995 ideo
750 2936 868 3011 plenum
878 2943 921 2996 est
935 2943 963 2994 et
978 2937 1167 3010 adaequatum
1185 2951 1251 2995 sua-

202 3033 269 3077 rum
282 3019 479 3092 operationum
493 3016 677 3094 principium.
693 3019 791 3081 Modus
805 3027 901 3080 autmn
918 3021 959 3080 sic
974 3019 1148 3088 consistendi
1158 3019 1190 3078 in
1204 3033 1249 3092 se,

203 3118 239 3160 ex
256 3119 312 3177 quo
325 3104 357 3160 lit
371 3109 404 3162 ut
413 3104 572 3164 substantia
586 3110 677 3164 semet
691 3121 758 3166 cum
771 3106 887 3167 nemine
903 3105 1062 3180 participet,
1079 3105 1129 3163 sed
1144 3119 1175 3162 se
1189 3103 1253 3177 ipsa

203 3187 359 3260 possideat,
374 3189 564 3248 subsistentia
577 3189 750 3250 nominatur.
772 3191 862 3258 Quare
877 3191 1056 3264 suppositum
1071 3188 1183 3264 concipi
1202 3188 1252 3248 de-

203 3269 253 3330 bet
265 3277 296 3330 ut
313 3272 455 3333 resultans
472 3290 510 3333 ex
520 3273 700 3335 substantiali
718 3279 821 3337 natura
838 3281 868 3335 et
881 3275 1078 3345 subsistentia,
1103 3278 1252 3349 potestque

247 3480 259 3524 l
276 3481 411 3528 Vocabulum
426 3488 525 3546 naturus,
541 3488 616 3546 utpote
630 3499 669 3547 per
684 3500 707 3531 so
721 3499 808 3548 samur,
824 3485 852 3532 ud
866 3483 920 3532 ulios
935 3487 1000 3534 olium
1015 3501 1092 3534 sensus
1106 3487 1203 3549 torqueri
1214 3499 1255 3531 so-

202 3551 241 3598 let.
257 3555 293 3599 Sic
307 3572 466 3621 nonnunquam
479 3559 588 3620 significat
598 3559 713 3606 Auctorem
727 3561 799 3622 ipsum
813 3564 916 3624 naturae,
933 3575 1092 3626 nonnunquam
1106 3577 1179 3610 rerum
1194 3575 1255 3608 ercu-

200 3631 273 3674 lurum
287 3631 463 3696 assimilatam,
479 3648 637 3694 nonnunquam
652 3636 684 3681 rei
699 3635 816 3682 cuiuslibet
829 3637 945 3683 essentiam
953 3673 960 3701 ‚
976 3653 1033 3700 quaa
1049 3653 1088 3702 per
1099 3636 1253 3684 definitionem

200 3701 337 3767 explicatur,
353 3721 511 3771 nonnunquam
525 3710 642 3757 aarum
655 3709 790 3760 substantiis
799 3711 875 3777 solius,
888 3713 1018 3777 quaudoque
1032 3711 1099 3760 etium
1112 3713 1145 3760 rsi
1161 3710 1255 3758 alicuius

201 3779 345 3843 enudatam,
358 3785 422 3844 atquo
435 3783 469 3831 llis
480 3785 570 3835 sirudis.
