2767 4492
361 303 945 366 anseranum-rasomonuorunnms
1123 295 1176 356 tta

131 388 177 449 cui
192 385 306 448 taudem
322 389 409 448 ceteri
424 389 642 462 subiicerentur,
659 397 853 464 agnoscerent.
870 392 962 460 Quare
975 405 1041 452 cum
1061 394 1176 469 proprie

131 472 204 532 licus
226 472 274 532 ille
291 476 400 532 tantum
421 472 478 532 dici
502 473 612 546 debeat,
640 473 689 547 qni
704 489 855 548 supremus
868 475 905 534 sit
918 481 948 535 et
971 476 1126 550 maximus,
1147 481 1177 536 et

129 556 303 632 principium
316 557 442 633 primum
452 561 549 617 rertrm
564 556 704 630 omnium,
716 572 806 620 unum
816 559 1011 635 reapseetiam
1026 565 1096 633 tum,
1107 574 1175 620 oon·

129 641 192 700 inse
202 642 311 713 saltem,
328 641 522 701 existimatum
538 640 626 701 inisse
641 641 731 700 Deum
741 656 826 700 nemo
840 657 896 701 non
918 642 1003 702 ridet:
1019 642 1112 704 Deum
1130 657 1175 703 co-

129 723 303 799 gnoverunt,
314 725 363 784 recl
378 741 439 785 ooo
456 733 491 785 ot
510 726 603 785 Drino
621 725 864 800 glorificaverunt
880 727 906 784 t,
981 735 988 748 '

164 808 298 869 audiatur
314 811 437 884 Orosius,
455 811 505 887 qni
522 811 563 870 ait
577 810 706 870 ethnicos
724 834 736 862 ι
754 811 822 868 dnm
837 809 950 868 intento
963 810 1067 870 mentis
1081 811 1174 872 studio

131 916 142 944 ι
160 901 302 967 quaerunt
316 899 534 969 scrutanturque
549 895 655 967 omnia,
675 910 764 954 unum
780 895 870 954 Deum
885 900 1028 954 auctorem
1044 896 1174 956 omnium

130 979 307 1052 «reperisse,
330 980 367 1040 ad
388 994 474 1054 quem
499 981 596 1039 omnia
616 980 789 1038 referuntur.
809 1003 819 1030 ·
841 979 919 1039 Unde
940 979 1032 1038 addit:
1057 981 1173 1039 «etiam

130 1084 141 1112 ι
163 1078 239 1122 nnuc
255 1063 367 1138 pagani,
384 1078 455 1137 quos
469 1063 527 1123 iam
547 1063 691 1123 declarata
705 1064 810 1122 veritas
825 1063 860 1123 da
875 1063 1055 1122 contumacia
1069 1065 1170 1138 magis,

130 1167 141 1197 r
163 1162 248 1220 quam
263 1151 298 1206 de
313 1145 474 1222 ignorantia
488 1148 646 1220 convincit3
664 1163 733 1214 cnm
751 1148 865 1222 anobis
879 1147 1059 1224 dissentiunt,
1071 1161 1129 1206 non
1139 1163 1170 1207 se

129 1252 140 1281 ι
162 1231 258 1304 plnres
283 1232 353 1298 ileos
368 1231 418 1290 sed
433 1230 486 1290 sub
501 1246 558 1290 uno
579 1231 635 1291 neo
649 1245 754 1305 magno
770 1232 865 1305 plnres
879 1231 1024 1290 ministros
1042 1232 1173 1292 venerari

129 1335 140 1364 a
159 1313 292 1373 fatentur.
309 1315 404 1375 Restat
418 1315 504 1388 igitur
519 1315 554 1374 de
570 1315 758 1390 intelligentia
774 1316 832 1374 veri
848 1315 898 1375 liei
912 1331 962 1389 per
973 1315 1077 1374 multas
1090 1315 1172 1382 intel·

129 1419 141 1447 ι
161 1395 268 1470 ligendi
283 1399 460 1472 suspiciones
474 1399 593 1458 coninsn
606 1400 755 1472 dissensio,
773 1399 890 1473 quiade
904 1414 962 1458 uno
977 1399 1033 1457 lieo
1042 1399 1172 1458 omnium

129 1503 140 1530 r
163 1495 236 1555 pene
246 1498 303 1541 una
312 1483 408 1556 opinio
418 1488 461 1543 cst
476 1485 501 1542 ².
518 1483 664 1555 »Ethnici
677 1485 701 1542 si
712 1499 757 1542 res
773 1488 903 1542 accurate
914 1489 1065 1558 spectetur,
1076 1483 1106 1540 in
1117 1481 1171 1540 boc

126 1562 291 1638 delirarnnt,
298 1568 373 1640 qnod
380 1573 587 1641 praeterunum
595 1567 683 1626 Deum
694 1569 833 1641 optimum
840 1567 998 1625 maximum
1006 1574 1035 1625 et
1041 1567 1170 1624 omnium

126 1646 308 1722 effectorem,
331 1650 481 1710 inferiores
503 1651 573 1710 alios
597 1667 659 1710 esse
680 1653 835 1721 ducerent,
855 1650 959 1724 quibus
983 1652 1046 1724 ipsa
1072 1651 1170 1710 divina

123 1737 225 1790 natura
239 1735 448 1793 communicata
462 1741 537 1795 esset
552 1741 580 1793 et
594 1735 669 1809 apud
685 1752 756 1810 quos
775 1734 911 1794 resideret
929 1751 1027 1794 rerum
1050 1734 1169 1793 munda·

123 1827 226 1874 narum
241 1817 457 1878 administratio.
481 1820 619 1892 Supremo
641 1819 728 1892 igitur
746 1820 803 1878 lieo
817 1820 924 1892 relicto,
943 1820 986 1878 bis
1001 1818 1170 1878 Numinibus

123 1901 299 1962 secundariis
314 1904 422 1963 cultum
436 1903 637 1964 exbibuerunt.
654 1905 708 1963 Sed
719 1905 754 1962 ad
764 1920 889 1964 errorem
899 1903 979 1962 illurn
990 1904 1169 1978 eripiendum

123 1984 204 2043 altior
219 1989 345 2048 veritatis
362 1989 560 2063 perspicientia
574 1990 788 2063 requirebatur,
804 2005 892 2063 quam
909 1983 985 2063 vulgi
1005 1997 1104 2063 captus
1118 2002 1169 2062 per

122 2070 263 2129 selerret.
279 2073 348 2131 Nam
363 2073 393 2131 in
410 2089 440 2133 re
455 2075 622 2133 versabatur
636 2089 710 2148 qnae
725 2073 838 2132 divinae
850 2080 968 2133 naturae
979 2072 1169 2132 incommuni-

121 2150 295 2212 cabilitatem
320 2156 446 2228 attingit;
470 2172 543 2230 quae
558 2165 633 2215 certe
659 2173 718 2216 non
740 2157 871 2231 populari
888 2156 1077 2231 intelligentia
1092 2155 1169 2215 illico

121 2236 258 2299 cernitur,
275 2237 323 2295 sed
339 2239 485 2298 subtiliore
500 2247 565 2314 eget
578 2241 683 2299 mentis
698 2241 843 2313 indagine.
862 2241 1024 2315 Philosophi
1038 2241 1066 2299 id
1082 2255 1169 2315 agno-

121 2334 201 2378 scere
216 2320 345 2380 absclutc
360 2324 529 2396 potuissent;
546 2325 596 2383 sed
607 2325 681 2383 malo
697 2324 756 2384 iato
766 2325 958 2400 voluptatibus
973 2325 1067 2383 carnis
1077 2325 1169 2398 impli-

121 2403 181 2475 citi,
204 2411 232 2463 et
247 2407 412 2480 popularem
435 2408 507 2466 iram
524 2409 664 2482 timentes,
690 2425 748 2469 non
769 2412 854 2469 modo
875 2409 1020 2470 communi
1038 2408 1168 2466 idearum

121 2489 299 2562 corruptelae
318 2506 373 2550 non
390 2491 533 2566 obstitere,
551 2495 600 2553 sed
619 2510 682 2553 eam
698 2511 783 2569 opere
797 2501 826 2554 et
845 2495 972 2554 consiliis
986 2491 1165 2550 adiuverunt.

122 2570 223 2631 Confer
233 2573 286 2634 hac
301 2591 426 2650 superre
441 2578 569 2637 divirmm
584 2595 655 2655 opus
670 2581 698 2639 S.
715 2579 877 2653 Augustini:
896 2579 933 2636 Do
947 2575 1064 2635 ciuitate
1077 2572 1137 2631 Dei.

453 2789 587 2857 eleut
612 2789 832 2858 SECUNDUM

407 2991 448 3038 ns
463 2991 640 3042 nrrnrnorrs
654 2993 707 3041 um
720 2993 887 3042 insomnis

154 3159 350 3237 Proprietates,
366 3161 536 3238 quaerelnti
552 3180 590 3224 ex
604 3163 653 3225 liei
668 3171 770 3225 natura
783 3180 901 3225 manare
915 3163 1048 3226 videntur
1063 3167 1105 3239 (re
1122 3169 1162 3223 ta-

119 3262 186 3306 men
196 3262 286 3306 unnm
296 3248 429 3325 idemque
443 3249 518 3322 sunt)
534 3250 596 3310 eius
611 3251 747 3311 attributa
757 3251 957 3323 nominamus;
972 3265 1164 3325 quorumpar-

121 3331 181 3391 titio
196 3330 346 3406 multiplex
361 3348 378 3391 a
391 3333 568 3408 pbilosophis
582 3343 611 3394 et
628 3336 764 3410 theologis
782 3335 903 3410 prolerri
923 3334 1003 3394 solet.
1025 3333 1164 3392 Tribuno-

121 3416 254 3475 tnreuim
269 3423 318 3475 aut
333 3417 362 3476 in
377 3415 502 3492 positivo
517 3435 591 3493 quae
605 3419 759 3493 aientibus,
776 3429 805 3479 et
817 3419 957 3495 nepetino
971 3433 1044 3492 quae
1058 3432 1165 3490 negan-

122 3499 196 3558 tibus
211 3501 327 3561 rocibus
341 3503 560 3578 exprimuntur3
574 3511 623 3563 ant
632 3505 663 3567 in
677 3505 855 3580 quiescentia
869 3520 943 3578 quae
955 3501 1066 3562 nullam
1081 3503 1165 3561 actio

119 3597 187 3642 nem
202 3585 256 3643 sibi
270 3585 426 3660 implicant,
442 3592 471 3646 et
486 3590 637 3665 operation
655 3605 729 3664 quae
740 3589 933 3664 operationem
952 3585 1106 3662 qnamdam
1123 3586 1164 3645 in·

164 3767 437 3819 daramprei.

164 3842 257 3891 Mitt.
275 3844 291 3890 1.
310 3846 334 3908 i,
350 3862 370 3892 e.
387 3847 411 3893 l.
