2767 4492
214 362 269 431 ind
541 368 770 428 mansurarum
784 367 932 426 mamonis

211 465 359 528 materiale
374 467 417 528 est
432 469 517 544 atque
537 467 738 543 compositum,
755 465 945 541 propagetur?
959 463 1112 524 linimrero
1134 477 1261 541 propago
1324 533 1327 537 ¹

213 553 285 612 lraec
300 553 343 611 vel
358 552 532 612 abscissione
547 551 724 626 intelligitur,
741 552 787 610 vel
801 548 966 610 eiticientia.
983 551 1011 608 Si
1027 550 1196 624 intelligitur
1211 552 1261 611 ab·

212 637 367 712 scissione3
384 637 486 697 iisdem
501 637 677 711 argumentis
692 637 839 708 relicitur,
855 636 960 710 quibus
976 635 1066 694 animi
1090 635 1259 711 simplicitas

213 722 405 782 demonstrata
419 727 471 781 ost.
494 720 598 796 Nequit
612 721 690 779 enim
704 735 752 779 res
766 721 890 794 simplex
910 719 1008 779 divelli
1023 735 1041 778 a
1054 734 1172 794 corpore
1191 721 1260 780 alte·

212 806 273 866 rius
288 813 434 881 tamquam
448 821 525 882 pars,
543 819 617 882 quae
634 804 769 865 admotis
784 803 861 863 nitius
875 805 1068 879 integritatem
1086 804 1257 880 pertiuebat.

213 891 263 950 Sin
278 907 344 951 vero
358 891 526 964 intelligitur
540 889 708 964 efficientia,
721 895 790 948 tunc
805 889 1009 948 absurditatem
1024 889 1151 947 incurret
1165 895 1257 964 exeo,

214 975 289 1047 quod
303 975 421 1034 effectus
435 976 587 1034 excederet
596 989 723 1033 causam.
739 974 810 1035 Nam
820 973 936 1048 spiritns
951 973 1093 1032 immensa
1103 974 1260 1049 intercape-

214 1061 280 1119 dine
295 1061 483 1135 praestantior
498 1064 542 1118 est
557 1073 685 1134 corpore.

248 1145 294 1204 aa.
310 1145 360 1204 liis
374 1145 461 1220 igimr
477 1143 573 1204 missis
589 1143 730 1217 absurdis,
747 1143 891 1202 humanus
906 1141 1048 1202 animnsa
1062 1142 1119 1202 Deo
1133 1157 1172 1202 ex
1184 1143 1260 1202 nibi-

211 1227 241 1289 lo
256 1231 339 1288 condi
354 1245 406 1304 per
427 1243 524 1289 veram
543 1228 717 1288 creationem
732 1228 871 1287 dicendus
888 1233 940 1287 est.
963 1227 1032 1286 Gom
1046 1228 1125 1286 enim
1144 1228 1259 1287 animus

214 1315 374 1374 substantia
389 1315 426 1373 sit
439 1314 566 1387 simplex
580 1317 608 1372 et
623 1311 792 1388 spirimalis,
810 1324 853 1387 ex
862 1313 1041 1387 praeiacente
1055 1313 1151 1386 aliquo
1165 1313 1260 1371 subie-

211 1403 256 1458 cto
270 1399 354 1458 educi
368 1415 467 1458 revera
477 1413 536 1458 uon
550 1402 651 1472 potest.
665 1397 753 1456 Secus
768 1413 805 1456 ex
814 1397 863 1455 illo
873 1403 1129 1470 coagmentaretur,
1140 1397 1258 1471 eiusque

212 1483 431 1558 conditionibus
444 1485 475 1544 in
485 1483 564 1543 omni
574 1483 737 1558 operatione
748 1497 804 1556 qna
816 1482 911 1556 pollet,
924 1481 1157 1556 adstringendum
1169 1481 1257 1555 siqui·

210 1570 277 1629 dem
290 1576 393 1629 natura
406 1570 460 1644 rei,
475 1585 511 1628 ex
522 1567 682 1642 effectione,
695 1583 752 1642 qua
762 1568 898 1641 gignitur,
909 1565 1115 1625 manifestatur.
1129 1567 1162 1624 xt
1171 1566 1200 1624 id
1210 1566 1258 1624 de·

212 1655 498 1730 transmeansque
512 1653 601 1713 animi
621 1652 832 1726 simplicitatem
846 1655 876 1710 et
890 1649 1118 1725 spiritualitatem
1136 1651 1259 1710 ostendi·

145 1767 148 1774 ,
211 1753 297 1813 mus,
315 1740 497 1798 subvertitur.
514 1738 585 1812 Ergo
600 1737 714 1796 animus
729 1737 872 1796 numanus
886 1750 946 1795 nou
959 1749 997 1796 ex
1016 1734 1143 1795 subiecto
1162 1735 1257 1808 aliquo

210 1825 391 1899 praeiacente
406 1823 488 1898 duci,
506 1823 556 1882 sed
571 1839 607 1883 ex
621 1823 713 1882 nihilo
732 1821 815 1881 condi
830 1821 924 1880 debet.
941 1821 1000 1880 lam
1014 1835 1081 1881 aero
1096 1821 1120 1879 si
1134 1835 1151 1879 e
1166 1821 1257 1880 nihilo

102 1897 106 1910 ¹
214 1909 355 1983 conditur,
373 1925 390 1968 a
404 1908 461 1967 Deo
476 1907 639 1967 immediate
656 1909 707 1966 liat
718 1922 835 1966 necesse
849 1911 901 1965 est.
918 1905 1026 1965 dreatio
1045 1905 1140 1976 enim,
1158 1908 1257 1978 utpote

210 1992 354 2052 infinitam
363 1993 497 2052 nirtrrtem
507 1993 634 2066 exigens,
647 1992 762 2066 propria
772 1998 883 2050 tautum
894 1991 943 2049 llei
953 1997 1004 2049 est.
1015 1989 1086 2049 illud
1095 1988 1186 2062 igitur
1194 2003 1256 2047 ma·

213 2083 282 2136 neat
295 2083 412 2152 oportet,
430 2078 559 2138 animum
573 2075 702 2134 divinam
717 2075 771 2134 sibi
785 2076 926 2149 originem
940 2071 1097 2146 vindicare,
1114 2079 1256 2147 quatenns

211 2162 330 2221 unicum
341 2161 386 2222 sui
396 2169 541 2221 auctorem
552 2161 656 2219 habeat
671 2160 769 2218 [teum.
786 2159 829 2218 Ex
843 2174 900 2233 quo
915 2157 1042 2232 sequitur
1054 2162 1088 2215 ut
1103 2156 1255 2215 abeodem

211 2247 322 2306 tantum
338 2252 419 2322 egeat
433 2245 606 2319 conservari,
623 2245 659 2303 ad
673 2245 825 2319 ipsumque
840 2242 918 2303 velut
932 2243 968 2302 od
982 2249 1205 2302 cousentaneum
1223 2240 1255 2297 u-

211 2345 279 2391 nem
295 2331 400 2407 aspiret
413 2332 536 2390 assidue.

244 2417 278 2475 dt
296 2417 391 2490 cuim,
408 2417 432 2474 si
448 2415 488 2474 ita
502 2420 559 2488 est,
579 2429 729 2490 perperam
748 2414 894 2473 hominem
910 2415 1045 2488 parentes
1064 2410 1196 2486 genuisse
1210 2409 1255 2468 di-

210 2506 327 2575 cuntur;
344 2501 486 2576 siquidem
502 2514 560 2558 non
578 2501 706 2558 animam
720 2500 782 2558 elus
804 2513 928 2573 genuere
942 2497 991 2556 sed
1011 2511 1123 2571 corpus.
1140 2495 1254 2570 Repono

210 2585 242 2644 ld
251 2585 370 2644 minime
382 2585 472 2660 sequi.
484 2587 555 2645 Nam
568 2585 621 2644 etsi
636 2590 769 2660 parentes
778 2599 878 2643 revera
888 2599 991 2658 corpus
1001 2588 1112 2641 tantum
1121 2581 1252 2654 gignant3

210 2677 306 2728 tamen
320 2670 391 2728 illud
406 2685 438 2728 eo
454 2671 629 2745 perducunt,
647 2675 680 2727 ut
693 2670 791 2728 anima
809 2668 951 2744 spirituali
972 2668 1054 2726 iuxta
1072 2671 1192 2726 naturae
1210 2679 1253 2722 or·
1272 2682 1277 2688 ·

211 2752 309 2811 dinem
326 2753 476 2813 informari
496 2753 602 2830 exigat.
624 2753 716 2822 Quare
730 2768 852 2829 corpus,
873 2769 932 2812 non
953 2752 983 2812 in
999 2767 1030 2811 se
1052 2750 1178 2826 praecise
1192 2763 1255 2823 spe·

211 2842 328 2912 etatum,
345 2837 395 2896 sed
409 2843 493 2912 prout
508 2837 641 2896 rationali
657 2837 754 2896 animo
763 2838 901 2912 iungitur,
918 2837 1083 2896 eorumdem
1097 2832 1202 2892 actioni
1211 2847 1255 2890 rc·

207 2921 341 2996 spondet3
360 2917 445 2996 alque
464 2921 571 2980 ideirco
591 2926 724 2996 parentes
739 2936 797 2980 nou
822 2921 933 2994 corpori
947 2921 998 2980 sed
1015 2918 1189 2993 composito,
1211 2915 1256 2974 ni·

184 3069 188 3072 .
209 3005 317 3063 mirum
331 3005 454 3080 bomini,
472 3005 655 3066 existentiam
671 3008 814 3079 tribuunt3
831 3007 963 3080 quamvis
982 3009 1169 3064 concurrente
1183 3001 1254 3075 Deo,

212 3087 263 3161 qai
282 3089 425 3148 creatione
439 3105 492 3149 sua
510 3091 687 3165 spiritualem
708 3092 835 3150 animam
856 3090 969 3149 condat.
985 3089 1063 3149 Unde
1081 3088 1183 3147 merito
1196 3099 1256 3144 non

210 3185 314 3246 corpus
329 3173 378 3232 sed
393 3173 539 3233 hominem
560 3190 749 3250 progenerare
773 3176 922 3248 diermtm3
948 3173 1186 3249 quemadmodum
1206 3169 1257 3244 qui

210 3255 358 3316 hominem
372 3257 516 3332 lnterlicit,
533 3258 585 3318 etsi
601 3274 658 3317 non
673 3259 799 3317 animam
815 3260 864 3316 sed
879 3273 982 3333 corpus
995 3258 1129 3334 perimat;
1147 3261 1252 3326 brnen,

214 3341 282 3414 qum
299 3343 410 3402 mtione
424 3357 477 3402 sua
495 3343 684 3416 compositum
701 3343 862 3402 humanum
877 3343 934 3402 vita
951 3343 1093 3415 destituit,
1109 3338 1254 3399 hominem

212 3423 518 3486 dieiturinteremisse.
950 3425 952 3427 ’

248 3505 294 3568 97.
310 3509 456 3586 Explicata
466 3511 576 3586 origine
590 3511 688 3585 animi,
702 3512 801 3586 quaeri
816 3515 911 3587 posset
923 3511 1105 3588 quandonam
1114 3511 1179 3569 eius
1194 3506 1254 3567 exi·

214 3593 318 3652 atentia
342 3595 497 3655 exorditur.
513 3595 571 3655 Hac
594 3597 681 3655 etiam
696 3597 728 3655 in
742 3611 773 3655 re
794 3597 1027 3673 pbilosophorum
1048 3597 1255 3669 tigmentanon

215 3675 327 3736 desunt.
342 3679 419 3740 Plato
438 3680 516 3739 enim
537 3679 711 3755 Pythagorae
733 3682 894 3758 obsequens
918 3681 1092 3741 existimavit
1114 3679 1256 3737 humanos

169 3785 172 3790 ·
215 3760 336 3836 animos,
353 3769 418 3824 ante
432 3765 613 3824 edormatum
627 3780 739 3841 corpus,
756 3782 853 3826 rerum
870 3766 1079 3826 moliendarum
1098 3763 1179 3822 initio
1191 3775 1257 3820 cou-

214 3845 297 3920 ditos,
313 3845 344 3905 in
359 3849 442 3908 astris
456 3850 600 3922 quondam
613 3849 801 3926 habitavisse,
818 3856 848 3910 et
860 3852 965 3910 exinde
979 3850 1015 3911 ob
1034 3849 1177 3924 quoddam
1193 3859 1257 3920 per-

214 3934 357 4004 petratum
371 3934 463 3996 scelus
473 3933 505 3998 in
519 3950 637 4010 corpora
651 3935 734 4012 quasi
743 3937 774 3999 in
788 3951 917 3999 carceres
931 3936 968 3998 ed
982 3935 1118 3997 luendam
1132 3939 1256 4007 poenam
