2767 4492
243 397 297 460 llll
418 409 552 461 nornen.
569 409 805 460 speculantis
819 406 1119 458 reum-momatur

246 523 259 548 a
275 503 485 554 Altero'erro'ree
503 479 611 552 nostros
626 502 738 553 discutit
756 508 781 552 et
800 501 889 551 lumen
907 502 1045 557 admouet,
1064 515 1115 566 quo
1133 500 1287 552 tumean-
1305 564 1307 566 .
1376 548 1377 573 Τ

245 605 258 632 n
275 576 320 636 tur
338 588 463 651 amblptets
481 589 575 637 ottae:
595 588 684 638 attero
702 587 787 637 mullo
805 587 875 636 bano
892 574 982 648 supra'
999 586 1164 650 calipinetn,
1188 589 1220 635 in
1235 601 1288 652 qua
1318 625 1324 641 ,
1360 637 1373 656 θ

245 689 258 716 ο
274 674 435 728 ooltstamur,
455 670 569 728 eacedit,
589 681 614 723 et
627 685 639 722 e
653 671 768 724 tenebris
781 677 884 733 ereptos
896 671 945 722 illo
956 673 1079 732 perducit
1091 673 1161 720 unde
1174 661 1286 722 taust..
1294 658 1311 693 ·'
1334 719 1340 729 ,

245 775 258 800 n
276 756 338 805 Nisi
356 759 392 807 ad
411 758 473 806 boec
491 759 663 814 admitterer,
682 770 739 807 non
757 757 845 819 {urat
864 767 958 819 operae
976 757 1094 816 pretium
1111 757 1197 804 nasci.
1217 756 1287 818 (inid
1376 776 1378 821 ζ

238 840 257 884 'u
273 843 343 890 onim
355 848 412 890 erat
427 855 473 890 cur
485 843 517 890 in
529 855 637 892 numero
651 844 799 892 viventium
812 855 852 890 me
864 843 982 903 positum
997 853 1051 889 esse
1068 841 1231 903 panderem?

243 942 256 968 o
273 925 387 976 Detrabe
401 927 448 975 boc
460 927 656 976 inaestimabile
669 926 784 982 bonon,-
803 940 858 974 non
871 933 909 975 esl
923 927 982 974 vita
993 926 1080 980 tanti,
1098 932 1128 974 nt
1140 909 1240 981 sudem,
1258 933 1289 978 tet

244 1027 256 1054 u
273 1019 398 1060 aestuem.
419 1011 441 1060 0
459 1024 540 1075 quom
558 1018 709 1072 contempta
728 1024 769 1061 res
788 1018 826 1059 est
845 1011 933 1066 bomo,
952 1011 1010 1058 nisi
1027 1022 1110 1072 supro
1128 1011 1246 1060 bumana
1261 1024 1289 1061 se

243 1097 445 1145 ·..(οτοοοοίεῐ
463 1095 589 1145 ,Ἠοιοο
579 1099 721 1158 inspicere,
741 1097 805 1145 boec
823 1091 934 1151 discere,
954 1096 996 1143 bis
1015 1093 1181 1156 incumbere,
1201 1109 1288 1146 nonne

242 1195 255 1222 u
274 1181 412 1231 transilire
431 1187 468 1232 est
486 1183 681 1232 mortalitatem
700 1194 777 1230 suam
798 1186 824 1230 et
841 1181 873 1228 in
890 1180 1025 1228 meliorem
1051 1179 1210 1276 transcribit
1231 1193 1289 1229 sor-

243 1281 256 1307 «
273 1269 324 1313 lem
339 1260 350 1303 4
364 1265 376 1313 l
392 1283 405 1310 a

278 1349 332 1400 lice
349 1364 409 1400 uero
423 1349 519 1400 obiecti
535 1351 706 1412 praestantia
724 1355 749 1400 et
768 1347 915 1416 difficultas
933 1349 1063 1399 delerem
1080 1348 1187 1397 animae
1204 1349 1285 1416 debet.

241 1434 335 1485 Solida
354 1437 424 1488 enim
441 1448 530 1485 rerum
550 1436 685 1498 {actarum
704 1429 1020 1498 counitio,'puam4ante
1037 1425 1183 1507 procurare
1201 1435 1289 1484 concii

241 1533 342 1577 sumus,
362 1523 473 1582 planam
486 1521 536 1570 bno
549 1522 648 1570 strauit
660 1521 724 1576 iter,
737 1526 818 1583 atque
830 1521 927 1591 mermi
940 1520 1063 1594 Auctoris
1075 1520 1203 1568 notitiam
1214 1532 1289 1593 rpem

242 1611 266 1654 te
283 1619 333 1654 sua
355 1607 472 1668 pondere
490 1618 572 1667 prope
593 1607 682 1668 pessit.
704 1604 776 1654 Deus
794 1612 885 1654 autem
901 1613 1065 1668 “amquam
1085 1597 1289 1654 lucenicanus

240 1689 402 1738 inaccessam
418 1691 463 1745 iis,
483 1691 529 1752 qui
549 1690 599 1738 leot
617 1691 732 1738 scientia
751 1674 975 1751 superbientes’in
988 1695 1219 1756 ectnnotanlum
1228 1701 1288 1736 cor-
1345 1744 1350 1753 ⁴

241 1775 291 1822 tice
308 1781 422 1823 naturae
440 1774 570 1829 baerent‚·
589 1772 693 1823 abunde
712 1783 812 1830 tamen,
832 1769 964 1845 qnantum
982 1773 1117 1835 ipnicalus
1134 1779 1224 1836 noster
1241 1786 1317 1847 που,
1340 1756 1352 1822 ,ἶ

241 1859 298 1906 tivo
315 1867 392 1908 utens
412 1860 466 1908 lure
485 1860 602 1922 detepere
623 1859 705 1913 valet,
724 1859 918 1921 manifestatur
935 1859 988 1913 iis,
1008 1859 1056 1920 qui
1074 1835 1214 1921 ceritatem
1231 1871 1288 1904 mo·
1337 1861 1346 1907 λ

240 1943 310 1990 <teste
328 1955 360 1989 ac
377 1952 426 2004 pro
445 1943 522 1991 virili
539 1948 618 2005 parte
636 1949 799 1998 scrutantes,
818 1955 901 2004 supra
922 1955 1028 1991 sensum
1045 1943 1082 1992 ad
1101 1953 1195 2010 causas
1214 1943 1288 2003 ipsas

239 2027 458 2086 contemplandae
471 2027 600 2076 attollant
613 2030 708 2076 aciem.
726 2027 868 2076 Praeclare
885 2026 1061 2075 Verulamins:
1078 2043 1090 2067 α
1105 2023 1216 2073 Certissi
1225 2016 1231 2027 ⁵
1246 2039 1290 2074 um

244 2126 257 2155 n
274 2119 322 2165 est,
342 2111 442 2192 inquit,
461 2117 540 2175 otone
558 2113 727 2173 experientia
744 2109 953 2172 comprobatam,
975 2111 1040 2160 leves
1054 2101 1205 2172 pustnsin
1239 2111 1290 2158 ilo-

245 2209 257 2238 n
274 2195 367 2255 sopbla
380 2187 480 2244 movere
494 2195 608 2258 tortasse
621 2199 657 2244 ad
672 2190 841 2255 albeismur'n,
862 2197 907 2244 sed
924 2195 1057 2256 pleniores
1076 2195 1187 2241 iniustas
1199 2195 1237 2242 od
1247 2183 1317 2254 red

244 2294 257 2322 u
274 2271 400 2340 lrpionem
417 2283 548 2330 reducere.
570 2278 690 2344 Namque
707 2283 738 2328 in
752 2281 845 2328 limine
860 2267 1065 2341 pbilosppltioe
1085 2290 1143 2325 cum
1161 2266 1324 2328 secundcc⁸

244 2379 257 2406 u
275 2377 379 2422 causele,
400 2371 537 2428 tamquam
554 2364 674 2414 sensibus
687 2368 839 2427 proximae,
858 2365 1000 2427 inperaret
1004 2377 1031 2412 se
1049 2365 1136 2412 matti
1148 2360 1291 2417 humanae,

243 2465 256 2491 n
272 2437 392 2512 mensque
411 2450 471 2510 ipsa
489 2449 595 2498 inillis
614 2450 722 2498 baueot
745 2457 825 2511 atque
848 2455 1044 2502 commoretur,
1069 2445 1168 2494 oblivio
1188 2449 1315 2508 primae‘
1352 2435 1360 2445 ’

243 2551 255 2576 κ
274 2547 369 2583 consae
386 2533 507 2596 obrepere
523 2540 620 2595 posset.
642 2531 765 2596 Sinonis
779 2536 893 2582 ulterius
911 2539 1016 2595 pupas,
1037 2543 1229 2592 causarumque
1247 2533 1293 2580 de·
1312 2563 1320 2571 ι
1376 2578 1377 2595 ,

244 2619 462 2677 «penitentiam,
481 2619 574 2666 seriem
597 2623 621 2666 et
643 2619 893 2666 concatenationem·
908 2624 987 2679 otqrse
1005 2628 1086 2677 opera
1105 2601 1296 2679 procidentibe
1316 2644 1322 2652 -
1355 2631 1360 2639 ·

244 2718 257 2744 ι
272 2702 421 2756 intueatur,
432 2706 496 2749 tunc
511 2703 652 2750 secundum
667 2701 809 2762 pallarum
821 2702 1013 2764 mptbalopiam
1024 2699 1103 2758 [troile
1117 2701 1204 2748 medat
1216 2689 1294 2748 surtt'l

244 2801 256 2827 n
271 2797 343 2832 mnm
355 2784 491 2832 naturalis
504 2791 612 2834 catenae
625 2787 758 2834 annulum
769 2787 831 2848 pedi
843 2787 907 2833 solii
924 2785 994 2834 lovis
1007 2785 1082 2850 affipt
1097 2778 1122 2831 2.
1145 2803 1158 2828 u
1338 2765 1345 2777 ’

279 2874 312 2918 et
325 2881 358 2916 ne
371 2861 521 2931 praefando
540 2869 621 2916 nimii
631 2872 737 2925 simus
757 2872 794 2920 ad
811 2883 867 2918 rem
884 2870 960 2916 illico
979 2882 1127 2920 ueniamus.
1150 2868 1295 2930 Tbeolopia
1350 2886 1355 2892 ·

243 2953 380 3001 naturalis
398 2957 463 3000 scite
480 2953 647 3002 secernenda
652 2964 690 3002 est
706 2955 756 3004 ab
753 2968 795 3010 ea,
815 2967 882 3017 puae
901 2955 987 3002 altius
1001 2955 1089 3003 tumen
1102 2956 1139 3002 ad
1153 2953 1238 3001 ileum
1248 2965 1296 3001 ue·

242 3036 398 3095 elipandum
411 3035 527 3084 conibet.
550 3033 621 3106 Nam
641 3039 745 3098 duplici
759 3031 806 3087 oia
819 3041 855 3087 in.
866 3038 916 3086 Del
929 3041 1058 3086 notitiam
1072 3041 1227 3102 perpimus·
1248 3050 1294 3086 re·
1353 3062 1358 3070 ·

241 3120 373 3167 vetatione
382 3121 487 3174 diuina,
503 3124 622 3168 etunius
634 3118 753 3170 rationis
764 3123 940 3171 adminiculo.
956 3122 987 3170 Si
999 3131 1161 3183 postremum
1173 3124 1221 3171 boc
1231 3134 1298 3170 con·
1313 3125 1317 3132 “
1340 3133 1352 3168 r

245 3201 353 3269 tinpat
373 3215 497 3264 praesens
516 3200 653 3269 efflorescit
671 3196 838 3268 disciplina,
858 3219 927 3271 quae
945 3208 1046 3256 idcirco
1065 3212 1123 3258 inre
1141 3207 1295 3270 definitur:
1354 3241 1360 3251 .

244 3283 353 3335 scientie
373 3285 407 3335 de
427 3283 480 3336 Deo
500 3287 612 3336 iecturali
633 3287 735 3338 lumine
753 3299 914 3354 comparate.
937 3291 969 3338 ln
987 3293 1190 3342 eanutemlria
1201 3293 1295 3352 potis·

243 3375 339 3418 sernum
351 3376 532 3432 erperodemns
558 3372 688 3428 Primum,
708 3385 845 3435 supremae
863 3387 959 3424 caueae
971 3381 1145 3425 existentiam
1163 3382 1186 3424 et
1206 3381 1297 3424 nolu·
1355 3363 1360 3372 ’

242 3455 311 3505 ram
334 3455 443 3514 Deinde,
463 3460 638 3516 proprietates
651 3471 707 3512 eas,
727 3473 794 3521 quae
811 3461 918 3508 nuttam
931 3463 1346 3510 circumterminum-1
1375 3500 1378 3508 .

163 3570 168 3581 .
243 3545 286 3587 tae
298 3542 455 3590 relationem
468 3542 572 3590 babent.
596 3541 725 3605 Denique,
746 3545 890 3599 attributa,
910 3559 977 3606 puae
989 3548 1118 3594 eiusmodi
1132 3534 1303 3609 retaliatum·
1337 3523 1344 3540 ’

242 3621 389 3673 loootount.
412 3624 500 3684 Quare
513 3627 615 3686 triplici
629 3631 718 3688 capite
730 3635 789 3677 tota
803 3630 937 3678 constabit
956 3632 1126 3692 disceptatio.
1173 3639 1208 3655 ⁴·
1326 3630 1338 3641 '

287 3801 298 3845 l
318 3803 473 3852 Naturalium
490 3806 531 3864 Oq.
551 3805 664 3852 Praefatio.

286 3873 352 3924 eae
366 3879 431 3937 aa».
448 3885 469 3928 u
484 3893 562 3940 coen.
580 3882 741 3930 nemineum.
932 3882 958 3912 0
978 3873 985 3890 ⁸
