2767 4492
231 258 287 334 ild
561 273 790 330 mrumscm
801 272 949 328 uanius

228 376 369 448 quatenus
384 371 605 429 consentaneam
617 367 664 426 rel
679 365 892 425 incommodam
907 365 1122 443 dispositionem
1131 368 1163 426 in
1177 379 1281 445 corpo}

228 474 260 517 re
271 457 381 531 gignat,
399 459 483 529 atque
502 453 565 512 ideo
581 468 648 512 cum
668 453 812 526 voluptate
826 457 876 510 aut
897 450 993 510 dolore
1012 452 1216 528 coniungatur3
1235 462 1278 514 ta-

228 557 298 601 men
311 541 347 599 ad
362 555 463 599 sensus
477 543 610 597 externos
625 538 702 613 quod
717 537 832 608 attinet,
848 550 906 595 non
922 551 956 594 ea
970 551 988 593 a
1002 536 1087 594 nobis
1099 539 1273 614 percipitur,

229 627 279 686 sed
292 625 434 684 obiectum
448 622 524 681 unde
534 622 733 696 proficiscitur.
750 622 805 680 h'ec
814 635 882 678 vero
897 621 922 678 si
935 620 1138 694 perciperetur,
1152 622 1188 680 ad
1198 623 1277 684 obie-

229 717 275 771 cta
288 709 371 769 nobis
384 707 624 783 repraesentanda
638 707 747 766 valeret
764 704 882 779 ahquid.
900 704 934 767 Ut
951 705 1029 762 enim
1044 704 1074 762 id
1087 705 1177 779 fieret,
1195 707 1276 767 simi·

228 795 316 854 litudo
330 795 361 853 ln
375 793 477 867 primis
491 793 587 865 aliqua
601 790 777 850 intercedere
793 789 909 849 deberet
923 788 998 848 inter
1011 789 1231 863 impressionem
1245 809 1276 853 e·

228 879 350 938 iusmodi
365 882 394 937 et
408 877 552 937 obiectum
566 892 584 935 a
598 892 654 950 quo
669 877 768 936 oritur.
786 876 866 944 Quod
879 876 996 948 quidem
1009 891 1068 934 non
1078 882 1122 934 est
1131 877 1181 936 ita.
1196 877 1275 946 Quae

228 965 305 1024 enim
320 962 475 1023 similitudo
490 963 607 1036 cogitari
621 962 667 1021 vel
681 962 752 1034 fingi
766 966 859 1034 potest
871 959 946 1020 inter
960 961 1178 1033 impressionem
1192 979 1275 1035 orga-

227 1050 338 1122 nicam,
351 1063 424 1122 quae
439 1049 475 1106 ab
490 1046 662 1106 adversariis
677 1046 714 1105 ad
728 1051 838 1106 motum
860 1051 1024 1118 revocatur,
1041 1051 1070 1103 et
1084 1046 1208 1118 liguram
1222 1051 1274 1105 aut

227 1134 336 1192 colores
350 1148 420 1207 quos
434 1131 640 1206 perspicimus?
655 1131 782 1204 Itemque
801 1145 874 1204 quae
894 1129 1095 1189 convenientia
1108 1130 1275 1204 impressio·

227 1217 274 1277 nis
288 1217 333 1276 vel
346 1221 440 1275 motus
455 1231 521 1274 cum
535 1214 683 1289 saporibus
694 1220 744 1273 aut
757 1215 901 1285 odoribus,
914 1229 985 1287 quos
994 1213 1180 1287 attingimus?
1195 1215 1273 1274 ldem

227 1303 339 1360 dicatur
352 1303 387 1360 de
402 1301 502 1360 ceteris
517 1300 711 1360 sensationum
725 1298 855 1358 obiectis.
868 1299 974 1358 Deinde
988 1315 1044 1372 quo
1059 1306 1141 1372 pacto
1151 1300 1274 1374 impres-

228 1387 271 1446 sio
285 1385 418 1459 organica
432 1386 548 1458 signum
562 1384 645 1442 nobis
660 1399 723 1442 esse
742 1388 838 1457 posset
851 1389 880 1442 et
893 1384 988 1456 imago
1003 1383 1116 1456 obiecti,
1133 1384 1189 1442 nisi
1210 1399 1274 1457 per·

227 1469 318 1544 ceptio
333 1469 455 1527 innobis
465 1468 660 1541 subaudietur,
672 1483 729 1541 qua
738 1468 882 1527 obiectum
897 1468 993 1550 ipsum
1006 1467 1272 1540 deprehendamus?

228 1556 346 1628 Signum
367 1555 493 1627 protecto
508 1559 536 1612 et
549 1554 643 1627 imago
661 1553 829 1612 relationem
844 1553 958 1611 adrem
983 1553 1174 1625 significatam
1187 1559 1216 1612 et
1228 1569 1272 1612 re·

226 1643 437 1711 praesentatam
451 1638 566 1704 habent,
576 1653 630 1696 nec
639 1642 673 1695 ut
682 1637 750 1695 talia
765 1638 892 1710 dignosci
903 1644 1030 1709 possunt,
1042 1638 1098 1695 nisi
1109 1653 1144 1696 ea
1153 1639 1189 1696 ad
1199 1653 1274 1711 quae

226 1725 390 1782 reseruntur
407 1737 465 1780 nna
479 1717 586 1796 pariter
605 1722 817 1794 dignoscantur.
832 1722 923 1789 Quare
938 1721 1009 1778 baec
1023 1722 1187 1795 hypothesis
1201 1721 1272 1780 dunr

228 1807 264 1864 ad
279 1805 469 1880 cognitionem
488 1806 664 1864 obiectorum
685 1809 870 1864 externorum
884 1804 915 1862 in
942 1805 1069 1864 animum
1091 1807 1275 1864 introducen-

227 1891 295 1948 dam
309 1890 482 1963 assumitur,
496 1904 568 1948 eam
585 1889 775 1948 introductam
790 1889 933 1948 subaudit.
949 1889 1075 1963 lienique
1089 1890 1114 1948 si
1127 1889 1168 1946 ita
1181 1898 1270 1963 esset,

227 1989 280 2033 nos
294 1975 324 2034 in
338 1974 485 2051 sentiendo
500 1975 535 2032 ad
550 1973 768 2047 impressionem
792 1988 850 2031 non
869 1973 905 2031 ad
919 1973 1063 2031 obiectum
1087 1973 1272 2044 cogitandum

110 2125 115 2136 ¹
226 2059 339 2117 incitari
362 2057 495 2132 primitus
509 2057 691 2130 deberemus;
708 2058 791 2116 cuius
804 2057 847 2116 rei
864 2058 1039 2116 contrarium
1062 2057 1179 2116 omnino
1194 2057 1224 2115 in
1239 2073 1273 2116 se

226 2145 345 2218 quisque
359 2145 466 2219 optime
479 2145 634 2218 experitur.

261 2230 311 2288 llis
322 2231 408 2303 igitur
426 2231 548 2296 reiectis,
565 2230 601 2287 ad
615 2244 676 2287 rem
687 2234 721 2288 ut
734 2229 815 2287 decet
829 2231 1029 2303 explicandam
1043 2231 1073 2288 in
1087 2231 1190 2304 primis
1204 2245 1271 2289 con·

226 2313 409 2372 siderandum
424 2319 476 2386 est,
494 2314 685 2372 sensationem
699 2315 881 2387 perceptione
896 2315 992 2387 aliqua
1007 2315 1074 2372 licet
1091 2315 1267 2387 imperfecte,

226 2397 374 2456 contineri.
387 2399 495 2456 Sentire
505 2399 582 2456 enim
598 2404 683 2470 atque
699 2398 807 2471 aliquid
817 2399 1030 2472 deprehendere
1045 2397 1146 2456 eadem
1155 2405 1199 2456 est
1212 2413 1267 2470 res,

226 2481 279 2540 etsi
294 2483 421 2541 oratione
441 2482 561 2540 diversa.
580 2481 609 2539 ld
624 2486 723 2540 autem
743 2483 933 2555 perceptionis
951 2481 1098 2542 notionem
1120 2482 1267 2554 importat3

226 2580 299 2638 quae
313 2565 471 2638 generatim
485 2569 601 2639 accepta
621 2566 693 2623 nibil
708 2571 751 2624 est
765 2566 859 2638 aliud,
876 2581 962 2639 quam
977 2566 1086 2640 aliquid
1107 2565 1269 2638 cognitione

226 2663 337 2721 capere.
354 2649 596 2716 Quemadmodum
620 2649 778 2723 intelligere
802 2666 859 2709 non
875 2651 1010 2710 est'aliud
1025 2651 1080 2709 nisi
1095 2649 1202 2723 aliquid
1227 2647 1270 2706 in·

223 2731 335 2791 tellectu
349 2735 571 2807 apprehendere,
584 2735 625 2794 sic
640 2735 745 2794 sentire
760 2742 873 2796 nonest
886 2737 967 2795 aliud
977 2736 1034 2795 nisi
1049 2735 1268 2808 alicuidappre-

223 2815 348 2876 bendere
362 2818 503 2878 sensibus.
516 2820 571 2878 Nec
586 2835 654 2878 sane
669 2820 781 2894 concipi
796 2821 892 2879 animo
908 2825 1007 2894 potest,
1020 2836 1076 2892 uuo
1090 2826 1173 2893 pacto
1188 2817 1268 2890 quid·
1377 2852 1378 2857 κ

223 2899 301 2972 piam
316 2902 414 2960 sentiri
429 2903 549 2976 dicatur,
568 2903 642 2976 quod
659 2907 755 2962 tamen
770 2904 848 2962 nulla
863 2904 972 2963 ratione
986 2904 1171 2978 percipiatur.

229 3013 234 3022 -
260 2983 402 3058 Nonnulli,
418 3002 434 3044 e
448 2987 575 3046 llosmini
590 2988 686 3050 schola
700 2989 878 3063 praesertim,
890 2989 1073 3048 vehementer
1082 2991 1189 3059 negant
1204 2999 1269 3044 sen·

224 3066 364 3126 sationem
378 3083 460 3142 posse
475 3072 686 3145 perceptionem
701 3078 751 3131 aut
764 3073 956 3145 cognitionem
971 3072 1117 3146 appellari.
1195 3139 1198 3143 ¹

258 3152 292 3209 tt
305 3152 371 3210 inde
387 3169 465 3213 error
480 3156 508 3212 in
525 3172 572 3214 eos
582 3157 730 3229 irrepsisse
745 3157 865 3228 videtur,
883 3156 959 3230 quod
973 3156 1112 3215 indicium
1123 3171 1190 3213 cum
1203 3168 1273 3228 per-¹

222 3235 350 3308 ceptione
360 3243 409 3295 aut
418 3253 484 3296 cum
493 3240 652 3312 cognitione
662 3241 819 3312 generatim
829 3241 906 3298 dicta
916 3241 1101 3324 contendant.
1114 3239 1182 3297 ilinc
1197 3236 1268 3308 qttt'a

222 3317 328 3378 iudicio
340 3321 425 3392 (quod
434 3317 538 3381 mentis
549 3329 592 3381 est
602 3325 758 3398 proprium)
769 3326 960 3384 sensationem
971 3324 1068 3384 orbari
1078 3320 1265 3393 conspiciant,

222 3403 353 3460 eamdem
368 3407 546 3478 perceptione
561 3407 646 3466 etiam
662 3407 776 3467 destitui
791 3409 953 3482 opinantur.
971 3410 1004 3466 llt
1018 3408 1090 3467 haec
1107 3407 1172 3477 duo,
1190 3420 1269 3477 quae

220 3486 251 3543 in
267 3486 398 3560 homine,
416 3505 500 3547 sensu
515 3490 600 3548 simtd
617 3497 645 3549 ot
659 3492 769 3550 rabono
784 3493 924 3565 pollente,
942 3508 1055 3565 semper
1071 3488 1206 3560 eomuugt
1221 3504 1269 3548 so·

221 3568 289 3642 lent,
309 3571 532 3634 consideratione
544 3577 638 3648 sagaci
653 3576 812 3648 separanda
822 3576 924 3647 oppido
934 3584 1009 3634 sunt.
1023 3575 1162 3634 [odicium
1174 3573 1266 3645 eninr,

222 3666 288 3726 quo,
305 3660 369 3726 post
383 3658 583 3732 sensationem,
600 3659 744 3718 obiectum
758 3663 791 3715 nt
804 3672 920 3717 causam
929 3660 1058 3718 eiusdem
1073 3659 1149 3717 clare
1164 3656 1268 3714 distin·
1374 3674 1375 3679 ¹

221 3737 322 3807 cteoue
335 3739 533 3815 perspicimus,
552 3747 601 3800 aut
614 3744 713 3815 ipsum
725 3742 865 3802 affirmate
880 3751 962 3802 extra
975 3759 1030 3802 nos
1044 3749 1158 3801 exstare
1173 3741 1270 3816 prole·

220 3816 320 3892 rimus,
337 3821 374 3881 ad
387 3827 513 3884 mentem
526 3825 668 3900 pertinere
678 3840 748 3890 sane
763 3827 955 3900 concedimus.
968 3827 1073 3899 lerum
1084 3841 1145 3886 uon
1157 3824 1270 3886 idcirco
