2767 4492
215 267 258 344 '48
549 289 937 340 uarmarsrcarrsrrcranrs

222 396 289 443 rum
302 381 353 457 qni
363 381 404 442 ila
412 379 520 453 obiicit,
532 379 558 439 is
571 395 608 439 ne
621 394 656 438 ea
671 378 796 452 quidem,
812 393 886 452 qnae
898 377 1015 452 proiert,
1028 377 1147 438 sortasse
1160 379 1265 440 intelli-

222 467 356 543 pithom
380 482 478 541 pugna
502 470 709 539 conceptuum,
726 467 758 522 ut
772 463 857 522 rudes
876 463 963 522 etiam
978 462 1008 522 in
1023 463 1115 537 logica
1138 471 1264 541 norunt,
1375 506 1376 534 ι

225 559 294 613 tunc
315 551 455 625 habetur,
471 565 536 610 com
555 549 664 630 aliquid
684 564 803 622 prorsus
820 547 896 608 idem
911 547 1071 608 affirmatur
1084 554 1263 628 et.negatur;

222 653 274 698 seu
283 652 350 696 cnm
364 636 472 710 aliquid
486 636 585 694 eodem
601 642 728 708 tempore
743 634 898 708 eodemque
914 639 1044 708 respectu
1058 633 1089 693 in
1104 651 1136 694 re
1149 636 1266 710 ponitur

222 722 365 796 omnique
379 720 511 780 demitur.
527 720 561 778 ht
574 734 641 778 vero
654 719 685 778 in
701 719 843 779 creatione
857 733 944 794 qnam
958 719 1148 794 defendimus,
1159 721 1200 780 nil
1210 723 1266 782 tale

222 809 259 868 ab
273 806 444 866 adversariis
457 805 570 865 ostendi
584 810 685 878 potest.
702 805 763 865 Non
781 803 859 863 enim
874 804 943 862 dum
957 802 1076 864 cilechra
1092 805 1177 865 condi
1192 823 1208 866 e
1222 807 1265 867 ni·

222 893 282 953 hilo
293 892 406 966 dicitur,
417 890 577 965 putandum
586 895 629 950 est
639 891 734 965 ipsum
748 889 872 950 nihilum
885 889 1036 948 materiam
1051 905 1113 949 esse
1128 891 1203 951 unde
1217 891 1266 952 ille

223 977 375 1051 conflatum
391 991 485 1051 neque
499 975 575 1054 credi
590 975 683 1048 debet,
695 974 725 1033 id
739 972 815 1048 qnod
829 973 862 1032 rit
875 974 975 1033 eodem
990 973 1148 1036 durationis
1163 977 1266 1036 articu-

225 1063 254 1123 lo
267 1077 403 1138 respuere
417 1067 445 1121 et
459 1061 544 1120 amul
566 1060 687 1119 induere
708 1059 900 1118 existentiam.
925 1059 1032 1118 Horum
1055 1059 1264 1137 absurdarum,

223 1163 299 1223 qnae
313 1145 469 1206 adversarii
484 1144 645 1213 criminose,
656 1149 690 1204 nt
699 1144 799 1217 solent,
812 1143 950 1202 creationi
966 1150 1121 1219 apponunt,
1133 1151 1266 1205 neutrum

222 1247 324 1293 revera
337 1231 485 1304 contingit.
497 1231 549 1290 Sed
564 1230 594 1290 id
608 1235 720 1289 tanonn
734 1229 841 1288 creatio
855 1227 987 1302 postolat,
999 1235 1030 1287 nt
1044 1229 1154 1304 integra
1167 1245 1213 1290 res
1228 1232 1265 1291 ab

224 1318 366 1378 alliciente
379 1316 552 1391 producatur
565 1330 618 1374 nec
632 1315 723 1374 ullum
739 1319 805 1373 aute
819 1313 981 1373 nrhiectnm
996 1319 1097 1388 exstet,
1109 1315 1184 1389 quod
1198 1331 1265 1377 oan-

223 1415 272 1462 sae
290 1401 427 1461 achmtati
445 1400 605 1460 subveniat.
620 1401 679 1460 iioc
694 1405 791 1458 autem
809 1415 868 1458 non
886 1399 963 1458 idem
982 1399 1062 1474 ponit
1080 1399 1166 1459 simul
1181 1405 1209 1460 et
1222 1417 1266 1460 ra

99 1529 106 1536 -
221 1494 331 1562 movet,
348 1487 398 1547 sed
412 1493 523 1546 hunam
538 1501 681 1545 summam
695 1485 805 1560 agentis
819 1486 955 1544 mrmtem
974 1485 1102 1560 inducit,
1119 1486 1207 1545 talem
1221 1487 1265 1546 ni·

208 1573 330 1633 -mirnm
342 1578 376 1631 ιιι
390 1572 427 1630 ad
440 1571 615 1646 gignendum
633 1571 766 1629 effectum
785 1570 906 1629 materia
924 1570 1007 1644 plane
1022 1585 1080 1629 non
1095 1577 1194 1644 egeat,
1211 1587 1267 1646 qua
1377 1567 1378 1638 l

222 1659 337 1719 iuvetur
350 1663 436 1732 atque
450 1657 487 1715 ad
501 1655 605 1729 agend
619 1655 737 1714 modum
751 1656 965 1716 detemrinetnr.
976 1657 1034 1715 lioe
1046 1663 1141 1716 autem
1157 1661 1267 1716 tantum

223 1744 305 1804 abest
319 1747 351 1802 ot
364 1742 538 1801 creationem
551 1747 759 1815 repugnantem
774 1741 876 1815 iaciat,
892 1745 925 1799 nt
940 1741 1081 1800 affirmate
1096 1742 1190 1816 potins
1204 1757 1268 1801 eam

223 1827 348 1887 declaret
361 1841 424 1884 esse
439 1824 615 1900 possibilem.
635 1826 706 1885 Nam
722 1839 856 1900 suprema
874 1826 1003 1885 omnium
1020 1841 1122 1900 causa,
1139 1842 1176 1886 ex
1189 1827 1268 1886 nulla

223 1926 255 1971 re
268 1911 323 1970 sihi
337 1911 431 1969 aliena
445 1911 477 1969 in
490 1910 633 1984 operando
649 1908 869 1984 dependentium
883 1910 990 1970 hahere
1004 1910 1098 1971 debet.
1109 1912 1179 1970 Com
1186 1913 1267 1991 enim

224 1996 353 2056 absoluta
373 1995 412 2054 sit
425 1995 457 2055 in
471 1996 638 2070 existendo,
655 1996 815 2056 absolutam
837 1995 922 2054 etiam
938 1996 970 2054 in
985 1997 1094 2070 agendo
1109 2012 1171 2057 esse
1187 2013 1267 2071 opor-
1378 1993 1379 2050 l

225 2087 279 2156 tet;
296 2080 437 2156 siqrddem
456 2081 559 2155 agend
572 2082 675 2140 modus
688 2081 831 2141 existendi
845 2081 962 2140 modum
976 2083 1119 2156 sequitu!
1131 2082 1203 2156 Ergo
1219 2081 1267 2141 tali

224 2181 328 2227 causae
348 2181 384 2227 ea
401 2166 527 2241 operatio
550 2171 660 2225 hatum
680 2171 726 2225 est
746 2171 956 2239 consentanea,
977 2182 1051 2240 qnae
1070 2167 1113 2226 rei
1131 2171 1267 2227 externae

224 2267 308 2312 omne
321 2258 438 2328 respuat
450 2252 666 2312 adminiculum.
686 2252 771 2326 htord
788 2251 928 2311 eiusmodi
948 2251 1091 2312 alliciendi
1106 2253 1178 2312 ratio
1193 2269 1265 2313 non·
1379 2247 1380 2250 ’

223 2339 280 2398 nisi
290 2339 321 2399 in
330 2338 483 2412 creatione,
495 2353 546 2398 een
560 2338 592 2396 in
605 2337 791 2411 productione
806 2353 905 2397 rernm
920 2353 937 2396 e
951 2337 1041 2397 nihilo
1055 2339 1151 2397 locum
1166 2338 1265 2412 hahet,

223 2423 298 2483 actio
313 2423 463 2499 siqnidem,
480 2437 554 2497 qrrae
568 2438 606 2482 ex
619 2423 782 2496 preiacente
796 2423 917 2482 materia
931 2437 993 2482 rem
1007 2423 1117 2499 educit,
1134 2439 1197 2484 are
1212 2423 1267 2484 sibi

224 2514 347 2569 externa
361 2509 476 2568 iuvatur
489 2513 518 2567 et
531 2508 666 2568 delinitur
680 2508 711 2566 in
726 2509 878 2586 operando.
895 2509 1003 2567 dreatio
1019 2507 1106 2582 igitur
1121 2509 1157 2568 ad
1171 2525 1268 2584 supro·

223 2609 303 2654 mam
317 2609 443 2667 carosam,
459 2593 579 2654 utactio
593 2593 655 2652 eius
668 2593 784 2667 propria
797 2593 929 2666 pertinet,
942 2608 975 2651 ac
990 2593 1109 2667 proinde
1124 2593 1266 2668 possibilis

168 2730 173 2742 .
224 2677 358 2738 haheuda
371 2683 430 2752 est3
448 2694 531 2738 secus
545 2677 639 2753 prima
652 2693 739 2736 causa
753 2677 865 2736 actione
880 2677 936 2741 sior
951 2675 1046 2736 dehita
1060 2677 1230 2752 privaretur.

262 2763 305 2822 17.
322 2763 365 2822 iix
378 2763 423 2823 hia
444 2763 527 2823 facile
549 2762 722 2822 dhudicatnr
743 2777 830 2837 qnam
852 2760 924 2820 laisa
943 2761 980 2820 sit
1001 2763 1152 2824 creationis
1170 2764 1265 2836 notio,

224 2863 315 2924 qnam
331 2847 458 2908 obtrudit
473 2848 568 2908 victor
589 2847 689 2908 cousin
713 2848 763 2908 uhi
785 2847 843 2907 ait:
863 2847 975 2907 «Homo
988 2853 1049 2908 non'
1061 2863 1098 2907 ex
1113 2848 1203 2908 nihilo
1218 2847 1268 2908 sed

229 2957 241 2985 ι
259 2933 384 3009 aseipso
397 2933 493 2994 educit
505 2933 666 3009 actionem,
681 2949 771 3009 quam
784 2933 913 2993 nondum
928 2933 996 2993 lecit
1009 2933 1059 2995 aed
1073 2936 1200 2994 iactnms
1214 2929 1267 2993 'eat

229 3017 300 3077 «En
314 3017 465 3078 creationis
479 3019 651 3093 imaginem3
670 3019 768 3078 divina
790 3017 932 3094 siqnidem
950 3021 1056 3080 creatio
1077 3019 1205 3080 eiusdem
1218 3033 1269 3077 na·

193 3129 198 3150 1
230 3126 241 3154 ι
259 3107 339 3163 turae
353 3107 406 3162 est.
422 3103 496 3162 heus
510 3103 534 3162 si
549 3110 593 3164 est
606 3119 712 3178 causa,
729 3119 827 3164 creme
840 3109 947 3179 potest3
965 3105 990 3164 si
1004 3109 1071 3164 vero
1086 3119 1172 3162 cansa
1187 3102 1268 3160 ahso-

230 3210 241 3240 ι
258 3186 319 3247 lnta
332 3191 454 3262 estnon
468 3203 566 3248 creare
580 3203 639 3248 non
652 3193 754 3264 potest.
767 3188 840 3247 Dum
854 3203 922 3247 vero
936 3186 1076 3246 mnndum
1091 3190 1177 3256 creat,
1190 3195 1267 3240 eum-

229 3296 241 3324 ·
257 3271 324 3331 dem
341 3287 401 3332 non
415 3288 432 3332 e
445 3272 536 3332 nihilo
550 3273 600 3332 sed
615 3289 653 3332 ex
667 3273 760 3346 seipso
776 3271 880 3344 trahit;
898 3287 935 3330 ax
949 3270 999 3328 illa
1013 3267 1150 3326 nimirum
1172 3268 1269 3336 poten·

229 3382 241 3410 ι
257 3356 298 3416 tia
311 3357 456 3418 alliciendi
469 3362 498 3418 et
511 3357 647 3431 creandi,
663 3357 747 3417 cadus
761 3371 815 3414 uos
829 3353 986 3414 imbecilles
1004 3349 1135 3409 homines
1152 3345 1268 3406 uodnisi

229 3441 417 3515 «portionem
435 3442 585 3503 hahemus.
603 3440 767 3501 iliiierentia
781 3443 877 3498 antem
892 3436 985 3497 omnis
1004 3431 1176 3493 creationem
1195 3430 1269 3489 inter

230 3549 242 3577 ι
259 3526 386 3587 hunam
400 3532 429 3586 et
442 3533 569 3588 nostram
583 3527 684 3586 eadem
699 3538 815 3598 prorsus
830 3526 873 3580 eet
886 3537 919 3578 ac
934 3517 1095 3578 differentia
1113 3515 1162 3574 ilci
1178 3519 1206 3574 et
1220 3514 1269 3574 ho·

231 3633 243 3661 ·
257 3611 354 3685 minis,
370 3627 423 3673 seu
436 3629 540 3673 causae
554 3612 701 3672 ahsoluue
715 3613 744 3666 et
758 3619 861 3666 cauma
874 3604 1010 3664 relativae
1024 3601 1183 3678 genemdm
1199 3603 1225 3658 l.
1244 3623 1255 3652 ι

272 3797 283 3842 l
306 3818 316 3839 ι
334 3797 359 3844 h’
369 3798 455 3848 homme
471 3815 499 3848 ue
513 3801 554 3845 tiro
569 3797 632 3860 point
647 3795 677 3842 du
693 3798 761 3841 ndaut
776 3791 792 3839 l’
803 3791 884 3856 achon,
902 3791 938 3855 qn'
947 3791 963 3838 il
980 3791 1023 3838 n’a
1038 3805 1077 3855 pas
1090 3788 1143 3837 luite
1156 3802 1235 3836 ancora
1250 3789 1273 3832 el

229 3897 238 3919 ι
257 3873 322 3939 qu'ii
336 3891 363 3923 ra
378 3875 442 3939 loire,
459 3876 476 3922 il
491 3875 512 3922 la
529 3875 570 3923 tire
583 3873 611 3922 do
625 3872 658 3922 lui
672 3879 752 3921 mama.
770 3869 831 3919 iolla
847 3869 869 3918 la
884 3873 935 3934 lppo
952 3869 973 3918 d’
983 3885 1028 3918 una
1044 3867 1148 3916 aristion.
1166 3867 1195 3913 la
1208 3865 1271 3912 cria·
