2767 4492
161 390 167 398 ,
245 327 295 392 lae
561 335 562 338 ’
655 335 849 386 'munera

241 446 259 488 a
275 426 368 498 nobis,
385 425 464 484 nulla
477 424 533 483 alla
548 422 656 482 ratione
665 423 801 483 decliuaii
811 423 910 497 possit,
923 437 1011 497 quam
1020 421 1172 483 ndabone
1181 422 1277 482 elicii:

241 514 312 572 baec
325 527 402 583 nero,
420 525 492 583 quae
507 508 590 568 vitari
599 509 700 582 nequit
709 523 746 566 ex
761 509 911 583 hypothesi
925 508 1059 582 quadam,
1071 507 1103 566 in
1112 523 1170 581 praa
1183 507 1281 581 quisse

242 603 340 670 sponte
356 594 516 666 constituat,
532 598 648 666 atquae
663 593 777 667 abipso
793 594 934 652 removeri
948 592 1050 651 valeat.
1061 593 1096 650 Ut
1107 591 1190 650 facile
1201 597 1280 664 patet,

242 682 313 740 baec
325 678 448 738 secunda
458 677 614 736 necessitas
624 677 670 736 ins
681 677 793 736 nullum
802 677 914 750 tribuit,
927 675 1284 751 siquidemexensationem

242 765 349 824 unllam
369 767 493 821 meretur
512 761 547 834 is,
564 763 613 835 qui
629 763 756 835 prudeus
775 768 805 820 et
826 761 920 820 sciens
940 760 1178 835 impedimentum
1194 759 1283 819 officio

243 849 368 923 apponit.
385 844 423 905 lla
437 846 526 919 igitur
540 847 656 918 emissa,
674 846 834 905 absolutam
848 846 998 904 dumtaxat
1011 845 1207 904 necessitatem
1220 859 1282 904 cou-

242 935 408 994 sideremns.
431 932 526 991 Huius
546 931 649 1005 triplex
671 947 763 1005 genus
785 931 958 1005 assignatur:
979 939 1120 1003 cotronae,
1139 930 1238 1004 praeis
1254 936 1282 988 et

242 1019 419 1078 columellis.
432 1018 566 1076 Extrema
576 1017 682 1076 dicitur
691 1032 757 1075 cum
774 1017 810 1076 ad
823 1017 981 1091 parendum
990 1017 1093 1088 officio,
1104 1014 1281 1074 subcundum

242 1110 284 1163 est
299 1103 458 1178 periculum
472 1103 548 1162 vitae
563 1101 671 1161 aliusve
685 1103 765 1170 mali,
782 1103 859 1176 quod
872 1106 964 1160 morte
972 1117 1033 1162 ,non
1043 1101 1164 1160 interius
1176 1105 1282 1174 repnte
1376 1166 1377 1171 ἵ

244 1194 298 1247 tor.
316 1189 375 1247 Erit
390 1186 494 1261 gravis,
512 1202 578 1245 cum
594 1192 677 1260 urget
690 1187 799 1246 malum
813 1186 934 1246 minime
948 1185 1150 1260 spernendum,
1173 1201 1219 1243 ex.
1240 1201 1282 1258 gr.

241 1273 365 1331 notabile
377 1273 584 1330 ¹detrimentum
598 1272 738 1345 sanitatis,
756 1287 813 1332 oon
828 1271 899 1332 len's
917 1277 985 1331 nom
1007 1271 1161 1343 dedecoris,
1183 1284 1285 1342 magna
1376 1298 1377 1301 π

242 1358 284 1417 rei
298 1357 447 1416 familiaris
462 1357 580 1430 iactura,
598 1363 626 1416 et
640 1357 696 1415 alia
711 1357 824 1430 generis
838 1356 978 1415 eiusdem.
997 1356 1121 1415 Tandem
1134 1354 1286 1414 necessitas

242 1442 402 1501 columnaris
417 1442 529 1514 dieitur,
548 1457 614 1500 cum
633 1440 743 1500 malum
762 1440 895 1500 imminet
914 1447 1092 1512 consuetum,
1116 1455 1170 1498 nec
1189 1440 1285 1513 magui

242 1527 391 1600 momenti,
409 1533 440 1584 ul
455 1527 570 1585 amissio
586 1541 673 1600 parva
695 1527 845 1599 mortitam,
862 1526 934 1585 levis
949 1526 1287 1598 calumnia,contemptos

239 1611 439 1669 nonoellorom
455 1617 483 1669 et
498 1610 613 1669 similia.
631 1611 716 1670 Porro
730 1611 840 1670 nemini
854 1611 975 1670 dubium
988 1610 1111 1684 estqnin
1124 1611 1197 1668 baec
1207 1607 1287 1668 tertia

242 1697 396 1753 necessitas
416 1680 503 1754 elficit
522 1695 726 1768 obligationem
744 1711 892 1770 nunquam
907 1695 1006 1754 solvat.
1025 1695 1054 1754 Si
1069 1695 1147 1753 enim
1165 1693 1285 1768 quodvis

241 1778 350 1844 malurn
369 1780 523 1838 imminens
538 1780 574 1838 ab
588 1779 740 1853 implendis
753 1780 858 1839 ciliciis
873 1795 927 1838 nos
941 1785 1105 1851 exemeret,
1121 1793 1179 1838 non
1193 1778 1286 1837 solum

242 1862 331 1920 libero
346 1863 485 1921 virtutum
500 1864 645 1936 exercitio,
664 1865 714 1923 sed
732 1865 810 1923 omni
824 1865 907 1937 plane
922 1879 1035 1923 mamm
1050 1863 1191 1923 honestati
1212 1863 1287 1940 nale

245 1947 397 2006 dicendum
413 1955 495 2008 esset.
513 1950 544 2008 ln
559 1951 703 2023 praesenti
717 1950 795 2008 enim
808 1950 884 2008 vitae
899 1956 974 2008 statu
985 1949 1110 2018 (adiecta
1119 1949 1287 2023 praesertim

242 2047 338 2090 rorum
352 2033 547 2092 vicissitudine
563 2039 590 2092 et
604 2033 801 2107 improborum
821 2034 944 2107 malitia)
961 2033 1021 2092 iere
1041 2033 1227 2107 impossibilis
1244 2039 1290 2092 est

242 2117 309 2174 boni
321 2118 436 2176 moralis
446 2119 607 2191 existentia,
620 2119 682 2182 sine
691 2119 824 2177 societate
834 2119 1037 2178 nonnullorum
1050 2119 1201 2190 mnarum,
1213 2135 1289 2193 quac

244 2217 260 2258 a
275 2203 349 2274 trogi
365 2203 480 2262 bomine
495 2204 677 2262 incurrantur
692 2219 730 2262 ne
745 2219 762 2262 a
777 2210 853 2263 reete
868 2205 1016 2263 desciscat.
1033 2205 1128 2264 Restat
1142 2204 1228 2277 igitur
1240 2219 1290 2262 ex·

246 2292 333 2343 trema
348 2291 376 2344 et
390 2289 484 2360 granis
499 2289 662 2361 necessitas,
680 2304 755 2362 quae
769 2289 886 2361 quidem
899 2289 1128 2362 pondosbabent
1137 2289 1210 2362 apud
1222 2304 1290 2362 pru·

243 2371 355 2428 dentem
377 2388 518 2447 quemque
537 2380 566 2432 et
588 2374 704 2445 bonum,
725 2381 811 2448 atque
832 2374 896 2433 ideo
908 2389 1048 2434 excusare
1062 2375 1234 2447 quaudoque
1250 2374 1289 2432 ab

243 2455 336 2514 olbcie
350 2463 476 2532 pessunt,
490 2459 600 2532 quoties
610 2458 639 2516 id
650 2464 753 2516 natura
763 2458 888 2531 patiatur
897 2459 995 2532 eiilcii,
1007 2460 1083 2533 quod
1093 2459 1124 2518 in
1134 2459 1291 2518 discrimen

244 2539 401 2614 adducitur.
418 2541 449 2600 ld
462 2543 549 2615 igitur
568 2543 682 2616 quando
697 2543 824 2601 obtineat
842 2542 996 2602 videndum
1014 2550 1066 2603 est.

279 2625 323 2683 78.
341 2625 473 2708 Officium
483 2626 595 2700 proprie
608 2632 767 2700 acceptum,
780 2627 856 2700 qnod
865 2643 963 2686 veram
973 2629 1175 2702 obligationem
1183 2630 1294 2703 impor-

246 2713 293 2780 tot,
309 2710 477 2784 utquisque
492 2711 576 2783 videt,
593 2727 655 2770 esse
670 2720 762 2786 potest
776 2719 827 2771 aut
841 2715 999 2783 escutiolas,
1016 2721 1066 2773 aul
1080 2715 1291 2776 advectitiam.

244 2794 396 2866 Utrumque
411 2795 610 2869 despiciamus.
628 2796 760 2855 Officium
773 2799 933 2871 essentiale,
954 2799 986 2857 in
1006 2800 1174 2858 necessariis
1187 2813 1295 2859 rerum

242 2877 429 2938 relationibus
446 2881 589 2949 tundatur,
607 2889 692 2955 alque
707 2882 797 2956 alege
812 2884 936 2942 naturali
952 2884 1108 2958 imponitur
1118 2883 1296 2957 periussum

244 2969 293 3020 out
307 2963 537 3036 prohibitionem.
554 2967 582 3024 Si
598 2966 787 3039 proticiscitor
798 2984 814 3025 a
825 2969 886 3041 lege
901 2969 1025 3026 naturali
1035 2968 1144 3042 aliquid
1158 2968 1292 3043 iubente,

243 3047 346 3105 dicitur
367 3049 603 3122 affirmationem
625 3051 649 3109 si
670 3058 765 3110 antem
786 3069 803 3110 a
822 3054 884 3126 lege
903 3054 1027 3112 naturali
1041 3053 1149 3125 alicuid
1164 3058 1293 3124 vetante,

244 3131 348 3190 dicitur
366 3133 546 3206 cepaticum.
568 3136 708 3208 lamvero,
725 3137 761 3195 ab
775 3137 870 3196 oitic'iu
890 3139 1021 3210 negativo
1042 3138 1187 3211 implendo
1209 3137 1296 3196 nulla
1376 3134 1377 3173 ³

242 3218 406 3288 necessitas,
427 3226 581 3292 utcumque
601 3229 740 3295 extrema,
763 3237 902 3280 excusare
922 3229 1021 3295 potest.
1039 3223 1117 3290 Ouod
1139 3223 1219 3281 euim
1242 3222 1297 3282 lex
1376 3274 1377 3289 ἶ

243 3302 381 3360 naturalis
392 3307 477 3374 uetat,
491 3303 598 3370 malum
613 3307 719 3364 morale
736 3322 786 3379 per
799 3321 830 3364 se
844 3312 902 3378 est3
915 3306 1000 3380 idque
1011 3323 1160 3381 nunquam
1175 3315 1297 3380 patrare
1376 3352 1377 3361 ,

242 3385 317 3458 licet,
335 3387 533 3460 quodcumque
547 3390 655 3448 malem
672 3390 821 3464 physicum
837 3390 995 3463 immineat,
1013 3393 1070 3450 nisi
1085 3393 1153 3451 ordo
1168 3393 1298 3452 rationis
1376 3462 1377 3471 χ

245 3470 369 3547 perverti
382 3472 455 3530 velit.
466 3472 521 3530 Nec
533 3489 599 3530 vero
609 3473 685 3532 ullae
695 3475 926 3533 circumstantiae
936 3477 1065 3536 accidere
1076 3482 1203 3550 possunt,
1216 3493 1301 3551 quac

243 3559 375 3613 naturam
395 3573 496 3616 rerum.
510 3557 663 3616 immolent
681 3565 709 3617 et
728 3559 836 3618 licitum
857 3562 978 3619 reddant
997 3565 1071 3634 qued
1092 3563 1218 3621 essentia
1237 3578 1302 3622 sua

245 3643 325 3712 turpe
339 3645 368 3698 et
382 3640 548 3700 indecorum
562 3649 615 3701 est.
631 3643 706 3701 Uinde
716 3643 768 3702 bac
779 3645 808 3702 in
820 3659 851 3702 re
861 3644 908 3703 ius
918 3646 1093 3705 necessitatis
1104 3647 1163 3705 rim
1177 3647 1303 3706 nullam

198 3725 201 3734 “
240 3721 334 3796 babet,
352 3740 385 3782 ac
400 3726 462 3784 siue
477 3727 669 3807 controversia
690 3729 765 3801 oneo
780 3745 797 3787 a
810 3736 887 3788 recto
902 3737 931 3788 et
946 3731 1054 3789 iustitia
1075 3732 1181 3803 delicit,
1206 3731 1302 3792 miici

244 3813 405 3866 constanter
423 3811 520 3882 debet,
543 3827 740 3886 qualecumque
759 3815 816 3874 sint
834 3815 1023 3888 consectaria,
1045 3832 1119 3889 quae
1140 3817 1301 3890 timentur,

245 3895 294 3947 ant
307 3892 403 3952 minae
418 3893 566 3957 bominum
583 3913 670 3971 prata
684 3898 854 3962 iubentium.
865 3901 954 3975 aitque
969 3901 1023 3962 bec
1037 3917 1123 3962 sensu
1134 3901 1190 3961 dici
1201 3901 1302 3962 solet:
