2767 4492
257 253 310 312 tlt
585 261 976 326 nermnrsteersrectems

256 348 317 422 tiat3
333 347 410 422 quod
425 360 464 406 sn
477 345 601 404 sufficiet
614 347 646 404 iu
659 345 709 404 illo
723 360 801 414 casu,
821 361 860 405 ex
874 345 1096 406 circumstantiis
1110 346 1311 410 deliniendum

256 437 309 493 est.
326 431 418 500 linare
432 431 458 490 si
472 429 693 490 circumstantiis
708 430 738 488 id
752 445 811 489 non
824 430 1000 502 terentibus,
1021 430 1107 490 lromo
1122 446 1140 489 a
1153 435 1310 494 remmcia·
1380 490 1381 511 ,

257 519 335 578 tione
348 516 436 576 unius
450 531 550 575 sensus
564 515 640 574 circa
654 514 798 573 obiectum
806 529 959 574 commune
968 514 1100 588 pluribus
1113 516 1176 590 regi
1186 533 1222 576 se
1234 521 1309 592 pati-

258 608 314 676 tur,
327 601 453 676 periculo
463 600 614 675 exponitur
624 598 748 672 errandi,
765 599 841 672 quod
854 613 914 657 non
927 596 1118 673 sensibilitati,
1135 616 1209 674 qnae
1223 602 1310 677 plene

258 688 503 761 interrogatores
517 688 569 758 est,
587 683 639 744 sed
648 682 796 744 senuemis
804 681 1013 757 imprudentiae
1023 682 1111 743 tribui
1120 683 1215 746 debet.

761 853 806 912 lll.

460 1026 497 1085 bt
514 1039 573 1099 qno
592 1031 674 1084 octus
692 1025 754 1105 ipsc
770 1023 913 1084 sentiendi
931 1033 1103 1099 reponatur.

297 1201 341 1260 58.
362 1199 394 1258 In
407 1196 509 1271 primis
529 1193 669 1254 sentiendi
692 1200 773 1254 actus
790 1195 826 1253 ab
845 1195 1033 1269 impressione
1047 1210 1135 1270 quam
1150 1196 1262 1257 obiecta
1278 1199 1309 1257 in

261 1281 397 1343 sensoriis
411 1281 521 1340 iaciunt
535 1279 616 1338 valde
631 1279 825 1352 distinguitur.
841 1279 917 1339 llaec
926 1280 1006 1338 enim
1019 1280 1137 1339 omnino
1150 1282 1266 1354 passim
1279 1282 1309 1340 iu

260 1365 344 1426 nobis
354 1371 406 1438 est,
423 1365 527 1439 quippe
538 1379 612 1438 quae
626 1378 684 1423 non
698 1379 716 1421 a
730 1363 815 1422 nobis
828 1363 880 1422 sed
894 1362 931 1421 ab
946 1363 1041 1422 aliene
1055 1363 1199 1424 activitute
1211 1381 1311 1440 prove-

261 1451 338 1523 niat,
358 1449 407 1509 ille
423 1453 522 1508 cenna
536 1463 593 1507 non
604 1448 686 1519 item,
703 1446 846 1520 siquidem
856 1461 913 1505 non
929 1446 966 1505 ab
980 1447 1122 1507 exteriore
1135 1447 1247 1508 obiecto
1261 1450 1312 1508 sed

261 1532 443 1593 asentientis
462 1531 604 1591 activitate
622 1530 821 1605 proficiscitur.
841 1529 901 1589 Etsi
911 1529 1008 1604 enim,
1024 1535 1057 1590 ut
1071 1535 1137 1590 ante
1151 1531 1232 1606 dixi,
1253 1548 1311 1593 non

261 1617 438 1688 efflorescat,
458 1615 515 1675 nisi
538 1620 701 1688 antegressa
719 1613 869 1688 impressio
883 1613 936 1673 sit:
956 1618 1069 1687 emen,
1093 1630 1128 1674 ea
1140 1616 1253 1690 posita,
1274 1632 1312 1675 ex

261 1701 371 1760 actione
391 1701 515 1774 quadem
538 1699 677 1772 eflicitur,
698 1714 755 1772 qua
776 1698 935 1758 subiectum
953 1699 1078 1758 sentiens
1097 1700 1130 1757 in
1148 1699 1310 1773 obiectum,

262 1785 338 1859 quod
350 1784 475 1858 influxit,
492 1783 701 1858 quodammodo
714 1797 834 1856 reagens
844 1782 1186 1856 illudsibirepraeseotet.
1202 1783 1312 1843 idrero

263 1885 347 1929 omne
361 1884 421 1928 non
435 1868 537 1928 obiecti
552 1868 626 1943 quod
640 1867 771 1941 sentitur,
786 1867 837 1927 sed
851 1867 973 1926 subiecti
987 1866 1061 1940 quod
1069 1865 1155 1925 sentit
1168 1871 1213 1924 est
1226 1882 1312 1940 opus.

263 1954 359 2028 lpsum
373 1953 451 2012 enim
465 1968 564 2012 revera
579 1952 712 2025 estquod
727 1951 919 2010 sensationem
932 1950 1025 2023 elicit,
1042 1964 1114 2024 quae
1125 1953 1224 2024 utpote
1237 1952 1315 2010 actio
1380 1946 1381 1951 ’

261 2032 559 2096 vitalisaviintema
572 2035 703 2109 subiecti,
724 2035 800 2110 quod
814 2035 912 2107 allicit,
932 2035 1086 2108 procedere
1099 2033 1192 2093 debet.
1380 2042 1381 2065 ³

299 2120 359 2189 Qua
372 2121 404 2179 in
415 2136 448 2178 re
461 2133 560 2179 eorum
574 2119 773 2193 coarguendus
786 2123 830 2178 est
844 2133 932 2188 error,
948 2117 999 2192 qui
1009 2123 1105 2177 actum
1120 2118 1262 2178 sentiendi
1275 2120 1309 2177 ad

265 2211 376 2266 metum
389 2205 560 2265 fibrillarum
574 2205 619 2266 tel
634 2204 745 2264 cerebri
758 2204 933 2262 reactionem
951 2208 1131 2262 revocarunt.
1149 2204 1226 2263 luter
1243 2219 1313 2278 quos

265 2291 353 2364 Tracy
368 2289 438 2348 adeo
452 2289 594 2363 desipuit,
613 2294 646 2348 ut
659 2288 877 2348 sensibilitatem
891 2288 922 2346 in
937 2289 1075 2361 temperie
1093 2287 1220 2362 corporis
1232 2302 1311 2361 repo·

264 2373 407 2446 nondam,
423 2387 543 2444 eamque
557 2373 588 2431 in
602 2378 706 2432 aalma
719 2373 827 2446 ubique
841 2371 976 2430 diffusam
990 2386 1053 2431 esse
1068 2371 1222 2431 assemerit
1236 2374 1261 2429 t.
1281 2373 1313 2430 rt

219 2475 225 2485 ·
264 2474 351 2531 quam
371 2457 580 2516 inconsiderate
600 2457 752 2531 inepteque
772 2455 804 2514 id
822 2454 930 2515 dictum
948 2456 985 2515 sit
1002 2455 1162 2515 luculenter
1184 2461 1309 2529 apparet.

264 2544 336 2602 Nam
351 2541 503 2616 temperies
516 2541 590 2600 nihil
609 2541 687 2600 aliud
701 2540 827 2615 prolecto
842 2540 1012 2615 suppeditat,
1028 2539 1085 2599 nisi
1099 2539 1312 2614 dispositionem

265 2624 574 2698 conformationemque
595 2624 721 2698 partium
735 2623 932 2696 diversarum,
954 2625 1030 2682 unde
1051 2639 1156 2698 cerpus
1169 2621 1310 2682 coalescit.

265 2707 297 2766 ln
311 2723 346 2767 ea
361 2723 426 2767 vero
440 2723 498 2766 non
509 2708 585 2767 aliud
600 2707 737 2779 cernitur,
753 2706 810 2766 nisi
820 2712 870 2766 aut
883 2708 1060 2767 diversarum
1075 2706 1235 2782 aggregatio
1248 2722 1313 2781 par-

148 2791 152 2799 '
265 2792 355 2867 tium,
377 2797 427 2851 aut
440 2792 508 2850 ordo
522 2792 555 2852 in
569 2797 669 2853 mutua
683 2793 850 2852 earumdem
871 2791 1026 2866 munda,
1046 2807 1085 2851 ex
1098 2807 1155 2866 quo
1169 2793 1262 2865 ligura
1274 2790 1312 2850 si·

265 2883 366 2951 tueque
381 2876 518 2936 dimanat.
538 2878 572 2935 lt
585 2892 652 2935 voro
665 2891 751 2935 nemo
765 2892 824 2936 nou
837 2877 974 2950 perspicit
993 2877 1060 2935 inde
1074 2875 1147 2935 nibil
1161 2889 1312 2935 commune

265 2967 315 3019 aut
328 2961 413 3020 altine
428 2975 495 3020 cum
509 2961 672 3020 sensatione
685 2961 828 3036 praeberi.
844 2960 955 3019 Etenim
966 2961 1089 3019 sensado
1103 2974 1162 3019 non
1175 2959 1206 3018 in
1222 2959 1313 3032 ligura

267 3043 363 3117 aliqua
380 3050 429 3102 aut
443 3051 563 3104 externe
576 3045 714 3105 relatione
728 3045 890 3118 dissutae,
907 3046 955 3104 sed
971 3045 1003 3103 in
1013 3045 1177 3118 operatione
1190 3044 1246 3103 sita
1259 3051 1310 3115 est,

267 3143 324 3203 qua
337 3127 433 3201 ipsum
447 3127 616 3201 subiectum,
634 3130 709 3203 quod
723 3129 792 3204 egit,
808 3130 980 3189 intrinsecus
990 3128 1114 3188 allicitur
1126 3133 1156 3187 ct
1169 3128 1282 3188 obiecta
1296 3144 1314 3184 a

266 3227 297 3272 se
311 3211 446 3271 distincta
457 3212 653 3292 deprehendit.

302 3297 358 3356 llec
373 3295 451 3355 dicas
466 3297 684 3356 sensibilitatem
695 3298 727 3356 iu
736 3299 862 3372 corporis
876 3303 1100 3374 temperamento
1108 3295 1238 3357 collocari
1252 3311 1319 3370 pos
1380 3332 1381 3363 t

268 3396 315 3454 se,
335 3396 393 3440 non
414 3384 499 3454 prout
519 3379 580 3440 sole
600 3381 663 3440 eius
682 3388 825 3442 structura
838 3383 1009 3458 inspicitur,
1030 3384 1081 3443 sed
1095 3384 1177 3456 prout
1189 3379 1322 3454 aptitudo

268 3464 463 3523 consideratur
477 3463 513 3522 ad
527 3463 661 3523 ciendum
675 3470 804 3540 motum,
825 3468 901 3540 quod
916 3467 993 3527 idem
1011 3473 1056 3526 est
1075 3482 1109 3526 ac
1122 3464 1323 3525 sematienem
1380 3498 1381 3513 .

269 3547 303 3606 in
315 3556 394 3608 motu
408 3562 564 3622 reponere.
582 3547 652 3606 Nam
669 3553 727 3607 toto
745 3550 824 3609 coelo
843 3551 993 3624 utriusque
1007 3555 1163 3624 conceptus
1176 3553 1206 3608 et
1218 3553 1325 3606 natura

275 3628 467 3706 distinguitur.
483 3631 521 3691 lc
535 3645 613 3704 seue,
629 3638 725 3693 motus
735 3649 773 3692 ex
783 3635 918 3710 temperie
932 3635 1059 3710 corporis
1073 3639 1124 3696 aut
1136 3637 1257 3694 externo
1271 3630 1326 3693 im·

325 3798 336 3848 l
359 3802 433 3852 arcet.
451 3805 479 3852 ds
496 3805 587 3855 l'olrtrtt.
603 3803 620 3851 l.
638 3803 662 3866 ὅ,
679 3819 704 3869 p.
721 3805 760 3852 ld.
