2767 4492
232 261 286 322 208
562 273 953 322 mnerursrcarsrncnnrs

231 358 354 419 ciumde
366 373 465 418 rerum
479 358 631 418 existentia
644 375 680 418 ex
695 360 787 418 forma
800 361 925 435 quadam
939 358 1106 430 subiectira,
1127 358 1206 417 omni
1226 358 1279 417 've-

232 461 266 503 ra
280 441 469 503 obiectiuitate
483 443 618 516 detracta,
633 458 734 518 reapse
749 445 868 504 derivat.
884 447 922 504 lc
937 459 1007 503 sane
1020 443 1198 503 rosminiana
1218 443 1281 517 opi·

233 529 370 588 nionesic
385 529 444 587 iere
460 529 572 587 animus
587 527 623 586 ad
646 529 827 588 existentiam
848 545 944 589 reruni
960 529 1142 588 asserendam
1165 527 1281 586 incede

233 617 286 671 ret:
303 613 475 672 Sensationis
490 613 633 672 obiectum
647 611 866 688 impressionem
880 619 995 673 exercet
1005 613 1035 672 in
1051 610 1175 686 organis,
1188 627 1226 670 ex
1235 627 1283 670 ea·

235 713 290 772 que
304 697 414 756 allectio
428 699 568 772 quaedam
590 700 621 758 in
640 699 736 758 animo
750 698 902 758 eitlorescit
926 714 983 772 que
1007 696 1224 772 impressionem
1247 695 1283 754 il·

235 781 294 840 lam
308 780 436 840 advertit.
453 782 486 840 lt
500 783 614 842 animus
627 784 682 842 hac
697 784 859 843 sensatione
876 789 976 856 tactus,
1002 796 1068 840 cum
1086 782 1160 839 entis
1182 781 1284 839 innata

236 865 300 924 idea
313 867 350 924 sit
363 867 517 940 praeditus,
534 862 599 927 eam
614 869 749 929 continuo
765 873 911 941 amquam
920 867 1115 942 praedicatum
1133 864 1288 924 obiectoil=

236 948 257 1007 li
272 948 429 1009 vincturae
454 951 592 1026 adiungit,
612 951 776 1027 profertque
791 953 844 1010 troc
863 951 1012 1010 iudicium:
1029 949 1070 1018 td,
1088 948 1167 1023 quod
1177 949 1282 1017 sentio,

236 1034 343 1093 scutit.
359 1035 461 1094 Omitto
475 1037 690 1095 conversionem
704 1051 771 1095 nere
785 1035 947 1097 mirabilem
960 1035 1051 1106 ideae,
1068 1048 1141 1107 quae
1155 1032 1192 1090 ab
1217 1038 1286 1091 ente

236 1117 566 1179 ideali-indeterminato
581 1135 640 1178 non
654 1119 847 1192 distinguitur,
858 1119 890 1176 in
898 1118 1002 1190 ideam,
1014 1131 1088 1190 quae
1098 1115 1287 1175 asstantium

238 1201 372 1276 involvat,
389 1209 504 1277 propter
518 1204 611 1263 solum
625 1209 797 1271 contactam,
817 1203 899 1261 utita
912 1201 1016 1273 dicam,
1037 1216 1104 1260 cum
1124 1202 1287 1261 sensatione

239 1301 312 1359 quae
327 1292 446 1345 exoerna
460 1289 550 1347 menti
569 1293 621 1361 est,
637 1303 691 1347 nec
706 1287 814 1360 aliquid
835 1285 929 1361 quoad
951 1287 1031 1345 ideas
1055 1285 1232 1359 generandas
1254 1286 1287 1344 in

239 1369 332 1444 ipsam
342 1371 445 1430 inlluit.
463 1371 567 1432 Omitto
581 1373 668 1432 etiam
684 1372 914 1431 coniunctionem
930 1376 989 1430 mm
1004 1369 1086 1429 noris
1096 1369 1210 1442 generis
1219 1369 1289 1430 duo-

238 1469 305 1512 rum
318 1455 522 1515 elementorum
538 1457 608 1516 adeo
618 1458 692 1516 inter
701 1473 732 1516 se
742 1454 975 1530 discrepantium,
991 1453 1188 1528 impressionis
1201 1454 1289 1512 nimi·

240 1554 305 1597 rum
320 1540 471 1613 organicae
485 1555 552 1600 cum
566 1540 631 1600 idea
643 1542 718 1601 entis
737 1541 769 1600 in
783 1556 841 1600 uno
856 1539 971 1599 iudicio.
992 1539 1096 1597 Omitto
1111 1537 1233 1611 denique
1246 1538 1289 1596 iu-

237 1623 346 1682 dicium
370 1625 446 1698 quod
470 1640 487 1682 a
503 1628 598 1684 mente
616 1626 791 1700 proteratm,
808 1624 878 1697 quin
893 1622 957 1682 idea
980 1622 1066 1681 etiam
1080 1621 1202 1681 subiecti
1223 1627 1290 1680 ante

240 1707 403 1782 praeiverit
421 1708 471 1768 sed
481 1709 541 1768 sola
555 1710 620 1770 idea
633 1709 791 1783 praedicati
805 1707 966 1779 subaudita,
983 1704 1145 1765 subiectum
1163 1710 1293 1778 emergat

243 1791 325 1864 quasi
337 1792 397 1850 ictu
410 1793 558 1852 cuiusdam
573 1795 672 1868 virgae
686 1793 825 1867 mag'cae.
841 1791 1048 1850 'transiliantur
1062 1790 1133 1848 haec
1149 1789 1292 1848 comitatis
1369 1816 1370 1819 ¹

243 1874 343 1948 gratia,
359 1875 426 1934 licet
449 1878 562 1936 cordato
578 1877 687 1938 nemini
710 1875 858 1951 probanda
883 1875 949 1934 sint.
966 1873 1156 1934 Nihilominus
1172 1871 1291 1932 realitas
1369 1874 1370 1879 ’

243 1959 412 2032 cognitionis
425 1960 538 2021 delendi
552 1978 610 2021 non
623 1962 735 2036 poterit.
753 1961 823 2027 llam
835 1959 973 2019 indicium
987 1959 1023 2017 da
1046 1971 1145 2018 rerum
1162 1956 1289 2015 existen-

245 2043 285 2100 tia
298 2057 357 2101 non
366 2044 508 2104 obiectiva
518 2047 665 2105 iunctione
678 2045 836 2121 praedicati
850 2059 916 2105 cum
931 2041 1058 2103 subiecto
1078 2043 1227 2114 niteretur,
1243 2041 1293 2098 sed

246 2126 402 2186 subiectiv‘a
416 2129 604 2202 applicatione
622 2131 704 2190 ideae
720 2130 869 2189 cuiusdam
883 2143 955 2203 quae
966 2144 986 2186 o
992 2127 1093 2203 priori
1106 2131 1182 2185 esset
1195 2126 1225 2183 in
1245 2141 1293 2183 no

246 2211 291 2270 bis
306 2215 334 2269 et
351 2228 438 2286 quam
452 2213 565 2274 animus
579 2216 609 2274 ri
619 2215 772 2274 instinctus
785 2214 896 2273 obiecto
911 2212 1086 2286 adiungeret.
1096 2209 1292 2285 Spntheticum

246 2294 332 2368 igitur
341 2295 479 2356 iudicium
493 2307 595 2357 esseta
607 2300 705 2373 priori,
720 2299 859 2357 nimirum
873 2313 910 2356 ex
924 2297 1127 2371 compositione
1148 2308 1294 2368 exurgens

247 2379 355 2439 formae
368 2381 517 2441 cuiusdam
532 2383 706 2443 subiectivae
731 2397 797 2440 curn
812 2383 932 2440 materia
946 2381 1069 2454 quadam
1090 2394 1164 2453 quae
1186 2379 1293 2437 extrin-

248 2481 329 2524 secus
343 2481 395 2540 per
410 2468 602 2526 sensationem
617 2466 759 2526 adveniat.
777 2466 944 2525 immohaec
959 2465 1022 2539 ipsa
1032 2464 1153 2522 materia
1162 2461 1296 2521 subiecti-

248 2565 284 2608 va
298 2551 378 2624 foret,
396 2551 545 2624 siquidem,
560 2551 641 2610 iuxta
655 2552 814 2622 ductorem,
831 2549 991 2608 sensatione
1005 2562 1064 2606 non
1078 2546 1222 2606 obiectum
1249 2561 1296 2603 ex·

250 2638 362 2692 ternum
377 2634 427 2693 sed
441 2635 605 2708 organicam
620 2634 838 2708 impressionem
852 2634 883 2692 in
898 2648 1014 2706 corpore
1038 2636 1135 2690 nostro
1159 2628 1296 2704 pertingi·

250 2731 323 2775 mus.
341 2717 385 2775 Sic
400 2718 522 2791 cognitio
537 2719 608 2777 haec
623 2717 782 2792 complexa:
793 2717 924 2775 nummos
946 2717 1053 2789 scutit,
1070 2731 1141 2790 opus
1151 2720 1226 2773 esset
1239 2713 1299 2771 ani-

250 2801 300 2874 mi,
317 2802 367 2875 qui
381 2801 476 2860 ideam
494 2803 568 2860 entis
583 2803 614 2861 in
628 2802 690 2875 ipso
704 2801 842 2873 innatam,
860 2801 999 2860 elemento
1014 2801 1103 2858 altero
1116 2799 1224 2872 pariter
1233 2797 1299 2855 son

251 2885 373 2958 iectivo,
393 2886 532 2944 nimirum
546 2886 730 2960 impressioni
744 2885 851 2959 sensili,
868 2884 1031 2944 instinctive
1048 2883 1205 2958 copularet.
1222 2883 1300 2941 ldem

252 2966 407 3028 diceturde
422 2971 575 3031 existentia
590 2971 688 3044 ,ipsius
708 2969 829 3029 subiecti
843 2969 1003 3042 cogitantis,
1031 2974 1109 3042 quae
1128 2966 1193 3041 pari
1215 2965 1300 3024 modo

253 3053 353 3112 idealis
375 3053 543 3113 efficeretur.
570 3055 639 3113 liam
658 3055 781 3114 enimin
796 3059 906 3114 tantum
931 3055 1044 3112 animus
1068 3055 1242 3126 agnosceret,
1269 3049 1301 3106 in

254 3143 393 3212 quantum
404 3139 440 3197 ad
450 3151 566 3197 sensum
576 3140 621 3197 sui
631 3139 728 3197 ideam
741 3139 816 3197 entis
831 3138 1007 3211 adiungeret,
1033 3151 1120 3211 quam
1129 3135 1304 3208 insculptam

255 3228 391 3282 enatura
406 3221 501 3296 habet,
519 3227 603 3299 atque
617 3224 657 3282 ita
669 3221 725 3282 hoc
739 3227 848 3281 crearet
861 3222 1010 3281 iudicium:
1022 3237 1072 3295 epo
1091 3220 1181 3279 aceto
1198 3221 1221 3274 t.
1308 3247 1317 3260 ·
1369 3284 1370 3295 ,

297 3381 309 3427 t
329 3382 387 3429 Scite
408 3380 554 3444 Gallnppius:
578 3400 586 3423 ι
603 3380 683 3435 Questus
701 3379 799 3430 dottrina
814 3379 928 3443 stabilita,
946 3380 968 3425 io
983 3393 1051 3441 penso
1067 3378 1210 3424 formamenta
1225 3372 1267 3420 etta
1283 3374 1309 3420 la

256 3476 265 3501 ι
284 3458 352 3506 reela
368 3458 425 3505 della
441 3471 574 3504 condecente
591 3470 635 3501 non
652 3455 680 3502 ha
696 3455 736 3517 pit
752 3454 901 3502 fondamento.
919 3455 1012 3511 Quando
1026 3455 1048 3500 io
1062 3453 1158 3516 giudice,
1174 3451 1223 3498 dice
1236 3449 1252 3495 l’
1263 3465 1309 3495 aa·

257 3551 266 3572 ·
285 3537 331 3580 tore
347 3534 432 3597 citato,
447 3533 487 3580 cha
502 3532 524 3579 ln
539 3531 665 3578 sensuiona
681 3531 702 3578 A
718 3533 731 3576 d
747 3531 856 3594 etune,
873 3533 895 3578 io
910 3530 1017 3577 almifico
1032 3534 1108 3592 questa
1124 3527 1252 3574 ammone
1268 3526 1306 3572 in

259 3626 267 3648 ι
286 3607 307 3652 lo
323 3623 371 3654 core
386 3610 491 3656 esistenti.
510 3609 546 3654 ltin
561 3607 638 3669 piano,
656 3606 679 3652 ti
695 3607 785 3669 μυίας
800 3606 822 3653 io
837 3623 882 3653 non
897 3623 963 3670 poseo
977 3609 1108 3660 summonte
1121 3602 1209 3650 ridnrre
1222 3617 1255 3647 nn
1270 3602 1308 3646 in-

259 3699 268 3722 e
287 3681 376 3728 dividuo
390 3687 445 3728 sotto
461 3683 483 3729 la
499 3699 537 3729 sna
551 3682 641 3744 speria,
656 3685 685 3729 nd
699 3697 743 3729 nna
765 3683 836 3746 speeie
854 3685 911 3728 sotto
926 3681 942 3727 il
957 3697 1035 3743 genere
1053 3695 1093 3726 suo
1105 3714 1113 3742 ,
1133 3694 1157 3724 se
1175 3691 1221 3723 non
1243 3680 1310 3722 &oro

261 3775 269 3796 ι
288 3755 455 3803 nell’individno
469 3756 534 3804 l’idee
549 3757 606 3803 della
622 3757 693 3820 speeie
707 3757 744 3803 net
757 3758 829 3820 primo
843 3772 904 3820 caso3
917 3756 945 3802 ed
958 3758 983 3801 in
998 3755 1071 3818 quella
1086 3753 1144 3800 della
1158 3753 1231 3815 speeie
1245 3749 1310 3812 quei·

261 3850 270 3873 ι
288 3829 309 3876 la
325 3830 361 3876 tel
375 3846 453 3894 genere
468 3832 504 3878 nel
518 3833 611 3880 secondo
628 3847 697 3895 caso3
715 3833 835 3881 altrimenti
847 3833 869 3879 tr
883 3833 928 3879 uria
944 3831 1112 3880 classitieazione
1131 3827 1224 3876 serebbe
1244 3841 1311 3875 sena
