2767 4492
196 290 252 353 llio
634 302 798 351 maumas

196 406 294 449 uersas
308 385 530 464 innumemsqne
544 388 668 447 divisum
682 386 807 446 familias
827 384 947 445 minime
969 386 1066 461 posset
1084 400 1175 461 aeque
1187 400 1242 460 pro

124 486 129 491 ’
198 474 328 549 singulis,
344 480 481 549 quantum
496 474 615 547 luberet,
631 473 782 532 utilitatem
791 472 943 546 decerpere
957 487 995 529 ex
1009 471 1095 531 robus
1106 472 1137 530 iu
1147 472 1242 531 medio

196 559 306 633 positis.
323 559 394 618 lliuc
408 574 427 617 a
441 558 585 632 primitiva
599 558 648 615 illa
665 572 763 615 rerrrm
778 555 981 615 commuuione
996 556 1126 616 bomines
1147 570 1240 615 reoes-

198 649 307 715 seruut,
323 641 462 702 divisione
475 648 504 701 et
516 641 651 701 dominiis
664 641 799 715 invectis,
815 640 845 700 vi
858 640 1001 714 generalis
1015 646 1044 699 el
1057 650 1174 700 mutuae
1193 655 1244 714 cu·¹

198 728 312 788 lusdam
325 726 520 786 mureutioois
536 730 561 786 ⁴.

108 798 112 822 '
233 812 337 871 lerum
351 812 423 870 baec
436 811 577 871 sententia
590 826 648 870 non
663 810 756 870 solum
770 808 906 870 historiae
924 814 1074 885 repugnat,
1089 808 1139 869 sed
1154 808 1244 869 etiam

199 896 482 957 ratiouiadveraatur
494 903 523 956 et
533 895 745 956 Communismo
756 911 855 955 ausam
869 896 996 970 praebet.
1014 898 1043 955 ln
1054 895 1154 970 primis
1164 896 1244 954 euim

198 982 338 1041 eiusmodi
353 981 494 1055 generetis
509 980 669 1053 currendo,
685 980 962 1054 initiodispersiouis
972 980 1147 1039 familiarum
1157 980 1244 1055 iacta,

199 1068 317 1127 omniuo
329 1066 418 1139 pratis
431 1066 578 1138 asseritur,
589 1080 644 1129 nec
658 1065 722 1123 eius
736 1064 888 1137 vestigium
903 1064 1017 1138 aliquod
1032 1064 1063 1123 ln
1077 1078 1247 1123 monumen·

200 1152 236 1211 tis
252 1152 420 1226 populorum
430 1150 580 1225 reperitur,
592 1164 666 1223 quae
680 1148 770 1208 immo
780 1148 955 1207 contrarium
965 1148 1076 1207 docent.
1089 1148 1196 1209 Deinde
1211 1163 1248 1207 ea

200 1236 331 1312 pactione
344 1250 489 1295 recessum
504 1234 605 1293 luisset
619 1251 636 1293 a
650 1232 795 1314 primitivo
810 1232 868 1293 line
883 1248 970 1307 quem
990 1233 1064 1293 Deus
1083 1231 1248 1292 intenderat

186 1329 260 1401 ⁸eta
278 1320 445 1395 perfectiore
467 1326 544 1379 statu
558 1318 640 1378 nobis
655 1334 673 1376 a
687 1328 789 1377 notura
805 1318 956 1392 pmposito.
973 1316 1008 1377 llt
1029 1318 1108 1377 euim
1127 1318 1247 1377 lleiuec·

200 1406 263 1465 cius
275 1405 385 1477 asserit,
396 1404 530 1463 alomna
544 1420 635 1479 oeque
647 1404 770 1462 uirtutis
785 1418 886 1462 amoro
899 1402 1078 1478 floprcroat,
1098 1401 1182 1462 nullo
1200 1418 1248 1462 ra·

201 1489 420 1563 mmdomioio
438 1488 639 1563 indipsremus
655 1489 680 1545 ².
693 1488 942 1555 Ouare'sententia
952 1488 1092 1548 eiusmodi
1106 1488 1250 1548 contraria

144 1641 148 1660 ι
201 1583 246 1637 est
259 1574 483 1649 perfectibilitati
497 1579 526 1632 et
541 1572 704 1647 progressui
720 1572 843 1631 naturali
862 1572 976 1646 generis
1001 1573 1136 1646 bumani3
1152 1573 1250 1632 dicen-

203 1661 330 1733 dumque
344 1661 417 1718 iuret
431 1658 583 1733 sylvestres
599 1656 732 1715 homiues
747 1656 797 1731 qui
807 1656 896 1717 libero
908 1665 1012 1717 venatu
1028 1658 1115 1717 vitam
1128 1658 1248 1731 degunt,

203 1744 282 1803 nulla
296 1742 391 1801 stabili
406 1742 576 1815 proprietate
591 1747 712 1812 utentes,
728 1742 829 1814 magis,
846 1741 875 1800 in
892 1741 945 1799 boc
959 1744 1069 1813 saitem,
1086 1758 1117 1800 se
1132 1742 1250 1801 divinae

202 1826 292 1885 menti
307 1825 530 1896 accommodare,
542 1838 629 1897 quam
643 1824 734 1881 cultos
749 1826 877 1899 populos,
890 1826 939 1899 qui
953 1827 1092 1885 divisione
1106 1826 1249 1884 bonorum

205 1926 275 1969 arva
289 1909 427 1981 subigunt
440 1913 469 1966 et
483 1906 596 1972 colunt,
611 1906 839 1983 omnigenasque
863 1909 1019 1969 industriae
1033 1911 1102 1971 dant
1120 1924 1248 1985 operam.

203 1994 304 2067 Tertio,
321 1993 395 2052 scire
409 1992 446 2051 ab
461 1990 610 2050 lleineccio
625 1992 726 2050 vellem
741 2008 798 2066 qua
812 1994 920 2052 ratione
935 1996 1005 2053 baec
1020 1996 1187 2068 conventio,
1205 1996 1249 2055 ai·

206 2079 365 2140 firmattsae
379 2077 429 2136 llei
443 2075 499 2150 legi
513 2076 675 2148 detrahens,
692 2076 751 2134 vim
768 2076 839 2136 iuris
853 2078 972 2139 inducre
988 2094 1021 2138 ac
1034 2086 1177 2155 posteros,
1198 2082 1251 2155 qui

205 2162 318 2223 nullum
332 2161 500 2235 suffragium
513 2160 661 2233 dederuut,
677 2160 803 2234 obligare
817 2164 948 2235 potuerit.
967 2164 1091 2225 Proiecto
1108 2165 1154 2225 ius
1170 2182 1250 2225 ara·

208 2248 283 2307 bone
299 2246 492 2321 progignitur,
507 2251 535 2304 et
550 2246 702 2305 iuridicam
717 2245 919 2319 obligationem
934 2247 1053 2309 involvit
1072 2250 1102 2310 iu
1116 2250 1181 2310 aliis
1196 2252 1248 2326 qui

205 2333 301 2408 ipsum
314 2331 439 2391 revereri
454 2337 594 2390 tenentur.
610 2331 688 2400 Quod
703 2337 799 2391 auum
815 2333 870 2391 tale
884 2338 936 2407 est,
948 2350 1006 2393 nou
1021 2334 1093 2409 legis
1104 2337 1251 2409 exceptio-

206 2434 244 2477 ne
258 2418 308 2477 sed
321 2415 498 2477 institutione
511 2421 630 2476 constat.
647 2416 774 2490 lienique
789 2418 958 2493 conventio,
975 2434 1048 2493 quae
1062 2435 1080 2477 a
1094 2419 1184 2479 libera
1199 2434 1251 2480 vo·

206 2501 315 2562 laniate
329 2508 423 2562 ortum
443 2501 542 2567 duxlt,
560 2518 609 2576 per
623 2503 797 2560 contrariam
818 2501 991 2563 volumtatem
1013 2504 1084 2563 solvi
1103 2511 1204 2579 potest.
1221 2506 1251 2565 Si

206 2587 295 2660 igitur
314 2585 422 2661 populi,
444 2592 494 2645 aut
508 2586 598 2645 maior
612 2602 711 2644 eorum
731 2601 812 2660 pars,
835 2590 952 2647 mutaus
965 2588 1197 2663 circumstantiis,
1214 2590 1252 2648 ad

206 2671 357 2744 pristinem
371 2672 510 2730 bonorum
524 2670 754 2729 communionem
773 2671 865 2729 redire
878 2671 973 2745 velint,
990 2672 1019 2731 id
1036 2672 1187 2732 licitumst
1204 2664 1252 2733 'ra-

207 2756 277 2815 tioni
290 2759 514 2813 consentaneum
529 2754 686 2827 putandum
697 2753 760 2811 erit.
777 2753 1017 2815 Communicamus
1027 2757 1115 2830 igitur
1130 2774 1187 2818 uon
1201 2760 1253 2817 ab·

207 2839 298 2899 solute
311 2838 496 2913 repugnabit,
512 2841 562 2896 sed
578 2846 608 2897 ut
622 2838 715 2896 licitus
730 2838 772 2897 uel
792 2839 893 2898 saltem
909 2840 1074 2901 indifferens
1092 2842 1190 2901 baberi
1201 2858 1253 2917 po-

159 2962 167 2977 .
208 2923 282 2983 terit.
302 2924 391 2997 bique
406 2938 441 2981 en
452 2923 530 2995 origo
545 2922 680 2996 pestilera
698 2924 872 2999 deliciorum,
887 2941 961 2999 quae
975 2926 1006 2985 iu
1022 2927 1163 3001 praesenti
1177 2928 1253 2987 ordi·

206 3024 275 3068 nem
296 3006 431 3066 socialem
446 3006 475 3064 iu
497 3008 657 3066 maximum
679 3008 833 3068 discrimen
857 3011 1017 3069 adducunt!
1042 3010 1070 3070 Si
1086 3016 1153 3071 veis
1175 3012 1254 3087 loqui

207 3093 349 3162 uolumus,
366 3107 420 3150 uon
437 3091 552 3149 aliunde
567 3100 731 3166 manarunt,
753 3108 840 3166 ciram
856 3110 892 3153 ex
908 3095 1109 3155 commentitiis
1130 3097 1253 3171 pbiloso-

206 3174 358 3251 pbentium
371 3175 568 3251 opinionibus,
587 3193 659 3249 quas
673 3178 813 3237 recentior
824 3186 901 3237 aetas
917 3179 1012 3255 inepte
1026 3183 1155 3254 suspexit
1168 3189 1198 3240 et
1211 3182 1255 3243 iu·

207 3261 317 3321 rentuti
340 3261 504 3321 educandae
519 3260 549 3319 in
564 3261 668 3320 sobolis
689 3262 802 3335 publice
817 3262 956 3323 hactenus
971 3281 1055 3339 passa
1070 3271 1122 3325 est.

251 3544 482 3593 uramara
495 3547 551 3595 nar.
566 3552 588 3594 a
603 3548 670 3595 aaa.
686 3547 703 3593 ι.
720 3546 744 3611 a,
759 3565 779 3595 ι.
796 3546 820 3595 o.

250 3620 504 3686 emaum
