2767 4492
244 347 296 416 lte
569 331 958 413 umrmnrsrcaasrrcmms

241 453 325 527 clpiis
338 451 385 511 rel
398 449 434 510 ab
448 449 624 510 illationibus
639 448 692 520 iis,
709 462 782 521 quae
797 447 822 504 si
836 461 921 504 verae
934 459 993 503 non
1014 448 1126 514 esseut,
1141 438 1288 520 principia

242 539 330 600 etiam
349 537 467 596 veritate
488 535 718 594 destituerentur.
739 531 811 605 Ergo
833 531 943 590 ratione
962 531 1025 605 pari
1046 530 1177 590 voluntas
1195 533 1288 592 atina

242 629 354 684 tautum
368 621 528 682 necessario
544 619 662 692 rapitur,
680 623 709 676 et
729 633 746 675 a
765 615 877 691 mediis,
895 631 967 690 quae
977 615 1003 674 si
1012 616 1152 693 deessent,
1165 617 1231 676 linis
1245 617 1288 695 ip·

243 725 274 768 se
288 709 471 766 frustraretur
489 710 602 764 eventu.
620 702 679 761 lita
690 702 787 776 igitur,
805 717 877 776 quae
887 717 945 760 uon
960 705 1027 759 sunt
1035 700 1186 775 eiusmodi,
1197 701 1223 760 si
1237 702 1285 762 eli·

243 797 357 867 guntur,
368 805 406 848 ex
420 789 510 848 libera
524 788 669 847 uoluntate
682 785 824 861 eligantur
838 791 955 861 oportet.
972 785 1093 859 Etsaue,
1107 802 1173 845 cum
1188 787 1287 846 rotun·

245 881 286 934 tas
299 874 417 934 rationis
432 874 550 932 ductum
566 877 716 945 sequatur,
733 871 764 929 in
779 871 889 930 obiecta
904 885 962 928 non
983 869 1065 928 aliter
1086 870 1155 929 terri
1174 876 1284 946 potest,

242 959 300 1019 nisi
313 963 399 1034 prout
417 957 473 1033 ipsi
489 957 629 1016 aratione
651 961 857 1031 proponuntur.
873 955 933 1013 lam
947 970 1014 1014 reru
1034 954 1107 1014 ratio
1121 959 1154 1013 ut
1167 954 1286 1014 felicita-

242 1049 301 1106 tem
317 1051 463 1118 tamquam
474 1041 617 1102 obiectum
632 1041 750 1101 omuino
767 1039 966 1115 appetendum,
978 1039 1021 1098 sic
1034 1043 1128 1098 cetera
1142 1039 1228 1122 bona,
1243 1038 1288 1098 iu-

244 1129 348 1188 deuon
368 1127 624 1200 nexanecessario,
643 1133 790 1199 tamquam
810 1123 1220 1199 indillereutiarepraesentat3
1232 1141 1285 1184 seu

247 1214 300 1274 sub
318 1213 366 1272 tuli
385 1213 468 1272 otlert
481 1219 613 1286 aspectu,
633 1217 666 1270 ut
684 1210 794 1285 possint
812 1206 906 1282 appeti
924 1209 971 1267 rel
989 1210 1097 1282 omitti,
1115 1209 1186 1283 quin
1204 1208 1289 1282 homo

245 1299 421 1374 perfectione
435 1313 487 1357 sua
501 1312 535 1356 ac
549 1296 683 1356 beatitate
699 1294 836 1370 privetur.
852 1294 925 1367 Ergo
938 1294 975 1352 ad
989 1310 1024 1352 ea
1038 1294 1197 1370 appetenda
1212 1293 1288 1367 quod

245 1383 377 1457 pertinet,
391 1381 520 1440 voluutas
534 1378 830 1440 indifferens'omuiuo
844 1383 942 1437 manet
956 1384 984 1437 et
998 1379 1105 1453 libera3
1122 1394 1157 1438 ac
1170 1377 1289 1452 proinde

248 1467 272 1526 si
287 1468 323 1526 ad
337 1466 386 1526 illa
396 1465 495 1540 fertur,
508 1481 545 1524 ex
559 1465 674 1540 propria
688 1463 925 1522 determinatione
939 1463 1038 1522 lectur.
1049 1465 1139 1536 Atque
1154 1464 1208 1522 hoc
1222 1462 1291 1520 dum

247 1551 408 1610 libertatem
423 1549 582 1622 confirmat,
594 1549 721 1607 radicem
736 1549 798 1606 eius
812 1548 842 1607 iu
856 1548 967 1606 ratione
978 1547 1063 1606 sitam
1077 1564 1140 1606 esse
1150 1547 1289 1615 declarat,

247 1635 386 1694 nimirum
399 1635 430 1692 in
445 1634 494 1693 illa
508 1633 702 1692 indifferentia
715 1648 773 1691 non
789 1632 946 1692 subiectira
960 1632 1010 1690 sed
1025 1631 1166 1691 obiectira
1179 1630 1289 1703 iudicii,

248 1734 304 1792 quo
314 1733 396 1777 mens
409 1718 552 1777 obiectum
562 1732 621 1776 nou
630 1732 692 1778 esse
707 1715 903 1776 necessarium
912 1715 949 1775 ad
957 1715 1101 1776 beatitatis
1111 1716 1292 1792 adeptionem

248 1802 394 1877 perspicit.

286 1886 414 1960 lienique
428 1902 464 1946 ue
479 1887 589 1961 longior
604 1885 668 1960 sim,
685 1885 791 1946 veritas
804 1885 875 1945 haec
890 1902 927 1946 ex
942 1885 1096 1945 universali
1111 1902 1195 1945 sensu
1210 1891 1294 1946 natu·

251 1987 299 2030 rae
315 1971 417 2045 oppido
434 1971 628 2032 confirmatur.
649 1972 789 2040 Quorsum
803 1970 881 2030 enirn
895 1971 973 2045 leges
987 1971 1167 2038 adhominea
1181 1986 1200 2030 a
1214 1972 1294 2030 vitiis

250 2055 433 2116 deterrendos
452 2059 596 2130 teruntur,
618 2057 753 2115 honestas
779 2057 904 2115 actiones
931 2056 1173 2127 remoratione,
1194 2060 1295 2128 turpes

249 2155 342 2214 poena
365 2141 465 2214 dignas
486 2142 698 2215 existimamus,
721 2141 865 2200 sceleratis
885 2141 1052 2200 homiuibus
1072 2155 1292 2212 succensemus,

249 2226 353 2301 probos
373 2226 565 2298 dilaudaruus;
591 2226 690 2285 andeis
710 2225 846 2284 salutaria
865 2225 984 2284 consilia
1004 2225 1187 2300 praebemus;
1206 2224 1294 2283 iussis

251 2315 301 2368 aut
318 2310 557 2370 colrortationibus
572 2327 640 2384 erga
654 2311 725 2369 alios
745 2311 870 2370 utinur‘t
883 2312 958 2369 llaec
972 2325 1045 2384 quae
1059 2311 1193 2368 universo
1207 2309 1296 2368 homi·

251 2409 321 2453 uum
341 2395 439 2467 generi
459 2396 623 2454 communia
642 2400 723 2468 sunt,
741 2396 810 2454 satis
829 2411 971 2469 superque
989 2391 1142 2453 ostendunt
1162 2393 1297 2451 omnibus

252 2479 306 2537 alte
320 2478 445 2538 deliram
460 2494 522 2538 esse
538 2479 722 2538 sententiam:
740 2480 867 2539 actiones
877 2480 1019 2538 humanas
1033 2493 1092 2538 non
1107 2494 1145 2537 ex
1158 2477 1297 2535 inelucta-

252 2561 305 2620 bili
319 2563 497 2636 neoessitate,
511 2563 562 2622 sed
575 2579 613 2624 ex
626 2563 806 2638 singulorum
820 2564 937 2624 arbitrio
952 2579 986 2622 ac
996 2563 1111 2638 propria
1124 2561 1297 2622 determina·

255 2645 329 2704 tione
344 2647 505 2720 procedere.

592 2816 757 2878 Solvuntur
772 2817 966 2892 difficultates.

290 2984 335 3044 87.
353 2985 442 3045 Obiic.
458 2985 480 3045 l.
495 2985 579 3061 Bayle
595 2992 825 3061 argumentama
838 2986 998 3046 certissimo
1013 2983 1206 3045 conscientiae
1220 2980 1300 3041 testi·

255 3069 353 3128 monio
367 3071 566 3144 depromptum
580 3071 622 3130 sic
636 3072 784 3131 infirmare
798 3077 931 3131 conatur:
947 3071 1025 3129 ldem
1040 3086 1141 3129 seusus
1157 3067 1298 3127 libertatis

255 3152 286 3212 in
301 3153 384 3212 nobis
397 3159 534 3228 maneret,
547 3155 660 3214 etiarnsi
674 3173 733 3215 non
747 3156 902 3232 superabili
913 3155 1081 3214 necessitate
1093 3155 1130 3212 ad
1144 3152 1302 3212 volendum

255 3237 479 3312 adduceremur,
493 3240 674 3313 actionesque
691 3255 792 3299 omnes
808 3240 974 3314 aprincipio
985 3239 1110 3313 quodam
1119 3243 1235 3296 externo
1252 3235 1299 3292 iu-

254 3320 398 3381 dereutur.
414 3322 484 3383 Nam
499 3323 586 3381 etiam
602 3329 669 3382 tunc
683 3339 736 3382 uos
752 3339 814 3382 esse
832 3325 883 3398 qui
896 3324 1048 3404 ¹volumus,
1068 3323 1250 3392 actionesque
1267 3319 1303 3377 il-

254 3404 297 3464 las
311 3405 484 3465 intrinsecus
498 3423 550 3465 nos
560 3407 674 3465 allicere
689 3407 894 3480 experiremur.
911 3407 982 3480 Ergo
994 3405 1166 3466 couscientia
1177 3403 1304 3462 eiusmo

255 3488 284 3548 di
299 3505 356 3550 non
371 3495 413 3548 est
430 3491 549 3551 idoneus
569 3490 709 3549 libertatis
734 3491 823 3550 testis.
840 3492 873 3550 Et
892 3507 961 3550 sane
975 3492 1001 3550 si
1015 3492 1089 3565 lapis
1103 3506 1150 3550 ex.
1170 3504 1214 3562 gr.
1231 3488 1306 3545 dum

254 3571 388 3633 deorsum
402 3575 500 3648 tendit,
518 3575 562 3632 vel
578 3590 645 3632 acus
660 3575 834 3648 magnetica,
853 3577 923 3633 dum
937 3575 974 3634 ad
988 3576 1087 3650 polum
1101 3573 1208 3646 vergit,
1224 3571 1305 3644 cogi·

256 3657 359 3716 atione
374 3665 402 3717 et
416 3653 589 3719 conscientia
603 3660 765 3731 lrueretur3
782 3675 872 3734 aeque
887 3675 921 3718 ac
936 3676 988 3720 nos
997 3676 1028 3719 se
1039 3659 1117 3719 illius
1131 3655 1306 3718 determina·

256 3738 341 3800 tionis
355 3759 417 3804 esse
432 3745 604 3820 principium
619 3745 830 3804 existimarent.

291 3825 434 3902 Itemque,
451 3831 691 3904 quemadmodum
704 3831 855 3905 perspicue
870 3831 1010 3890 sentimus
1025 3844 1167 3902 neeesse,
1184 3826 1254 3886 licet
1266 3824 1306 3884 si-

253 3923 320 3980 mus
333 3911 370 3984 ab
384 3911 454 3990 alim
468 3915 511 3978 sie
524 3917 578 3980 etsi
591 3915 686 3980 riute
704 3913 863 3982 saumuro
876 3932 936 3991 non
956 3917 1041 3994 vele,
1056 3916 1112 3979 boo
1128 3919 1304 3978 tamennon
