2767 4492
225 301 261 373 tt
677 324 802 378 malcus

261 410 387 488 Denique
398 424 526 474 errorum
535 409 598 474 lons
610 413 667 475 lete
677 421 777 490 patens
786 414 905 490 logicae
912 412 957 474 est
964 409 1119 490 neglectos,
1127 403 1211 476 cuius
1219 418 1264 476 sc-

224 497 343 558 teritste
358 498 528 573 posthabite,
544 499 704 559 academico
718 500 793 574 stilo,
809 515 893 575 saepe
906 499 960 559 sul>
974 497 1151 574 eloquentiae
1160 499 1263 560 lenoci-

224 584 293 656 mis,
308 582 471 657 turpissima
488 583 661 658 sophismata
674 584 869 658 propinantur.
883 584 1002 659 logicae
1015 583 1102 659 igitur
1110 583 1264 644 sedulovs·
1375 578 1376 587 ’

226 669 359 742 cendum,
371 673 455 743 atque
470 684 514 741 ea,
530 683 603 742 quae
617 668 688 728 lorte
710 669 936 729 academicorum
958 669 1017 730 ritu
1029 669 1172 745 ἀιεριιιιῐι
1184 684 1265 744 repe·

226 753 294 826 ries,
306 751 526 812 addialecticsm
536 758 618 813 erunt
626 754 911 828 normamen'genda.
922 755 964 814 lts
973 753 1163 814 fortassisnon
1171 769 1264 830 pauca

227 836 347 912 videbis,
363 852 437 910 quae
452 838 476 896 si
493 837 642 910 verborum
651 837 806 912 spolientur
819 838 893 911 luco,
904 838 1013 898 nullam
1023 840 1262 914 argumentum,

227 923 316 983 immo
341 923 428 982 etiam
447 939 484 982 ne
507 928 683 983 constantem
698 923 812 998 quidem
830 925 885 984 sibi
899 924 1070 984 sententiam
1087 923 1261 985 retinebunt.

226 1004 284 1067 iloc
307 1013 490 1082 praeceptum
540 1007 627 1067 eximi
642 1008 779 1068 momenti
792 1014 837 1068 est
848 1009 903 1068 hac
916 1010 1084 1084 praesertim
1097 1015 1264 1084 tempestate

227 1091 352 1152 inlibris
364 1092 492 1152 recentiu
536 1098 683 1153 auctorum
697 1092 867 1154 volutandis.

484 1378 487 1384 ¹
562 1291 693 1361 cinus
708 1280 926 1363 sneunoun

355 1531 397 1579 DE
410 1530 470 1579 vlls
485 1529 567 1587 QUAE
582 1529 622 1576 tlt
640 1529 747 1577 vntum
762 1527 984 1599 ssssomnuu
998 1529 1126 1580 lusum.

262 1711 302 1770 ld
310 1723 406 1770 renim
415 1707 544 1768 notitiam
559 1706 771 1782 capessendam,
787 1712 871 1783 atque
884 1709 948 1769 ideo
962 1709 1156 1770 adteritatem
1168 1709 1201 1768 in
1217 1724 1263 1770 oo

226 1795 352 1870 gnitione
364 1794 483 1868 positam
498 1791 718 1866 comparandam
726 1796 783 1851 tres
791 1792 854 1852 viae
869 1793 952 1853 nobis
967 1798 1093 1854 enatura
1102 1793 1262 1869 propositae

227 1883 302 1938 sunt:
318 1878 481 1937 immediata
495 1875 597 1937 obiecti
610 1875 733 1949 intuitio,
745 1877 888 1937 discursus
898 1878 1025 1951 rationis,
1037 1877 1262 1938 testiumlidedi-

225 1973 347 2031 gnosum
359 1957 542 2018 rentmciatio.
559 1957 669 2016 Etenim
683 1955 794 2016 obiecta
807 1957 985 2032 cognitionis,
1001 1962 1136 2032 quotquot
1150 1957 1263 2032 excogi-

227 2043 280 2101 teri
297 2047 423 2117 possunt,
444 2042 489 2101 vel
508 2047 574 2101 sunt
587 2057 639 2116 per
652 2057 683 2102 se
697 2042 849 2115 evidentia,
865 2047 950 2116 atque
964 2042 1104 2101 eiusmodi
1117 2047 1150 2101 nt
1163 2043 1263 2102 imme-

101 2133 106 2140 ’
224 2127 299 2188 dicte
318 2128 355 2187 eb
374 2126 469 2201 eliqua
491 2127 677 2202 cognoscendi
695 2125 828 2186 facultate
842 2127 1026 2208 attingantur,
1041 2127 1087 2187 vel
1100 2130 1201 2186 conus
1212 2142 1264 2202 per

223 2227 257 2273 se
279 2229 336 2272 non
351 2217 456 2288 patent
473 2213 522 2272 sed
537 2229 591 2272 insu
605 2217 717 2272 tantum
730 2217 760 2272 et
773 2212 945 2271 adminiculo
965 2211 1081 2272 alterius
1095 2212 1264 2286 cognitionis

222 2291 411 2358 innotescunt.
429 2297 456 2357 si
470 2297 594 2371 primum
608 2296 720 2370 eccidit,
738 2302 804 2355 tunc
814 2311 849 2355 ea
863 2295 972 2355 intueri
981 2296 1111 2371 dicimur,
1123 2301 1263 2371 quatenus

223 2382 265 2441 sic
279 2367 460 2456 percipimus,
476 2387 510 2440 ut
522 2382 584 2456 ipsa
598 2381 652 2440 sibi
667 2381 875 2456 quodammodo
888 2381 972 2440 iidem
988 2381 1103 2455 iaciant,
1118 2380 1198 2440 nulla
1206 2381 1264 2440 alie

223 2466 387 2541 interposita
408 2465 577 2539 cognitione:
594 2465 644 2526 Sin
655 2465 786 2538 alterum,
804 2471 871 2524 tinne
891 2480 925 2524 ea
943 2465 1054 2525 obiecta
1071 2466 1102 2524 in
1121 2465 1262 2541 duplicem

225 2549 343 2608 classem
358 2549 479 2623 dispesci
493 2549 607 2609 debent.
623 2551 692 2608 Nam
706 2551 752 2608 vel
766 2556 833 2608 stunt
846 2550 984 2609 eiusmodi
997 2556 1030 2609 ut
1048 2565 1101 2625 per
1118 2564 1262 2624 eompara-

224 2633 330 2692 tionem
350 2648 415 2692 cmn
435 2633 497 2693 eliis
517 2633 682 2692 veritatibus
697 2634 756 2692 iam
779 2635 919 2708 perceptis
938 2635 1037 2693 inferri
1050 2635 1168 2710 possint3
1185 2635 1263 2694 etad

223 2715 254 2775 id
267 2718 390 2791 suppetit
411 2717 528 2777 rationis
537 2717 691 2776 discursus.
709 2718 756 2777 Vel
772 2733 839 2777 cum
852 2719 931 2777 nulla
944 2718 1000 2778 alia
1015 2720 1131 2779 veritate
1146 2719 1261 2779 anobis

223 2801 344 2875 cognita,
361 2801 462 2861 saltem
476 2803 568 2876 quoad
583 2817 645 2876 nos,
662 2803 834 2863 intrinsecus
844 2804 1021 2877 colligantur3
1032 2809 1062 2862 et
1071 2809 1138 2862 tunc
1146 2803 1262 2865 nonnisi

222 2900 274 2962 per
288 2887 480 2948 testimonium
495 2888 624 2961 eliorum,
640 2889 689 2962 qui
706 2904 741 2948 ea
754 2889 893 2962 noverint,
910 2889 1000 2962 accipi
1018 2893 1158 2963 potemnt.
1178 2889 1262 2948 Recte

222 2971 310 3047 igitur
323 2979 379 3032 tres
394 2973 455 3031 vias
464 2987 514 3046 pro
524 2973 933 3033 veritatensuciscendanobis
947 2975 1028 3033 datas
1037 2972 1260 3046 numeravimus,

223 3055 372 3131 dequibus
388 3056 490 3132 triplici
505 3057 623 3119 articulo
637 3059 818 3119 disseremus.

597 3226 834 3286 lensenses
857 3228 878 3287 l.

632 3395 670 3454 De
684 3395 851 3456 intuitione.

257 3567 301 3626 ll.
317 3567 430 3627 lntuitio
443 3567 550 3628 versari
564 3571 655 3642 potest
670 3563 715 3624 vel
729 3566 805 3625 circa
817 3567 928 3641 ideam²
939 3567 985 3626 vel
999 3568 1075 3630 circa
1088 3569 1220 3643 suctum,
1232 3573 1264 3628 et

222 3651 339 3726 quidem
352 3652 459 3711 lactum
475 3655 525 3711 out
536 3651 690 3710 internum
703 3654 754 3709 eut
770 3659 932 3709 aternum.
947 3652 999 3711 Pro
1013 3653 1117 3727 triplici
1126 3652 1180 3713 hoe
1197 3665 1262 3711 mu·
1375 3664 1376 3689 t

220 3751 290 3795 nere
303 3735 461 3795 exercendo
480 3735 583 3809 triplici
598 3734 731 3793 facultate
744 3734 840 3794 donati
854 3751 967 3795 sumus:
984 3736 1180 3813 intelligentia,
1196 3751 1262 3796 sen·

221 3820 309 3895 sibus,
327 3820 507 3879 conscientia.
519 3821 664 3879 lntuemur
673 3834 726 3894 ope
740 3818 942 3894 intelligentiae
951 3821 1047 3881 ideam
1059 3821 1185 3895 aliquam
1194 3837 1257 3894 seu,

220 3905 332 3980 melius,
343 3905 487 3969 obiectum
501 3920 552 3982 pec
565 3904 660 3964 ideam
672 3911 924 3981 repraesentatum,
936 3905 1167 3998 quotiescumque
1180 3919 1260 3966 men-
