2767 4492
232 319 287 392 tol
560 335 788 387 murmurarem
801 341 949 388 srccmms

230 427 343 488 infinita
357 425 478 500 dicitur,
496 425 549 484 erit
562 426 649 498 Deus,
666 424 713 483 cui
734 424 849 498 quidem
870 431 980 484 ceterae
1002 423 1119 499 adiungi
1133 439 1192 485 nou
1207 442 1277 502 pos·

231 517 311 586 sent,
328 511 439 571 infinito
455 510 531 569 enim
546 511 608 568 fieri
628 509 726 583 nequit
744 509 858 568 additio.
876 511 904 568 Si
919 518 1113 583 postremum,
1129 511 1160 569 in
1176 513 1279 572 absur-

231 596 300 655 dum
309 595 469 654 maximum
478 596 510 653 fit
521 595 625 668 lapsus.
643 594 725 652 Plura
739 593 817 652 enim
832 593 1046 652 adstruereutur
1060 594 1187 668 infinita,
1199 613 1278 670 quae

230 681 366 755 proinde,
381 681 436 739 lroc
454 679 515 752 ipso
536 677 611 751 quod
633 676 716 752 plura
737 683 850 750 esseut,
868 678 982 736 inlinita
995 694 1130 738 essenon
1145 690 1276 753 possent.

231 765 364 839 Quodque
378 765 455 823 enim
470 762 691 835 distingueretur
702 761 738 819 ab
749 762 822 833 aliis,
836 769 921 835 atque
936 762 999 821 ideo
1014 763 1122 836 aliquid
1135 764 1278 837 simplicis

228 848 410 924 perfectionis
425 848 590 918 contineret,
603 861 658 919 qtro
669 858 765 905 cetera
775 847 1005 906 destituerentur.
1019 848 1048 906 ld
1057 854 1153 906 aulem
1167 849 1277 908 infiniti

230 939 399 1008 conceptum
413 933 529 992 omnino
544 932 668 1006 perimit.
839 987 843 990 .

264 1019 413 1077 Praeterea
426 1017 450 1076 si
464 1017 495 1075 iu
505 1017 561 1075 lleo
577 1016 683 1074 inesset
697 1017 904 1089 coagmentatio
920 1017 1053 1090 partium,
1069 1018 1168 1092 quaeri
1181 1020 1276 1093 prote·

229 1106 273 1161 oto
290 1107 402 1176 posset,
424 1106 520 1159 utrum
541 1107 636 1174 partes
657 1101 723 1159 illae
743 1116 842 1160 omnes
863 1103 1210 1176 necessario'exstarent,
1233 1119 1274 1163 an

228 1201 327 1245 omues
342 1185 550 1258 contingenter,
567 1200 603 1242 an
619 1185 741 1259 deniqne
759 1187 814 1243 alia
830 1186 945 1260 quidem
962 1187 1130 1259 necessario,
1147 1186 1204 1244 alia
1220 1203 1272 1246 au-

229 1275 287 1329 lem
305 1269 509 1341 contingenter.
526 1269 568 1326 Ex
584 1270 629 1327 bis
643 1284 710 1327 uero
725 1269 816 1329 tribus
830 1270 933 1342 optatis
948 1270 1019 1327 nibil
1035 1271 1097 1328 sine
1110 1285 1273 1345 repugnan-

227 1353 268 1413 tia
278 1354 383 1413 adstrui
394 1359 494 1428 potest.
507 1352 632 1410 Primum
646 1353 724 1411 enim
740 1353 821 1426 plura
839 1355 916 1412 entia
932 1354 1092 1412 necessaria
1106 1360 1191 1427 atque
1204 1355 1272 1414 ideo

225 1439 320 1513 plures
338 1439 409 1496 Deos
424 1439 586 1509 induceret,
603 1437 678 1511 quod
700 1439 896 1510 maximopere
916 1453 1076 1510 repugnare
1092 1439 1271 1512 insequenti

225 1523 343 1582 articulo
358 1522 625 1580 demonstrabimus
647 1522 809 1580 Secundum
825 1538 890 1580 vero
905 1538 943 1580 ex
960 1523 1088 1595 pluribus
1103 1523 1271 1595 contingen-

225 1606 300 1665 tibus
313 1623 365 1665 ens
380 1605 573 1664 necessarium
588 1605 706 1664 contlari
722 1606 839 1664 diceret.
856 1606 934 1674 erod
949 1619 1035 1679 quam
1051 1606 1177 1664 alienum
1191 1621 1210 1664 a
1224 1622 1268 1665 ra·

225 1691 301 1749 tione
317 1691 368 1763 sit,
386 1705 469 1748 nemo
485 1703 541 1748 non
557 1689 642 1748 uidet.
659 1689 856 1761 Contingentla
871 1691 948 1748 enim
963 1690 1158 1763 praedicatum
1172 1705 1268 1750 essen-

226 1774 291 1832 tiale
307 1780 358 1846 est,
370 1776 445 1847 quod
459 1790 517 1847 per,
526 1773 721 1832 collectionem
738 1773 862 1846 plurium
879 1774 1017 1832 removeri
1034 1790 1090 1832 non
1107 1780 1210 1848 potest,
1227 1781 1268 1833 at·

224 1873 280 1931 quc
294 1859 357 1916 ideo
368 1859 391 1915 si
402 1859 531 1930 coagruit
545 1858 682 1932 partibus,
695 1859 826 1931 congruit
841 1859 928 1916 etiam
939 1858 997 1916 toti.
1009 1858 1137 1932 Denique
1154 1858 1269 1917 tertium

224 1957 282 1999 uon
301 1942 413 2013 minore
433 1942 607 2001 absurditate
632 1947 771 2017 turpatur.
788 1943 857 2001 Nam
873 1943 898 2001 si
918 1943 1015 2015 aliqua
1029 1957 1128 2000 earum
1142 1944 1269 2015 partium

223 2026 383 2084 necessario
398 2025 518 2098 exsistit,
530 2025 642 2084 inliulta
658 2028 712 2085 erit
722 2029 751 2085 in
763 2027 840 2085 omni
856 2042 959 2100 genere
974 2026 1168 2100 perfectionis3
1181 2032 1268 2101 atque

223 2108 286 2168 ideo
301 2111 337 2168 ud
350 2110 440 2167 Deum
454 2110 683 2170 constituendum
703 2111 843 2185 sufficiet,
861 2126 913 2169 nec
928 2111 1049 2169 aliarum
1070 2110 1266 2169 additamento

222 2194 321 2264 augeri
335 2194 446 2267 poterit.

257 2278 389 2352 Tandem,
406 2293 472 2336 cum
486 2279 560 2338 Deus
574 2296 612 2338 ex
627 2296 714 2355 supra
728 2280 813 2339 dictis
827 2280 956 2338 infinitus
971 2280 1023 2352 sit,
1041 2295 1093 2338 ens
1106 2279 1161 2337 erit
1174 2279 1266 2338 maxi·

220 2377 310 2434 mum,
322 2377 372 2420 seu
387 2378 443 2436 quo
458 2363 551 2422 maius
566 2365 721 2438 excogitari
736 2365 808 2423 nibil
823 2365 920 2438 possit.
932 2366 965 2421 lt
979 2364 1003 2422 si
1018 2364 1182 2422 omnimoda
1198 2364 1266 2422 sim-

220 2447 345 2521 plicitate
359 2449 528 2522 privaretur,
541 2465 574 2507 eo
589 2449 780 2524 praestantius
795 2448 903 2519 aliquid
913 2453 942 2506 et
951 2448 1054 2507 melius
1068 2449 1187 2520 cogitari
1201 2463 1269 2522 pos·

220 2537 272 2603 set,
283 2531 420 2591 nimirum
430 2548 481 2590 ens
492 2532 620 2591 absoluta
635 2533 796 2606 praeditum
810 2532 1001 2606 simplicitate.
1016 2532 1096 2605 Ergo,
1108 2531 1165 2590 nisi
1173 2531 1266 2590 Deum

218 2629 325 2688 ponere
338 2620 366 2674 et
380 2617 494 2676 demere
508 2633 567 2676 una
583 2617 731 2685 volumus,
749 2616 881 2675 eumdem
900 2617 1027 2674 maxime
1047 2615 1209 2690 simplicem
1223 2616 1265 2674 la-

220 2705 457 2774 teamuroportet.
745 2775 748 2778 ⁴
985 2720 988 2725 ’
1226 2727 1231 2734 ·

255 2785 355 2844 Omnia
369 2786 456 2858 igilur
469 2786 500 2845 iu
516 2801 659 2844 summam
681 2786 878 2858 conterentes,
896 2789 1035 2860 quantum
1059 2783 1266 2857 intelligentiae

219 2876 331 2929 nostrae
347 2870 445 2929 sinunt
459 2873 624 2944 angustiae,
640 2871 670 2930 id
684 2871 721 2929 de
736 2869 834 2930 divina
854 2878 956 2928 natura
978 2870 1173 2928 ratiocinando
1189 2883 1266 2926 asse·

219 2955 299 3027 qunti
312 2971 421 3028 sumus,
436 2962 466 3013 ut
479 2955 553 3015 Deus
568 2957 623 3014 Ena
637 2956 757 3030 'aliquod
773 2970 948 3028 supremum,
961 2971 978 3013 a
989 2947 1191 3013 se'necessario
1206 2953 1266 3011 exi·

219 3043 304 3109 steno,
325 3038 490 3112 infinitum,
507 3040 767 3114 perfectissimum,
784 3054 954 3110 summaque
968 3038 1150 3112 simplicitate
1164 3037 1265 3095 truens

218 3135 281 3180 esse
295 3120 414 3178 dicatur.
432 3123 537 3181 Harum
553 3140 619 3183 vero
634 3125 784 3183 notionum
798 3123 900 3197 prima,
918 3137 1004 3195 quam
1019 3123 1127 3186 debeo
1142 3120 1266 3193 concipi-

218 3219 301 3276 mur,
319 3204 348 3262 in
368 3220 401 3263 co
422 3207 512 3279 posita
533 3214 576 3266 est
598 3209 674 3281 quod
695 3209 769 3266 Deus
784 3207 822 3265 sit
836 3223 855 3264 a
868 3222 907 3264 se.
924 3207 1033 3265 Exinde
1054 3207 1134 3264 enim
1155 3211 1268 3264 ceterae

218 3303 317 3348 omnes
333 3288 415 3348 facile
427 3291 601 3350 derivantur.
620 3291 795 3366 Quapropter
810 3293 872 3349 iure
885 3291 1043 3363 meritoque
1058 3288 1217 3364 philosophi
1232 3287 1265 3345 in

218 3372 273 3431 bac
287 3373 443 3432 divinitatis
458 3381 525 3433 nota
540 3377 765 3450 metaphysicam
779 3374 829 3433 Dei
845 3374 998 3433 essentiam
1023 3374 1207 3433 collocarunt.
1230 3371 1268 3430 tlt

220 3457 297 3515 enim
313 3457 383 3516 alias
398 3459 579 3532 dictumest,
596 3460 791 3532 metaphysica
805 3459 846 3517 rei
861 3457 1022 3531 cuiuspiam
1043 3458 1168 3516 essentia
1182 3457 1214 3514 in
1229 3469 1266 3512 ea

220 3542 334 3599 notione
344 3541 499 3614 reponitur,
511 3559 585 3615 quae
596 3543 723 3617 primum
736 3543 766 3602 in
782 3559 813 3601 re
828 3543 987 3616 concipitur
1000 3556 1130 3616 quaeque
1144 3555 1208 3599 rem
1223 3553 1268 3596 se-

220 3625 311 3680 cernit
325 3623 361 3682 ab
376 3625 458 3698 aliis,
475 3631 503 3684 et
517 3627 549 3685 in
564 3642 598 3685 ea
613 3627 787 3700 principium
801 3627 879 3685 velut
894 3632 937 3685 est
950 3631 980 3685 et
994 3627 1077 3700 quasi
1092 3625 1177 3684 radix
1191 3627 1269 3682 cete

219 3719 317 3762 rurum
333 3709 544 3782 proprietatum.
556 3711 634 3770 Unde
648 3712 723 3769 Deus
737 3710 772 3769 de
787 3712 939 3785 semetipso
953 3712 1072 3789 loquens
1087 3725 1153 3770 cum
1168 3709 1266 3781 lloyse

222 3787 280 3849 ait:
296 3788 355 3862 Epo
370 3808 438 3852 sum
452 3795 507 3869 qui
519 3811 598 3855 stom.
614 3795 662 3860 St'c
677 3796 752 3856 dices
771 3794 842 3868 filiis
856 3796 967 3856 lsrael:
990 3795 1047 3866 Qut
1060 3803 1101 3856 ert
1114 3792 1198 3853 misit
1217 3806 1269 3850 mc
