2767 4492
111 377 115 380 .
192 329 243 392 ltd
458 293 463 300 ¹
631 335 794 386 stannum

125 474 126 477 η
189 431 281 488 lorum
301 424 463 501 acceptione
481 437 586 484 nomen
603 425 653 484 filii
670 426 743 484 nulli
759 426 904 484 creaturae
918 424 1048 496 respectu
1068 415 1120 481 oei
1132 423 1235 480 conia»

189 514 242 574 nit.
259 513 428 572 Hominibus·
440 518 534 570 tamen
556 510 648 568 latiori
663 527 750 569 sensu
765 509 852 567 tribui
869 508 948 579 solet,
964 507 1050 579 ioque
1064 506 1172 580 duplici
1189 523 1235 565 ra·

192 601 277 658 tione.
293 598 418 656 Primum
435 597 463 654 in
480 596 578 654 ordine
594 595 819 668 supernaturali,
837 599 950 666 propter
969 592 1097 649 diuinam
1111 591 1237 665 adoptio-

192 699 269 756 nem,
286 698 358 755 quac
372 698 425 755 ope
440 681 546 754 gratiae
560 680 716 754 perficitur.
734 680 810 738 lntra
825 683 921 736 autem
934 682 1055 735 naturae
1068 676 1173 734 limites
1188 676 1235 734 de·

192 767 348 827 nominatio
364 767 413 825 lilii
436 771 566 838 respectu
580 765 630 822 lici
653 763 737 822 nobis
758 768 907 837 propterca
923 761 1068 832 tribuitur,
1086 761 1161 835 qnod
1175 760 1237 818 ani·

192 868 257 912 mus
271 857 365 910 noster
378 866 395 908 a
409 850 465 908 Deo
482 865 531 923 per
540 849 713 907 creationem
723 847 888 906 immediato
902 845 1048 919 procedat,
1063 849 1091 902 et
1101 845 1136 902 ad
1146 844 1237 902 Deum

194 939 303 998 actibus
318 935 472 994 moralibus
488 935 529 993 sic
545 936 711 1006 referamur,
723 939 755 992 ut
765 949 883 1007 capaces
898 932 988 990 simus
1002 931 1141 1004 obsequii,
1157 945 1238 989 reve·

193 1023 310 1093 rentiae,
327 1019 515 1092 obedientiae,
533 1035 605 1093 quae
622 1019 734 1092 proprie
748 1035 766 1076 a
780 1018 847 1076 liliis
862 1016 973 1091 parenti
984 1021 1170 1089 praestantur.
1184 1014 1239 1073 Sed

194 1109 265 1166 haec
283 1106 388 1176 omnia,
411 1111 443 1162 nt
458 1106 638 1178 perspicuum
661 1109 712 1174 est,
730 1103 765 1162 de
783 1101 870 1161 rebus
890 1100 1079 1174 intelligentia
1097 1098 1240 1158 destitutis

195 1192 250 1251 dlci
266 1204 446 1264 nequaquam
462 1194 588 1261 possunt.
601 1188 636 1245 lis
652 1187 740 1259 igitur
753 1201 859 1245 nomen
874 1186 926 1244 sitii
938 1185 1030 1259 quoad
1045 1184 1136 1242 Deum
1149 1199 1187 1241 no
1201 1183 1241 1240 la·

197 1281 223 1335 te
234 1277 348 1350 quidem
363 1273 505 1346 competit.
524 1272 602 1340 Quod
617 1273 641 1329 si
654 1272 824 1346 quandoque
839 1277 942 1329 natura
951 1269 1124 1328 irrationalis
1135 1267 1243 1343 pottico

195 1361 245 1418 Dei
261 1359 318 1418 iilia
331 1359 508 1429 nominatur,
521 1356 549 1415 id
562 1357 591 1414 in
604 1362 714 1414 tantum
726 1357 766 1428 lrt,
779 1357 808 1414 in
823 1361 961 1429 quanmm
973 1353 1183 1426 imaginationis
1192 1352 1243 1410 he·

196 1442 298 1502 noficio
309 1440 663 1514 intelligentiaetdignitas
680 1440 835 1514 personalis
849 1440 944 1498 eidem
959 1438 1132 1511 appingitur.
1144 1437 1177 1494 tt
1192 1436 1244 1493 lia·

197 1527 300 1600 miron,
317 1527 347 1584 ni
362 1526 454 1599 fallor,
475 1541 533 1584 non
548 1532 650 1599 pottma
664 1525 715 1583 sed
729 1524 958 1598 philosophicum
975 1528 1125 1580 tractatum
1146 1522 1244 1579 elucu-

197 1611 308 1670 larebat.

235 1697 330 1764 Quoad
340 1697 458 1756 alterum
467 1712 534 1756 uero
549 1703 668 1770 partem,
680 1696 713 1756 in
723 1711 781 1770 qua
790 1696 1014 1756 consentientem
1028 1693 1243 1766 habetttrrena,

198 1791 259 1840 non'
270 1781 375 1838 minori
390 1781 564 1840 absurditate
580 1781 699 1840 laborat.
723 1782 854 1840 Nomius
870 1781 929 1840 ueri
949 1779 1073 1838 nominis
1088 1778 1135 1837 cui
1151 1794 1246 1836 corre»

200 1864 319 1923 lativum
333 1871 376 1922 est
386 1865 523 1936 osticium,
542 1865 573 1922 in
589 1864 679 1922 brutis
693 1865 807 1923 nullum
820 1870 872 1936 est,
884 1864 1031 1938 multoque
1041 1863 1138 1921 minus
1153 1862 1183 1920 in
1198 1876 1242 1920 re-

199 1951 253 2009 bus
268 1949 331 2006 aliis
347 1947 430 2021 plane
446 1948 590 2030 inanimis.
608 1949 653 2007 los
669 1949 757 2008 enim.
768 1941 868 2023 depcrit
885 1948 1010 2007 residere
1025 1949 1055 2006 in
1077 1955 1152 2018 ente,
1168 1947 1246 2020 qnod

199 2035 276 2093 nulio
291 2033 375 2090 modo
394 2031 431 2089 sit
448 2032 513 2090 linis
528 2033 557 2090 in
573 2035 690 2106 mundo,
709 2033 759 2093 sed
774 2035 892 2092 omnino
906 2038 939 2090 ut
952 2033 1120 2091 mediumin
1137 2033 1246 2091 bonum

201 2117 318 2177 alterius
332 2115 479 2189 dirigatur.
497 2117 582 2174 Bruta
591 2133 656 2176 vero
671 2119 837 2190 animantia,
855 2123 883 2177 et
897 2122 1008 2176 ceterae
1023 2132 1070 2175 res
1084 2112 1244 2187 interiores,

200 2201 288 2260 medii
312 2201 462 2259 dumtaxat
480 2201 619 2259 rationem
642 2201 760 2261 hahent.
777 2203 843 2274 ,lton
857 2201 935 2260 enim
950 2206 1052 2260 exiam
1067 2206 1180 2273 propter
1199 2201 1248 2257 bo

202 2301 272 2344 num
288 2285 342 2358 sni,
360 2284 409 2342 sed
429 2292 541 2358 propter
557 2286 664 2344 honum
679 2286 817 2359 hominls;
834 2285 1017 2359 necproinde
1036 2292 1104 2343 sunt
1117 2285 1248 2357 propriae

203 2369 332 2429 utilitatis
348 2369 448 2441 gratia,
475 2370 524 2427 sod
539 2371 669 2434 utilitatis
691 2370 817 2428 alterius.
834 2371 906 2442 Ergo
923 2369 1123 2428 ucri-nominis
1145 2369 1192 2427 ius
1206 2383 1251 2426 rc·

204 2459 302 2527 spectu
321 2453 454 2526 hominis,
475 2454 521 2524 cpi
542 2453 570 2511 in
593 2454 708 2512 nominc
726 2455 854 2512 officium
875 2455 1053 2525 respondeat,
1075 2452 1180 2510 habere
1200 2468 1250 2509 ne·

204 2545 320 2612 queunt.
344 2537 384 2596 ld
408 2553 470 2596 rem
488 2538 675 2611 luparellins:
705 2537 805 2612 logni
826 2538 928 2596 dovere
947 2537 1096 2596 nascedat
1116 2537 1250 2610 generato

208 2647 218 2674 ι
236 2623 389 2696 principio:
407 2623 440 2694 fo
450 2621 473 2680 il
489 2623 564 2680 benc.
578 2623 612 2679 So
627 2623 769 2680 avessimo
785 2622 883 2680 doreri
899 2637 979 2682 verso
997 2623 1021 2680 le
1036 2627 1166 2680 creature
1179 2622 1251 2680 irra-

208 2731 218 2760 t
236 2708 385 2780 gionovoli,
399 2722 539 2766 sarsmmo
555 2708 671 2780 dunque
686 2707 824 2780 obbligati
838 2723 855 2764 a
871 2708 951 2765 iarns
966 2708 986 2765 il
1002 2707 1084 2766 bene.
1102 2708 1144 2766 lla
1157 2707 1249 2766 illoro

209 2816 219 2843 t
236 2793 309 2850 hene
324 2795 340 2849 d
355 2792 375 2849 il
391 2793 449 2850 loro
466 2793 536 2864 tine,
554 2793 615 2850 clod
630 2807 781 2865 cooperare
793 2809 810 2850 a
823 2791 942 2851 servizio
957 2784 1117 2851 detl'uomo.
1131 2793 1250 2863 dunque

209 2900 219 2926 r
236 2876 257 2934 il
271 2877 375 2935 dovere
389 2892 470 2935 uerso
485 2877 513 2933 di
529 2892 591 2934 esse
607 2876 726 2935 sarehbe
741 2877 897 2936 roalmento
911 2892 951 2934 un
966 2877 1069 2936 dovere
1086 2890 1165 2936 verso
1179 2875 1251 2934 l’no·

210 2985 220 3012 α
237 2977 294 3020 mo.
317 2961 347 3019 ln
369 2961 434 3018 altri
450 2961 564 3018 termini
578 2980 583 3018 :
599 2961 620 3018 ii
636 2961 761 3035 padrone
777 2977 835 3020 non
849 2961 888 3019 ha
910 2962 1006 3020 doveri
1034 2976 1115 3021 verso
1134 2961 1154 3019 il
1169 2975 1253 3020 servo

210 3068 220 3097 r
238 3046 415 3104 considerato
438 3046 479 3103 sot
500 3060 581 3104 come
596 3061 692 3120 servo;
710 3046 828 3120 giacclre
843 3046 941 3105 l'essor
955 3063 1037 3106 servo
1052 3047 1176 3106 consiste
1191 3045 1252 3104 nel·

210 3154 220 3182 «
239 3130 255 3188 l’
266 3145 343 3188 esser
356 3129 386 3187 in
403 3145 453 3203 pro
478 3129 572 3188 altrui.
591 3131 645 3189 Che
660 3147 690 3190 se
711 3131 731 3188 il
746 3131 872 3204 padrone
887 3131 925 3188 tra
945 3147 1029 3191 verso
1046 3132 1057 3190 i
1072 3132 1147 3191 servi
1171 3128 1254 3189 molti

211 3214 344 3287 «doleri,
362 3214 400 3286 gli
416 3213 454 3290 lra
478 3230 533 3272 non
556 3214 586 3273 in
602 3223 708 3289 quanto
732 3216 818 3289 quelli
836 3231 904 3275 sono
920 3208 1004 3288 servi,
1023 3231 1071 3274 ma
1089 3216 1122 3273 in
1144 3219 1252 3289 quanto

212 3323 222 3353 r
241 3315 310 3359 sono
325 3300 432 3358 nomini
449 3301 538 3374 paria
553 3300 602 3360 lui.
625 3303 662 3359 Or
676 3302 704 3359 la
718 3306 847 3360 creature
861 3301 1062 3374 irragionevoli
1076 3316 1135 3359 non
1157 3301 1255 3358 lranno

212 3407 223 3436 α
241 3385 311 3444 altro
328 3400 423 3443 essere
447 3385 612 3444 correlativo
627 3385 769 3458 all'nomo,
786 3401 818 3444 se
832 3401 890 3444 non
905 3386 933 3443 di
954 3386 1046 3458 servi3
1064 3385 1169 3458 perche
1188 3400 1257 3458 que·

213 3491 223 3524 a
242 3476 284 3529 sto
300 3469 345 3527 eit
355 3469 413 3528 loro
424 3469 494 3544 line;
512 3471 627 3543 dunque
644 3469 748 3529 l’uomo
763 3485 822 3529 non
835 3469 873 3528 ha
883 3471 981 3528 doueri
991 3485 1073 3528 verso
1083 3470 1112 3528 di
1123 3485 1186 3527 esso
1198 3470 1225 3525 t,
1242 3492 1254 3517 ι

244 3555 324 3614 llatio
339 3560 452 3629 autem,
470 3570 557 3628 quam
572 3555 678 3614 thiens
692 3555 723 3613 in
738 3554 912 3614 contrarium
928 3554 1059 3626 adducit,
1077 3556 1153 3627 quod
1168 3553 1256 3611 homo

212 3643 342 3700 teneatur
351 3656 408 3699 non
424 3655 525 3712 cogere
536 3637 692 3697 animantia
705 3639 791 3697 bruta
805 3640 842 3697 ad
851 3639 959 3715 aliquid
970 3639 1169 3710 subeundum,
1180 3636 1259 3710 quod

211 3737 310 3784 corum
328 3724 425 3785 sensili
442 3731 561 3784 naturae
572 3726 746 3798 adversetur,
758 3725 893 3798 ambigua
907 3732 951 3784 est
966 3732 995 3785 et
1008 3724 1080 3783 nihil
1091 3723 1207 3784 evincit.
1227 3720 1260 3781 Si

256 3905 268 3968 l
288 3905 372 3966 Sepeia
388 3871 502 3957 Tcoretieo
517 3907 543 3957 di
559 3907 643 3958 diritto
656 3909 767 3960 naturale
783 3906 826 3959 vot.
844 3906 870 3972 l,
887 3910 939 3956 nota
954 3905 994 3956 28.
