2767 4492
460 291 865 342 ennaranti-cosneioeta
1154 281 1190 344 ts

137 389 227 455 ocprs
251 376 376 439 mundus
389 377 547 453 inceperit,
572 377 740 452 tabulasque
753 379 920 442 innumeras
934 393 1032 440 rerum
1048 381 1189 443 creationi

136 463 309 540 inferciunt,
329 468 362 524 ut
375 463 421 524 sui
436 463 637 538 antiquitatem
650 478 720 538 prae
734 465 834 525 ceteris
847 465 1013 528 nationibus
1028 481 1114 542 quam
1129 466 1189 526 lon·

136 548 253 622 gissime
262 548 420 625 proterant,
433 550 465 608 in
479 550 534 610 boe
549 555 648 610 umen
660 564 760 608 omnes
776 555 937 611 constanter
957 551 1189 625 unanimiterque

139 633 339 706 consentiunt,
357 633 543 694 otmundum
558 633 590 692 in
605 642 732 708 tempore
744 640 927 708 procreatum
942 635 1096 694 altlrmeut.
1122 633 1190 704 Ouio

136 732 205 778 nero
220 723 279 778 tam
293 718 454 778 mirabilem
469 718 706 792 consensionem,
733 734 805 792 quae
827 719 913 778 aliam
928 719 1068 793 originem
1083 719 1190 779 babere

135 817 195 862 uon
208 804 310 879 potnit,
326 804 383 863 nisi
397 803 626 880 irrefragabilem
640 803 795 882 quamdam
810 803 1002 877 traditionem,
1017 805 1124 872 erroris
1136 817 1189 864 au-

136 887 203 946 deat
219 887 407 953 insimularet

173 971 253 1040 Quod
265 972 291 1032 si
305 972 342 1031 ad
355 972 457 1055 mundi
471 975 670 1048 obmortuos,
688 974 807 1048 eiusque
830 972 917 1033 veluti
932 973 1110 1034 lineamenta
1126 988 1190 1034 con·

135 1055 339 1116 siderationem
353 1057 495 1119 flectimus
510 1105 519 1133 ,
545 1059 646 1119 eadem
659 1058 765 1118 veritas
775 1056 873 1132 magis
887 1057 974 1116 etiam
992 1055 1187 1116 roborabitur.

135 1141 226 1215 Nam,
249 1140 275 1200 si
289 1141 324 1201 de
337 1141 433 1216 specie
447 1143 574 1203 bumana
592 1142 756 1217 loquimur,
780 1157 838 1200 non
856 1142 940 1200 modo
965 1141 1038 1200 nibil
1053 1147 1096 1200 est
1115 1141 1191 1215 quod

135 1227 199 1286 eius
213 1226 411 1286 aeternitatem
426 1227 565 1298 suadeat,
592 1241 694 1286 verum
709 1226 797 1284 etiam
810 1226 901 1284 multa
916 1231 983 1284 runt
1004 1241 1078 1299 quae
1099 1225 1191 1300 ipsius
1285 1281 1286 1286 ,

134 1311 292 1370 nummum
315 1312 461 1370 evincunt.
481 1311 515 1369 lit
536 1326 606 1370 sane
626 1311 696 1384 quid
711 1307 867 1369 aliud'nisi
885 1310 1010 1368 bominis
1034 1310 1191 1372 uot’itatenr

136 1395 291 1454 ostendunt
304 1394 428 1467 origines
447 1395 656 1468 imperiorum,
671 1393 903 1468 legislationum,
920 1394 1108 1468 populorum,
1125 1409 1193 1468 quo·
1233 1413 1236 1422 ·

135 1494 204 1539 rum
218 1480 278 1538 lere
292 1479 421 1538 omnium
431 1479 560 1553 exordia,
572 1479 760 1553 incrementa,
772 1479 983 1538 vicissitudines
997 1477 1117 1538 delinire
1126 1477 1193 1538 licet

137 1568 168 1622 et
181 1563 333 1622 enarraret
352 1563 424 1632 uuit
448 1564 525 1638 apud
539 1563 673 1638 antiquas
697 1568 797 1637 gentes
817 1563 947 1638 paucitas
967 1561 1191 1640 applicationem

136 1646 344 1721 principiorum
363 1646 548 1706 rationalium
573 1647 618 1707 vel
643 1647 821 1724 experientia
843 1645 1084 1720 colligendorum?
1103 1645 1193 1706 Immo

137 1745 206 1791 vero
221 1731 290 1806 quid
309 1731 469 1806 aliquarum
485 1732 645 1805 notionum,
667 1747 862 1808 quarumnam
877 1731 995 1791 difficile
1010 1731 1191 1806 experimen-

139 1821 201 1874 tum
215 1823 285 1889 erat,
302 1816 468 1876 omnimoda
478 1831 596 1890 prorsus
612 1817 687 1891 apud
698 1821 809 1876 veteres
824 1815 981 1890 ignoratio?
996 1816 1070 1874 Talis
1084 1819 1127 1874 est
1141 1831 1193 1876 110·

138 1901 200 1960 titia
219 1901 255 1960 de
270 1917 341 1960 nona
360 1901 467 1960 torrida
482 1901 644 1975 habitabili,
661 1901 840 1975 quodetiam
863 1901 955 1962 Ovidii
972 1906 1097 1976 tempore
1112 1899 1193 1974 igno-

136 1985 268 2060 rabatur3
284 1987 320 2044 de
334 1986 427 2060 ligura
440 1985 549 2046 telluris
563 1987 594 2045 in
609 2001 640 2046 se
654 1986 802 2060 redeunte,
819 1985 895 2060 quod
905 1985 951 2044 vel
965 1985 1028 2062 ipsa
1042 1984 1124 2044 bullit
1144 1999 1190 2042 ae·

131 2073 188 2128 tate
208 2075 259 2128 aut
272 2070 340 2144 aix,
368 2076 418 2130 aut
431 2085 469 2128 ne
482 2070 531 2128 vix
551 2071 666 2144 quidem
681 2075 859 2144 compertum
873 2073 947 2142 erat3
971 2068 1006 2128 de
1020 2067 1190 2142 antipodum

133 2154 297 2226 existentia,
314 2169 387 2227 quae
407 2154 443 2212 ad
458 2159 587 2228 tempora
601 2155 684 2214 nobis
700 2155 854 2214 admodum
868 2155 1028 2230 propinqua
1043 2153 1189 2227 disputata

134 2243 194 2311 eet3
211 2243 297 2312 atque
311 2236 369 2296 alia
382 2239 531 2297 eiusmodi.
548 2239 645 2299 Nonne
661 2239 733 2298 baec
741 2239 854 2314 generis
864 2239 982 2298 humani
993 2237 1085 2314 primo
1095 2238 1191 2298 inlan-

134 2321 216 2394 tiam,
233 2321 337 2381 deiude
350 2322 582 2396 adolescentiam,
599 2329 675 2382 certe
684 2327 779 2383 ortum
790 2323 985 2398 petelaciunt?
1000 2320 1072 2390 Ouid
1086 2321 1190 2395 plura?

133 2405 264 2465 inventio
280 2411 311 2464 et
323 2406 500 2466 incrementa
514 2407 619 2466 artium
635 2413 664 2468 et
679 2407 884 2482 scientiarum,
905 2421 1028 2482 quarum
1043 2405 1116 2464 aliae
1131 2419 1191 2464 non

135 2489 206 2548 adeo
225 2489 343 2548 remotis
371 2490 547 2565 temporibus
569 2491 684 2566 penitus
702 2493 869 2566 ignoratae,
895 2489 1038 2553 recentius
1060 2488 1191 2548 detectae

133 2577 210 2646 sunt,
227 2574 396 2634 aliaemdes
409 2576 563 2636 admodum
579 2593 638 2636 non
652 2578 743 2637 multo
759 2582 825 2637 ante
836 2574 974 2653 paulatim
990 2574 1026 2634 ad
1040 2573 1178 2648 perlectio

134 2672 202 2716 nem
217 2658 304 2717 etiam
322 2675 402 2718 nune
417 2666 445 2719 et
458 2663 633 2736 pedetentim
647 2663 843 2734 adducuntur,
860 2661 930 2720 satis
946 2673 1089 2733 superque
1103 2673 1188 2734 genc-

133 2742 174 2809 ris
186 2743 317 2818 humani,
332 2759 366 2803 ac
375 2745 495 2819 proinde
508 2746 610 2805 mundi
624 2746 716 2818 ipsius
726 2746 775 2820 qui
786 2760 837 2818 pro
847 2745 905 2802 tine
920 2743 1069 2802 bominem
1088 2742 1185 2813 babet,

133 2827 273 2901 originem
287 2843 346 2887 non
359 2829 444 2904 modo
458 2845 516 2888 non
531 2835 681 2890 aeternam
696 2829 746 2890 sed
761 2828 848 2888 etiam
867 2841 926 2886 nou
940 2825 1095 2884 admodum
1110 2830 1188 2883 vetu-

134 2916 209 2970 stam
224 2927 287 2970 esse
304 2911 459 2970 declarant.

169 2996 226 3052 iloc
241 2999 443 3066 argumentum
461 2994 517 3067 ipsi
531 2994 679 3065 Lucretio,
703 2993 817 3066 Epicuri
841 2992 1029 3054 deliramenta
1045 2991 1186 3069 sectartti,

133 3079 195 3139 um
213 3078 289 3151 lecit,
306 3077 357 3152 qui
370 3077 490 3150 proinde
502 3078 545 3138 sic
559 3092 663 3140 canere
676 3092 736 3136 non
751 3077 909 3140 dubitavit:

226 3247 376 3308 Praeterea
389 3249 415 3308 si
429 3248 509 3309 nulla
522 3247 577 3310 tuit
589 3248 723 3324 genitalis
737 3249 817 3325 origo

223 3333 326 3394 Terrae
338 3338 367 3393 et
381 3333 452 3394 eceb
462 3349 630 3410 semperque
643 3341 760 3396 aeterna
774 3336 864 3410 tuere,

225 3417 279 3478 Gru
294 3434 381 3493 supra
394 3419 502 3481 bellum
516 3420 682 3480 Thebanum
697 3426 725 3482 et
740 3421 842 3482 lunera
856 3419 955 3483 Troiae

224 3503 285 3562 Non
301 3503 373 3562 elias
387 3505 436 3564 alii
451 3521 563 3580 quoque
578 3521 624 3565 res
639 3506 769 3566 cecinere
783 3506 905 3580 poene?

225 3587 284 3655 Quo
298 3592 339 3647 tot
352 3588 428 3648 lacta
441 3590 535 3649 virum
551 3592 633 3650 toties
648 3589 793 3650 cecidere?
807 3605 861 3650 nec
875 3603 998 3664 usquam

224 3671 351 3732 Aeternis
368 3674 463 3734 famae
477 3677 671 3736 monumentis
685 3675 792 3751 inclyta
806 3675 926 3735 florent?

224 3753 344 3832 Verum,
361 3764 393 3817 ut
407 3759 523 3836 opinor,
540 3761 627 3820 babet
639 3761 795 3820 novitatem
811 3773 924 3818 summa
937 3771 1095 3838 recensque

224 3839 330 3902 Natura
344 3847 388 3904 est
400 3844 512 3920 mundi,
523 3860 618 3921 neque
632 3846 745 3922 pridem
759 3845 877 3909 exordia
891 3843 994 3920 coepit.
