2767 4492
464 377 519 423 ssu
535 373 709 423 onsouoeur
1060 361 1113 422 133

111 458 135 514 l.
150 458 262 518 Nomine
276 459 453 533 generalium
470 459 544 518 entis
561 460 765 534 proprietatum
784 473 819 518 ea
832 458 1018 532 intelligimus
1035 457 1114 518 attri-

81 539 161 614 buta,
180 558 252 616 quae
273 544 308 602 de
332 549 397 601 ente
421 543 546 618 quolibet
565 543 745 618 pronuntiari
763 549 888 617 possunt.
911 543 987 611 Quae
1005 543 1112 604 ideireo

81 621 133 680 eius
142 628 332 701 proprietates
348 627 392 685 rel
401 628 562 702 offertiones
575 628 719 700 dicuntur,
731 628 798 700 quia
812 627 989 701 singulorum
1000 628 1112 686 entium

80 714 137 764 sunt
154 710 268 784 proprie
287 725 443 784 eorumque
465 711 597 769 notitiam
617 710 706 769 ueluti
731 715 951 785 consequuntur.
975 711 1111 770 llerocerl

78 795 163 849 sutem
176 794 323 852 commode
344 799 463 869 possunt
476 795 512 852 ad
528 800 584 854 tres
601 793 800 868 potissimum:
815 795 979 861 entitatem,
1005 795 1111 854 verite-

78 877 135 940 teee,
151 875 317 936 bonitatem.
334 877 419 936 Cuius
434 876 548 937 numeri
558 879 628 935 lraec
642 876 715 935 ratio
730 876 825 936 atlerri
837 882 941 952 posset.
953 877 1112 952 Proprietas

75 956 142 1014 entis
152 973 213 1017 esse
227 961 327 1035 nequit
334 960 442 1034 aliquid
448 962 525 1020 reale
535 967 564 1020 et
576 960 731 1035 positivum
741 959 779 1018 ab
789 959 923 1034 ipsoente
933 961 1109 1021 distinctim.

73 1038 100 1094 ld
113 1041 191 1099 enim
205 1045 320 1103 omnino
334 1051 489 1120 repugnat;
508 1053 662 1118 conceptus
676 1043 820 1117 siquidem
833 1044 925 1117 entis,
941 1049 1037 1118 utpote
1050 1059 1111 1104 me·

71 1122 148 1180 nime
161 1127 348 1202 universalis,
370 1129 468 1188 omnis
481 1129 686 1203 complectitur.
705 1128 777 1199 urge
797 1127 954 1186 cementis
976 1127 1112 1188 attributa

70 1215 251 1284 quaerentum,
268 1228 329 1271 non
343 1213 490 1285 quaeritur
503 1211 608 1284 positio
621 1217 650 1269 et
661 1209 778 1269 realitas
792 1208 896 1283 abipso
906 1216 970 1268 ente
979 1212 1112 1272 distincta

69 1287 148 1361 eique
162 1295 372 1365 quodammodo
386 1294 577 1367 superaddita.
591 1293 692 1350 donea
706 1307 773 1351 rere
782 1307 835 1350 nec
844 1293 991 1365 miseritur
1005 1295 1112 1368 aliquid

67 1385 145 1430 mere
159 1389 177 1430 a
191 1383 288 1434 mente
303 1377 466 1433 confictum.
487 1375 559 1441 Orria
572 1375 712 1448 quidquid
726 1375 781 1432 tale
795 1380 853 1447 est,
869 1375 899 1431 id
912 1376 943 1432 in
956 1375 1041 1434 rebus
1054 1393 1113 1436 non

64 1453 224 1530 invenitur,
241 1459 292 1517 sed
301 1465 396 1516 mente
405 1459 554 1516 dumtaxat
563 1458 718 1531 cogitatum
730 1473 796 1516 cum
808 1462 906 1516 conns
916 1457 1012 1529 aliqua
1021 1459 1116 1518 adsint

67 1551 139 1608 quae
153 1540 274 1600 cuilibet
287 1541 355 1613 enti,
371 1550 479 1600 remota
488 1543 593 1601 mentis
607 1541 831 1600 consideratione
845 1540 890 1600 rel
905 1539 1027 1613 fictione,
1040 1555 1116 1601 com-

67 1627 182 1696 petunt;
203 1631 236 1683 ut
248 1627 284 1683 de
300 1626 389 1683 tribus
399 1625 625 1684 recensitissatis
639 1641 779 1700 superque
794 1629 912 1684 constat.
928 1625 1049 1699 Etenim,
1060 1624 1114 1686 etsi

67 1719 145 1764 meus
160 1707 235 1767 nibil
248 1710 284 1768 de
298 1709 385 1768 rebus
399 1711 520 1783 cogitet,
540 1715 635 1768 tamon
650 1709 794 1783 quaelibet
807 1725 854 1768 res
870 1709 901 1768 in
921 1724 952 1768 se
968 1724 1035 1768 vera
1049 1715 1110 1783 est,

68 1786 140 1848 bone
153 1797 209 1866 est,
227 1794 336 1852 unitate
349 1795 463 1868 gaudet.
480 1794 550 1852 Gom
563 1794 651 1867 igitur
664 1795 740 1854 entis
753 1793 898 1853 attributa.
907 1809 945 1852 ex
960 1808 1018 1852 una
1032 1800 1113 1868 parte

69 1887 122 1930 non
135 1875 259 1936 debeam
269 1878 377 1952 aliquid
390 1893 470 1937 mere
485 1878 628 1952 fictitium,
643 1894 681 1937 ex
696 1878 752 1937 alia
766 1893 834 1938 vero
848 1893 911 1937 esse
925 1893 982 1936 uon
1001 1877 1112 1952 possint

69 1954 101 2012 ab
114 1957 175 2031 ipso
189 1967 255 2021 ente
264 1962 412 2036 distineta;
426 1968 514 2021 restat
528 1961 625 2021 utsint
635 1963 681 2022 uel
692 1961 908 2036 aliquanegatio
922 1961 1040 2020 cullibet
1049 1963 1110 2022 enti

69 2047 232 2119 communis,
249 2047 295 2105 vet
307 2052 453 2121 respectus
466 2052 495 2105 et
508 2046 608 2106 relatio
622 2047 659 2105 ad
668 2047 785 2105 tertium
800 2045 932 2119 aliquod,
949 2045 1039 2119 quod,
1056 2045 1110 2105 etsi

67 2126 174 2188 notione
189 2130 267 2190 entis
283 2131 454 2203 continebar,
471 2137 567 2189 nmen
581 2131 619 2190 sit
636 2130 777 2189 eiusmodi
792 2133 823 2188 ut
837 2134 927 2188 semel
940 2129 1052 2203 aliaque
1065 2145 1110 2188 ce·

68 2211 122 2268 tera
143 2215 221 2274 enne
245 2214 388 2289 respicere
405 2215 503 2288 possit.
526 2215 609 2287 Atqui
626 2214 707 2273 nulla
724 2213 780 2272 alia
804 2213 917 2287 negatio
934 2211 965 2270 in
984 2212 1111 2286 quolibet

68 2298 126 2352 ente
136 2300 313 2358 considerari
327 2304 437 2372 potest,
460 2298 517 2360 uisi
532 2298 660 2357 vacuitas
675 2296 823 2356 divisionis
845 2299 949 2370 (omne
964 2297 1042 2354 enim
1056 2311 1108 2354 ens

68 2373 137 2437 inse
151 2381 278 2443 divisum
293 2398 352 2441 non
367 2389 425 2455 est,
453 2381 520 2441 licet
537 2399 555 2441 a
569 2383 673 2441 ceteris
686 2382 810 2440 divisum
826 2381 886 2455 sit);
903 2379 999 2437 nullus
1016 2393 1111 2451 respe-
1196 2435 1199 2440 .

68 2464 124 2520 otus
137 2467 257 2526 cuilibet
270 2467 329 2526 enti
344 2466 505 2526 eommunis
519 2467 608 2540 adest,
622 2467 679 2524 nisi
692 2466 728 2539 is,
744 2480 831 2540 quem
844 2464 922 2523 entia
932 2475 1061 2533 quaeque
1076 2459 1112 2518 ed

68 2543 122 2604 um
140 2551 330 2626 cognoscendi
344 2555 428 2625 alque
445 2551 595 2624 appetendi
608 2549 717 2609 babent
731 2547 881 2624 (siquidem
897 2545 934 2603 eb
949 2543 1044 2618 aliquo
1057 2543 1112 2602 sal·

70 2629 120 2687 mm
135 2633 282 2696 intellectu
297 2651 382 2694 omne
396 2651 449 2693 eus
462 2635 655 2707 cognoscitur,
671 2633 821 2706 omnisque
835 2630 950 2690 realitus
964 2628 1001 2688 ab
1016 2627 1111 2703 aliqua

68 2714 205 2782 uoluntate
221 2722 268 2780 vel
282 2722 340 2780 iam
360 2720 486 2792 diligitur
500 2718 545 2777 rel
560 2725 637 2778 certe
652 2718 733 2792 diligi
747 2718 858 2790 potest).
880 2716 951 2786 Ergo
971 2715 1041 2773 baec
1057 2714 1112 2772 tria

70 2800 173 2862 brutum
186 2812 221 2864 ut
235 2804 398 2863 affectiones
412 2803 487 2861 entis
501 2801 674 2861 considerari
687 2803 820 2872 possunt,
840 2797 971 2855 videlicet
985 2797 1047 2853 eius
1066 2796 1112 2852 ln-

69 2878 178 2956 divisio,
197 2888 303 2948 relatio
324 2887 365 2944 od
377 2885 572 2951 intellectum,
588 2882 693 2940 retorto
710 2881 750 2936 od
766 2877 956 2936 votuertoterre.
974 2877 1033 2932 lem
1046 2889 1113 2932 uero

68 2961 165 3030 horum
177 2975 306 3045 primum
322 2967 457 3038 exprimit
470 2967 575 3034 unitas,
592 2963 714 3020 alterurn
727 2960 848 3029 ueritus,
864 2957 979 3014 tertium
989 2955 1111 3014 bonitas.

67 3046 137 3109 llaec
152 3055 242 3126 igitur
256 3053 323 3108 trie:
339 3049 452 3112 onitas,
466 3045 586 3114 veritae,
602 3042 717 3100 bonitus
727 3039 957 3112 generalissimae
967 3039 1041 3106 entis
1050 3053 1102 3112 pro

67 3133 201 3200 prietates
216 3133 273 3192 diei
287 3132 402 3190 debent.
543 3180 545 3185 ,

100 3219 181 3284 Quod
195 3219 221 3278 si
236 3217 299 3291 quis
316 3215 413 3289 plures
426 3210 576 3270 obtrudere
594 3210 676 3283 velit,
702 3214 850 3285 propterea
864 3207 939 3282 quod
953 3207 1003 3267 alii
1017 3221 1112 3280 respe-

70 3305 127 3360 ctus
140 3302 366 3377 negationesque
386 3297 417 3355 in
439 3300 503 3355 ente
518 3293 691 3354 considerari
708 3293 831 3369 possiut3
852 3293 928 3369 ipsas
943 3291 1047 3352 exinde
1065 3307 1108 3350 re·

70 3395 160 3459 Slues,
173 3386 249 3461 quod
265 3381 479 3454 sinteiusmodi,
494 3385 525 3438 ut
538 3377 583 3438 rel
601 3379 718 3439 cuilibet
733 3379 791 3438 enti
806 3393 863 3438 non
878 3380 1051 3450 competant,
1067 3375 1113 3433 rel

73 3465 105 3522 ad
118 3474 175 3530 tres
189 3471 425 3531 commemoratas
439 3465 567 3540 ipsamve
581 3465 725 3523 notionem
736 3463 809 3522 ontis
820 3460 967 3522 commode
980 3471 1112 3518 revocen-

74 3549 124 3624 tur,
139 3554 380 3646 ‹premedmodum
394 3567 432 3612 ex
446 3548 575 3610 dicendis
589 3549 672 3609 tacite
681 3547 820 3608 iudicium
834 3545 897 3606 erit.
