2767 4492
476 288 716 338 maravarorum
1066 278 1120 343 illd
1160 342 1164 350 ,

69 373 174 438 ultima
190 389 277 454 quam
290 375 406 437 tandem
419 375 538 436 induere
555 376 640 435 dehet
656 373 801 435 metienda
819 381 880 453 est3
896 375 1013 439 nonnisi
1030 379 1068 438 ad
1077 379 1119 439 ie·

67 461 206 524 lieitatem
228 467 374 523 aeternam
392 466 470 522 reeta
486 461 627 522 ordinatio
646 461 811 522 felicitatem
829 463 915 523 hrrius
933 463 999 542 aevi
1016 480 1120 540 suppe-

68 548 161 608 ditare
181 554 281 625 potest.
304 548 433 608 (luituras
454 552 552 607 antem
571 546 715 622 evolutio,
736 563 803 611 cum
822 563 860 608 ex
877 551 1045 623 congruenti
1063 567 1120 610 usu

66 649 168 692 rerum
186 641 215 694 et
232 635 361 696 ordinato
378 634 530 694 activitatis
550 633 696 692 humanae
714 633 851 692 exercitio
865 635 1080 708 pmiiciscatur3
1101 651 1120 694 a

66 733 137 778 vera
156 719 291 794 religione
310 720 438 779 maxime
462 719 576 793 pendet.
603 719 678 778 Haec
696 718 775 778 enim
793 734 853 778 non
871 719 955 777 mede
974 719 1119 779 nobilissi-

65 818 149 862 mum
168 805 301 879 proponit
319 805 483 878 obiectum,
506 803 582 878 quod
601 810 729 864 mentem
748 808 776 862 et
801 803 974 862 voluntatem
992 803 1118 863 hominis

63 889 194 948 maxime
211 889 367 964 amplificat
384 903 417 948 ac
436 902 522 963 supra
541 889 671 963 proprias
688 887 764 948 vires
782 887 894 962 evehit3
912 887 961 946 sed
973 888 1060 946 etiam
1071 887 1120 946 alr

64 974 200 1033 straende
212 974 324 1034 animos
342 969 360 1032 a
377 973 459 1032 bonis
473 971 601 1031 deciduis
615 978 644 1032 et
659 972 795 1042 terrenis,
811 971 959 1031 hominem
974 971 1005 1030 in
1022 970 1119 1030 debita

64 1058 202 1118 distantia
220 1065 247 1118 ei
263 1058 441 1134 proportione
459 1056 577 1117 collocat
587 1065 619 1117 ut
632 1058 682 1117 illa
692 1059 774 1117 iuxta
784 1072 885 1117 verum
900 1061 1048 1132 aspectum
1057 1071 1118 1116 mo·

63 1144 166 1203 raliter
181 1145 309 1204 contueri
327 1159 359 1203 ac
377 1143 534 1202 diiudicare
552 1144 650 1218 possit.
670 1143 784 1219 Exque
804 1143 838 1202 fit
854 1150 886 1202 ut
903 1143 980 1201 bona
996 1140 1045 1200 iila
1058 1153 1118 1199 nen

63 1233 99 1286 nt
119 1231 206 1288 linem
226 1229 275 1288 sed
296 1233 328 1287 ut
348 1228 443 1288 media
460 1228 619 1302 concipiat,
638 1232 666 1288 et
686 1229 722 1286 ad
743 1228 829 1287 talem
845 1227 1012 1286 eorumdem
1032 1241 1118 1284 usum

64 1312 229 1371 iaciendum
248 1313 420 1388 impellatur,
434 1313 485 1387 qui
501 1319 621 1373 naturae
638 1313 790 1374 conveniat
808 1318 893 1386 atque
911 1311 976 1372 ideo
992 1326 1050 1371 non
1068 1309 1117 1370 ob·

63 1397 103 1454 sit
121 1397 286 1471 sedprosit.

102 1482 193 1550 Quare
212 1482 320 1542 mirum
339 1485 477 1545 essenon
496 1483 590 1559 debet,
602 1484 627 1544 si
645 1484 805 1544 Christiana
821 1483 931 1558 religio,
942 1483 1012 1543 dum
1031 1480 1117 1542 unice

64 1567 102 1625 ad
123 1565 289 1626 felicitatem
308 1569 425 1630 alterius
442 1570 517 1629 vitae
536 1569 632 1629 oeulos
649 1585 809 1644 nervosque
825 1569 974 1628 intendere
991 1566 1114 1635 videtur,

63 1650 119 1709 hoc
136 1650 205 1725 ipso
218 1657 360 1712 terrenam
378 1655 466 1716 etiarn
485 1655 592 1729 gignat.
611 1656 685 1714 Haec
706 1656 784 1714 enirn
802 1652 931 1713 maxime
951 1646 1057 1728 pendet
1076 1667 1115 1710 ex

62 1751 121 1794 usu
137 1751 235 1796 rerum
246 1737 326 1797 iuxta
345 1739 473 1799 debitum
488 1747 608 1799 naturae
619 1741 764 1814 ordinem3
783 1756 853 1798 rrsus
867 1744 963 1798 autem
973 1734 1114 1796 eiusmodi

62 1825 133 1880 tnnc
153 1827 261 1881 tantum
281 1824 425 1898 possibilis
446 1825 556 1884 homini
574 1829 636 1899 est,
658 1841 725 1884 cum
748 1825 811 1884 eius
834 1839 918 1883 mens
935 1827 963 1881 et
981 1821 1114 1880 veluntas

63 1906 203 1966 stabiliter
221 1909 376 1968 adhaerent
391 1910 492 1969 ultimo
508 1910 568 1969 ilni.
586 1910 818 1970 Christianismus
834 1909 921 1981 igitur
937 1906 1115 1966 obiectorum

62 1991 213 2051 sensilium
233 1999 400 2067 apparatum
419 2009 477 2053 non
498 2000 604 2054 temere
622 1996 794 2067 contemnit,
810 1993 860 2053 sed
880 1993 962 2052 iuxta
980 1991 1024 2050 rei
1041 1989 1115 2050 veri·

63 2075 315 2150 tatemdiiudicat;
338 2091 372 2134 ac
391 2077 439 2135 tali
462 2077 547 2136 habet
567 2079 675 2151 pretio,
688 2079 767 2152 quali
780 2093 832 2152 pre
849 2074 1113 2137 meritolrabendus

62 2164 116 2218 est.
143 2160 200 2220 Nec
220 2160 310 2217 ullum
329 2161 464 2218 affectum
482 2161 512 2218 in
542 2167 645 2220 natura
671 2163 823 2221 fundatum
842 2163 961 2235 abnuit,
982 2165 1031 2220 aut
1051 2159 1115 2218 vin·

62 2243 162 2302 culum
176 2243 301 2301 hominis
319 2259 387 2302 cum
401 2244 502 2303 ceteris
520 2246 607 2306 relius
625 2246 778 2304 abscindit.
801 2247 856 2304 Sed
875 2248 996 2305 affectus
1013 2259 1136 2321 omnes.

60 2328 116 2386 rite
126 2327 239 2385 ordinat
248 2333 277 2387 et
287 2328 323 2387 ad
340 2343 504 2402 supremam
523 2329 612 2388 animi
628 2329 833 2404 perfectionem
852 2329 966 2402 dirigit3
990 2329 1113 2388 tumbo-

61 2427 100 2471 na
121 2411 321 2486 omnia‚quae
343 2414 378 2471 ad
402 2413 548 2472 hominem
569 2413 665 2488 aliqua
683 2412 793 2471 ratione
811 2412 993 2485 referuntur,
1015 2412 1113 2471 debita

60 2495 212 2556 harmonia
224 2501 253 2556 et
268 2497 516 2573 consensu-donat,
528 2514 566 2558 ne
583 2503 766 2573 praepostera
780 2496 918 2562 electione
932 2511 1005 2568 quae
1016 2495 1112 2555 media
1202 2552 1205 2557 ⁴

62 2581 173 2640 suntin
188 2581 277 2641 linem
292 2587 504 2642 convertantur.
751 2585 753 2588 ’
865 2635 869 2642 .

98 2664 161 2724 201.
183 2665 251 2726 (lum
269 2681 372 2743 scopus
389 2669 536 2728 societatis
551 2669 701 2744 religiosae
721 2685 780 2730 non
796 2667 920 2744 pendeat
938 2683 955 2725 a
972 2663 1110 2726 varietate

61 2749 121 2809 ulla
137 2750 264 2810 locorum
283 2751 327 2810 vel
346 2768 550 2827 personarum,
570 2755 620 2814 sed
635 2753 809 2814 immutabili
825 2758 854 2813 et
872 2749 1110 2812 universalirela·

63 2837 133 2895 tioni
151 2836 321 2910 respondeat
340 2837 470 2896 emnium
487 2839 637 2898 hominum
656 2840 811 2914 adltenm3
832 2837 940 2913 liquide
955 2841 1109 2912 pateteam

60 2925 164 2979 natura
174 2936 227 2978 sua
243 2937 331 2980 unam
349 2937 411 2981 esse
423 2928 551 2998 operiere
568 2929 595 2984 et
609 2925 696 2983 nullis
706 2925 838 2984 confiniis
849 2920 1105 2996 circumscriptam.

60 3004 250 3064 Nihilominus
262 3004 293 3064 id
312 3022 329 3064 a
344 3006 453 3066 viribus
468 3013 588 3068 naturae
603 3010 777 3084 sperandum
795 3024 853 3068 non
864 3012 944 3082 erat3
963 3011 1024 3068 tum
1044 3019 1108 3079 pro·

60 3097 124 3162 pter
140 3095 254 3150 mutuas
272 3089 430 3150 simultates
451 3097 500 3159 aut
515 3093 691 3166 suspiciones
707 3093 896 3169 populorum,
913 3096 975 3150 tum
992 3095 1107 3164 propter

61 3171 254 3232 diversitatem
271 3175 439 3248 opinionum
454 3177 486 3237 in
502 3193 574 3252 quas
592 3178 676 3237 facile
693 3183 804 3237 mentes
815 3176 994 3248 scinduntur,
1006 3175 1031 3234 si
1041 3189 1106 3249 pro·

50 3257 122 3332 ⁴prio
131 3263 221 3316 marte
230 3259 378 3320 veritatem
395 3261 514 3322 delinire
527 3262 644 3336 debent,
657 3269 718 3322 tum
735 3264 858 3338 denique
876 3267 993 3337 prepter
1008 3275 1104 3319 aemu-

61 3341 196 3401 lationem
215 3345 332 3417 gerendi
348 3362 511 3421 supremam
528 3349 736 3422 auctoritatem,
750 3348 831 3408 cuius
841 3346 1011 3407 exercitium
1020 3359 1105 3418 errae-

61 3443 115 3500 qrre
134 3441 203 3502 gens
224 3427 280 3488 sibi
306 3430 466 3492 adsciscere
484 3433 630 3494 voluisset.
658 3434 691 3492 At
716 3434 792 3508 qood
810 3438 914 3492 natura
932 3429 988 3490 sibi
1005 3427 1106 3488 relicta

61 3527 119 3570 non
134 3517 264 3588 poterat,
286 3515 394 3574 iactum
413 3523 457 3576 est
473 3518 570 3579 divino
587 3517 749 3578 interventu
768 3524 797 3578 et
815 3516 957 3593 praesidio
975 3514 1105 3574 caelestis

60 3597 176 3672 gratiae,
188 3613 261 3672 qnae
271 3599 411 3661 eiusmodi
421 3601 626 3676 impedimenta
644 3603 679 3663 de
693 3603 788 3662 medio
798 3601 920 3662 sustulit.
937 3602 1008 3662 Nam
1017 3599 1105 3658 corda

60 3681 226 3758 hominum,
247 3688 402 3761 utcumque
419 3687 601 3762 dissitorum,
617 3687 692 3748 Deus
708 3687 740 3747 in
752 3687 878 3748 ccclesia
894 3685 1104 3762 supernaturali

62 3765 196 3828 charitate
216 3769 382 3846 coniunxit3
410 3776 470 3831 tum
486 3772 620 3832 veritates
636 3771 916 3847 credendasprepria
935 3770 1101 3831 auctoritate

60 3851 238 3932 obfirmavit,
260 3862 288 3919 et
307 3855 450 3921 infallibili
468 3856 612 3921 Pentilicis
630 3863 659 3922 et
678 3858 870 3922 conciliorum
888 3855 1023 3934 oraculo,
1041 3870 1105 3934 pre-
