<?xml version="1.0" encoding="UTF-8"?>
<!DOCTYPE html PUBLIC "-//W3C//DTD XHTML 1.0 Transitional//EN"
    "http://www.w3.org/TR/xhtml1/DTD/xhtml1-transitional.dtd">
<html xmlns="http://www.w3.org/1999/xhtml" xml:lang="en" lang="en">
 <head>
  <title>
</title>
<meta http-equiv="Content-Type" content="text/html;charset=utf-8" />
  <meta name='ocr-system' content='tesseract 3.04.00' />
  <meta name='ocr-capabilities' content='ocr_page ocr_carea ocr_par ocr_line ocrx_word'/>
</head>
<body>
  <div class='ocr_page' id='page_1' title='image "./institutionesph00libegoog_0642.png"; bbox 0 0 2767 4492; ppageno 0'>
   <div class='ocr_carea' id='block_1_1' title="bbox 235 275 844 356">
    <p class='ocr_par' dir='ltr' id='par_1_1' title="bbox 235 275 844 356">
     <span class='ocr_line' id='line_1_1' title="bbox 235 275 844 356; baseline -0.008 -1"><span class='ocrx_word' id='word_1_1' title='bbox 235 275 275 356; x_wconf 83' lang='lat' dir='ltr'><strong><em>io</em></strong></span> <span class='ocrx_word' id='word_1_2' title='bbox 682 283 844 352; x_wconf 71' lang='lat' dir='ltr'><strong><em>emulum</em></strong></span> 
     </span>
    </p>
   </div>
   <div class='ocr_carea' id='block_1_2' title="bbox 236 383 1293 3520">
    <p class='ocr_par' dir='ltr' id='par_1_2' title="bbox 237 383 1286 804">
     <span class='ocr_line' id='line_1_2' title="bbox 276 383 1286 460; baseline -0.002 -10"><span class='ocrx_word' id='word_1_3' title='bbox 276 387 354 460; x_wconf 84' lang='lat' dir='ltr'><strong><em>Quod</em></strong></span> <span class='ocrx_word' id='word_1_4' title='bbox 369 389 394 449; x_wconf 88' lang='lat' dir='ltr'><strong><em>si</em></strong></span> <span class='ocrx_word' id='word_1_5' title='bbox 409 389 530 449; x_wconf 88' lang='lat' dir='ltr'><strong><em>alterum</em></strong></span> <span class='ocrx_word' id='word_1_6' title='bbox 546 388 674 458; x_wconf 77' lang='lat' dir='ltr'><strong><em>eveniat,</em></strong></span> <span class='ocrx_word' id='word_1_7' title='bbox 690 390 829 449; x_wconf 91' lang='lat' dir='ltr'><strong><em>nimirum</em></strong></span> <span class='ocrx_word' id='word_1_8' title='bbox 843 386 868 446; x_wconf 86' lang='lat' dir='ltr'><strong><em>si</em></strong></span> <span class='ocrx_word' id='word_1_9' title='bbox 887 386 981 446; x_wconf 86' lang='lat' dir='ltr'><strong><em>malus</em></strong></span> <span class='ocrx_word' id='word_1_10' title='bbox 1001 386 1117 447; x_wconf 85' lang='lat' dir='ltr'><strong><em>habitos</em></strong></span> <span class='ocrx_word' id='word_1_11' title='bbox 1128 383 1286 448; x_wconf 74' lang='lat' dir='ltr'><strong><em>&#39;contnuo-</em></strong></span> 
     </span>
     <span class='ocr_line' id='line_1_3' title="bbox 239 463 1283 548; baseline -0.001 -13"><span class='ocrx_word' id='word_1_12' title='bbox 239 479 301 547; x_wconf 81' lang='lat' dir='ltr'><strong><em>lm,</em></strong></span> <span class='ocrx_word' id='word_1_13' title='bbox 318 475 438 548; x_wconf 83' lang='lat' dir='ltr'><strong>emergit</strong></span> <span class='ocrx_word' id='word_1_14' title='bbox 451 473 566 546; x_wconf 84' lang='lat' dir='ltr'><strong><em>vitium,</em></strong></span> <span class='ocrx_word' id='word_1_15' title='bbox 578 474 608 533; x_wconf 91' lang='lat' dir='ltr'><strong><em>in</em></strong></span> <span class='ocrx_word' id='word_1_16' title='bbox 624 463 677 532; x_wconf 88' lang='lat' dir='ltr'><strong><em>hoo</em></strong></span> <span class='ocrx_word' id='word_1_17' title='bbox 691 472 848 548; x_wconf 84' lang='lat' dir='ltr'><strong><em>repositum</em></strong></span> <span class='ocrx_word' id='word_1_18' title='bbox 862 472 938 547; x_wconf 84' lang='lat' dir='ltr'><strong><em>qnod</em></strong></span> <span class='ocrx_word' id='word_1_19' title='bbox 952 473 989 531; x_wconf 89' lang='lat' dir='ltr'><strong><em>sit</em></strong></span> <span class='ocrx_word' id='word_1_20' title='bbox 1008 472 1120 547; x_wconf 65' lang='lat' dir='ltr'><strong><em>astutio</em></strong></span> <span class='ocrx_word' id='word_1_21' title='bbox 1135 475 1283 548; x_wconf 76' lang='lat' dir='ltr'><strong><em>quaedam</em></strong></span> 
     </span>
     <span class='ocr_line' id='line_1_4' title="bbox 238 558 1282 635; baseline 0.001 -16"><span class='ocrx_word' id='word_1_22' title='bbox 238 560 336 621; x_wconf 83' lang='lat' dir='ltr'><strong><em>animi</em></strong></span> <span class='ocrx_word' id='word_1_23' title='bbox 350 567 485 618; x_wconf 73' lang='lat' dir='ltr'><em>constans</em></span> <span class='ocrx_word' id='word_1_24' title='bbox 503 559 542 618; x_wconf 75' lang='lat' dir='ltr'><strong><em>acl</em></strong></span> <span class='ocrx_word' id='word_1_25' title='bbox 560 575 651 635; x_wconf 87' lang='lat' dir='ltr'><strong><em>provo</em></strong></span> <span class='ocrx_word' id='word_1_26' title='bbox 670 559 865 635; x_wconf 84' lang='lat' dir='ltr'><strong><em>operandum.</em></strong></span> <span class='ocrx_word' id='word_1_27' title='bbox 878 558 949 617; x_wconf 88' lang='lat' dir='ltr'><strong><em>Hinc</em></strong></span> <span class='ocrx_word' id='word_1_28' title='bbox 963 558 1098 617; x_wconf 80' lang='lat' dir='ltr'><strong><em>villosum</em></strong></span> <span class='ocrx_word' id='word_1_29' title='bbox 1118 575 1176 618; x_wconf 89' lang='lat' dir='ltr'><strong><em>non</em></strong></span> <span class='ocrx_word' id='word_1_30' title='bbox 1192 561 1282 634; x_wconf 81' lang='lat' dir='ltr'><strong><em>orem,</em></strong></span> 
     </span>
     <span class='ocr_line' id='line_1_5' title="bbox 237 640 1285 720; baseline 0.002 -16"><span class='ocrx_word' id='word_1_31' title='bbox 237 645 286 720; x_wconf 84' lang='lat' dir='ltr'><strong><em>qui</em></strong></span> <span class='ocrx_word' id='word_1_32' title='bbox 301 644 389 704; x_wconf 84' lang='lat' dir='ltr'><strong><em>semel</em></strong></span> <span class='ocrx_word' id='word_1_33' title='bbox 410 651 460 702; x_wconf 92' lang='lat' dir='ltr'><strong><em>aut</em></strong></span> <span class='ocrx_word' id='word_1_34' title='bbox 474 643 577 703; x_wconf 89' lang='lat' dir='ltr'><strong><em>iterum</em></strong></span> <span class='ocrx_word' id='word_1_35' title='bbox 594 643 740 718; x_wconf 81' lang='lat' dir='ltr'><strong><em>inopinato</em></strong></span> <span class='ocrx_word' id='word_1_36' title='bbox 755 640 871 719; x_wconf 51' lang='lat' dir='ltr'><strong><em>peccam</em></strong></span> <span class='ocrx_word' id='word_1_37' title='bbox 887 643 938 703; x_wconf 87' lang='lat' dir='ltr'><strong><em>sod</em></strong></span> <span class='ocrx_word' id='word_1_38' title='bbox 952 643 1003 717; x_wconf 86' lang='lat' dir='ltr'><strong><em>qui</em></strong></span> <span class='ocrx_word' id='word_1_39' title='bbox 1016 644 1182 720; x_wconf 78' lang='lat' dir='ltr'><strong><em>frequenter</em></strong></span> <span class='ocrx_word' id='word_1_40' title='bbox 1193 661 1232 705; x_wconf 81' lang='lat' dir='ltr'><strong><em>ex</em></strong></span> <span class='ocrx_word' id='word_1_41' title='bbox 1245 647 1285 706; x_wconf 88' lang='lat' dir='ltr'><strong><em>di·</em></strong></span> 
     </span>
     <span class='ocr_line' id='line_1_6' title="bbox 239 727 800 804; baseline -0.005 -14"><span class='ocrx_word' id='word_1_42' title='bbox 239 729 395 804; x_wconf 83' lang='lat' dir='ltr'><strong><em>opositiono</em></strong></span> <span class='ocrx_word' id='word_1_43' title='bbox 410 728 469 787; x_wconf 86' lang='lat' dir='ltr'><strong><em>iam</em></strong></span> <span class='ocrx_word' id='word_1_44' title='bbox 485 734 630 788; x_wconf 89' lang='lat' dir='ltr'><strong><em>contracta</em></strong></span> <span class='ocrx_word' id='word_1_45' title='bbox 646 727 703 787; x_wconf 87' lang='lat' dir='ltr'><strong><em>labi</em></strong></span> <span class='ocrx_word' id='word_1_46' title='bbox 719 729 800 787; x_wconf 85' lang='lat' dir='ltr'><strong><em>solet.</em></strong></span> 
     </span>
    </p>

    <p class='ocr_par' dir='ltr' id='par_1_3' title="bbox 236 807 1285 1568">
     <span class='ocr_line' id='line_1_7' title="bbox 274 807 1281 888; baseline 0.001 -16"><span class='ocrx_word' id='word_1_47' title='bbox 274 813 318 873; x_wconf 76' lang='lat'><strong><em>45.</em></strong></span> <span class='ocrx_word' id='word_1_48' title='bbox 336 807 404 872; x_wconf 82' lang='lat' dir='ltr'><strong><em>lium</em></strong></span> <span class='ocrx_word' id='word_1_49' title='bbox 420 811 510 872; x_wconf 77' lang='lat' dir='ltr'><strong><em>r‘irtns</em></strong></span> <span class='ocrx_word' id='word_1_50' title='bbox 526 813 556 872; x_wconf 94' lang='lat' dir='ltr'><strong><em>in</em></strong></span> <span class='ocrx_word' id='word_1_51' title='bbox 571 809 625 872; x_wconf 80' lang='lat' dir='ltr'><strong><em>lior</em></strong></span> <span class='ocrx_word' id='word_1_52' title='bbox 640 813 789 886; x_wconf 82' lang='lat' dir='ltr'><strong><em>consistat,</em></strong></span> <span class='ocrx_word' id='word_1_53' title='bbox 806 813 881 888; x_wconf 77' lang='lat' dir='ltr'><strong><em>quod</em></strong></span> <span class='ocrx_word' id='word_1_54' title='bbox 893 810 1226 873; x_wconf 82' lang='lat' dir='ltr'><strong><em>constantersobieotnm</em></strong></span> <span class='ocrx_word' id='word_1_55' title='bbox 1240 813 1281 873; x_wconf 90' lang='lat' dir='ltr'><strong><em>in·</em></strong></span> 
     </span>
     <span class='ocr_line' id='line_1_8' title="bbox 236 891 1282 971; baseline -0.002 -13"><span class='ocrx_word' id='word_1_56' title='bbox 236 891 377 960; x_wconf 79' lang='lat' dir='ltr'><strong><em>nectarae</em></strong></span> <span class='ocrx_word' id='word_1_57' title='bbox 391 893 467 956; x_wconf 84' lang='lat' dir='ltr'><strong><em>reete</em></strong></span> <span class='ocrx_word' id='word_1_58' title='bbox 482 895 677 971; x_wconf 86' lang='lat' dir='ltr'><strong><em>operandnm;</em></strong></span> <span class='ocrx_word' id='word_1_59' title='bbox 696 901 835 956; x_wconf 88' lang='lat' dir='ltr'><strong><em>tolerunt</em></strong></span> <span class='ocrx_word' id='word_1_60' title='bbox 850 897 978 970; x_wconf 77' lang='lat' dir='ltr'><strong><em>virtutes,</em></strong></span> <span class='ocrx_word' id='word_1_61' title='bbox 996 897 1065 970; x_wconf 79' lang='lat' dir='ltr'><strong><em>qtsol</em></strong></span> <span class='ocrx_word' id='word_1_62' title='bbox 1078 901 1145 956; x_wconf 89' lang='lat' dir='ltr'><strong><em>sunt</em></strong></span> <span class='ocrx_word' id='word_1_63' title='bbox 1165 898 1282 956; x_wconf 85' lang='lat' dir='ltr'><strong><em>iaculis·</em></strong></span> 
     </span>
     <span class='ocr_line' id='line_1_9' title="bbox 239 978 1283 1126; baseline -0.002 -83"><span class='ocrx_word' id='word_1_64' title='bbox 239 987 279 1043; x_wconf 86' lang='lat' dir='ltr'><strong><em>tes</em></strong></span> <span class='ocrx_word' id='word_1_65' title='bbox 295 983 368 1126; x_wconf 55' lang='grc' dir='ltr'><strong><em>Ἥκω</em></strong></span> <span class='ocrx_word' id='word_1_66' title='bbox 383 978 419 1040; x_wconf 83' lang='lat' dir='ltr'><strong><em>etti</em></strong></span> <span class='ocrx_word' id='word_1_67' title='bbox 433 983 529 1041; x_wconf 87' lang='lat' dir='ltr'><strong><em>aetum</em></strong></span> <span class='ocrx_word' id='word_1_68' title='bbox 540 983 677 1041; x_wconf 85' lang='lat' dir='ltr'><strong><em>moralem</em></strong></span> <span class='ocrx_word' id='word_1_69' title='bbox 692 979 865 1041; x_wconf 85' lang='lat' dir='ltr'><strong><em>eliciendum</em></strong></span> <span class='ocrx_word' id='word_1_70' title='bbox 877 982 1283 1056; x_wconf 79' lang='lat' dir='ltr'><strong><em>concurrunterusquerespe-</em></strong></span> 
     </span>
     <span class='ocr_line' id='line_1_10' title="bbox 241 1058 1284 1142; baseline -0.001 -15"><span class='ocrx_word' id='word_1_71' title='bbox 241 1079 288 1128; x_wconf 88' lang='lat' dir='ltr'><strong><em>ctu</em></strong></span> <span class='ocrx_word' id='word_1_72' title='bbox 324 1077 377 1126; x_wconf 91' lang='lat' dir='ltr'><strong><em>ene</em></strong></span> <span class='ocrx_word' id='word_1_73' title='bbox 392 1065 505 1142; x_wconf 87' lang='lat' dir='ltr'><strong><em>disponi</em></strong></span> <span class='ocrx_word' id='word_1_74' title='bbox 520 1063 548 1124; x_wconf 84' lang='lat' dir='ltr'><strong><em>ut</em></strong></span> <span class='ocrx_word' id='word_1_75' title='bbox 562 1065 688 1125; x_wconf 86' lang='lat' dir='ltr'><strong><em>ordinari</em></strong></span> <span class='ocrx_word' id='word_1_76' title='bbox 704 1066 830 1141; x_wconf 78' lang='lat' dir='ltr'><strong><em>possunt.</em></strong></span> <span class='ocrx_word' id='word_1_77' title='bbox 847 1058 905 1125; x_wconf 90' lang='lat' dir='ltr'><strong><em>iioe</em></strong></span> <span class='ocrx_word' id='word_1_78' title='bbox 920 1075 996 1140; x_wconf 77' lang='lat' dir='ltr'><strong><em>vero,</em></strong></span> <span class='ocrx_word' id='word_1_79' title='bbox 1012 1069 1045 1124; x_wconf 86' lang='lat' dir='ltr'><strong><em>ut</em></strong></span> <span class='ocrx_word' id='word_1_80' title='bbox 1059 1081 1096 1125; x_wconf 80' lang='lat' dir='ltr'><strong><em>ex</em></strong></span> <span class='ocrx_word' id='word_1_81' title='bbox 1106 1065 1284 1141; x_wconf 85' lang='lat' dir='ltr'><strong><em>supradictis</em></strong></span> 
     </span>
     <span class='ocr_line' id='line_1_11' title="bbox 238 1147 1284 1227; baseline -0.003 -15"><span class='ocrx_word' id='word_1_82' title='bbox 238 1151 331 1226; x_wconf 78' lang='lat' dir='ltr'>colligi</span> <span class='ocrx_word' id='word_1_83' title='bbox 348 1153 448 1227; x_wconf 80' lang='lat' dir='ltr'><strong><em>potest,</em></strong></span> <span class='ocrx_word' id='word_1_84' title='bbox 465 1148 531 1212; x_wconf 87' lang='lat' dir='ltr'><strong><em>sunt</em></strong></span> <span class='ocrx_word' id='word_1_85' title='bbox 545 1147 633 1224; x_wconf 81' lang='lat' dir='ltr'><strong><em>roilo,</em></strong></span> <span class='ocrx_word' id='word_1_86' title='bbox 650 1151 787 1209; x_wconf 87' lang='lat' dir='ltr'><strong><em>uoluntas</em></strong></span> <span class='ocrx_word' id='word_1_87' title='bbox 797 1197 804 1219; x_wconf 91' lang='lat'><em>,</em></span> <span class='ocrx_word' id='word_1_88' title='bbox 816 1150 993 1210; x_wconf 73' lang='lat' dir='ltr'><strong><em>sensibilitas</em></strong></span> <span class='ocrx_word' id='word_1_89' title='bbox 1003 1151 1084 1209; x_wconf 82' lang='lat' dir='ltr'><strong><em>iux&#39;ta</em></strong></span> <span class='ocrx_word' id='word_1_90' title='bbox 1098 1151 1209 1225; x_wconf 84' lang='lat' dir='ltr'><strong><em>partem</em></strong></span> <span class='ocrx_word' id='word_1_91' title='bbox 1224 1158 1284 1210; x_wconf 89' lang='lat' dir='ltr'><strong><em>tum</em></strong></span> 
     </span>
     <span class='ocr_line' id='line_1_12' title="bbox 237 1229 1285 1311; baseline -0.003 -14"><span class='ocrx_word' id='word_1_92' title='bbox 237 1229 416 1297; x_wconf 72' lang='lat' dir='ltr'><strong><em>irascibilem</em></strong></span> <span class='ocrx_word' id='word_1_93' title='bbox 431 1233 490 1294; x_wconf 88' lang='lat' dir='ltr'><strong><em>iuni</em></strong></span> <span class='ocrx_word' id='word_1_94' title='bbox 505 1235 766 1311; x_wconf 78' lang='lat' dir='ltr'><strong><em>coruopiscibilc&#39;m,</em></strong></span> <span class='ocrx_word' id='word_1_95' title='bbox 783 1235 908 1304; x_wconf 81' lang='lat' dir='ltr'><strong><em>Quatuor</em></strong></span> <span class='ocrx_word' id='word_1_96' title='bbox 927 1235 1014 1308; x_wconf 81' lang='lat' dir='ltr'><strong><em>igilur</em></strong></span> <span class='ocrx_word' id='word_1_97' title='bbox 1028 1239 1175 1309; x_wconf 81' lang='lat' dir='ltr'><strong><em>emergent</em></strong></span> <span class='ocrx_word' id='word_1_98' title='bbox 1196 1236 1285 1294; x_wconf 83' lang='lat' dir='ltr'><strong><em>rictu-</em></strong></span> 
     </span>
     <span class='ocr_line' id='line_1_13' title="bbox 238 1317 1285 1396; baseline -0.002 -15"><span class='ocrx_word' id='word_1_99' title='bbox 238 1327 281 1382; x_wconf 88' lang='lat' dir='ltr'><strong><em>tes</em></strong></span> <span class='ocrx_word' id='word_1_100' title='bbox 297 1321 467 1395; x_wconf 76' lang='lat' dir='ltr'><strong><em>primitivae,</em></strong></span> <span class='ocrx_word' id='word_1_101' title='bbox 482 1317 612 1379; x_wconf 79' lang='lat' dir='ltr'><strong><em>tirieiieet</em></strong></span> <span class='ocrx_word' id='word_1_102' title='bbox 626 1319 798 1396; x_wconf 76' lang='lat' dir='ltr'><strong><em>prescientia,</em></strong></span> <span class='ocrx_word' id='word_1_103' title='bbox 820 1319 954 1387; x_wconf 85' lang='lat' dir='ltr'><strong><em>iustitio,</em></strong></span> <span class='ocrx_word' id='word_1_104' title='bbox 971 1319 1116 1393; x_wconf 73' lang='lat' dir='ltr'><strong><em>fortitudo</em></strong></span> <span class='ocrx_word' id='word_1_105' title='bbox 1134 1325 1164 1379; x_wconf 92' lang='lat' dir='ltr'><strong><em>et</em></strong></span> <span class='ocrx_word' id='word_1_106' title='bbox 1185 1325 1285 1396; x_wconf 81' lang='lat' dir='ltr'><strong><em>tempe·</em></strong></span> 
     </span>
     <span class='ocr_line' id='line_1_14' title="bbox 239 1401 1284 1482; baseline -0.002 -15"><span class='ocrx_word' id='word_1_107' title='bbox 239 1406 352 1481; x_wconf 77' lang='lat' dir='ltr'><strong><em>contio,</em></strong></span> <span class='ocrx_word' id='word_1_108' title='bbox 370 1421 443 1482; x_wconf 86' lang='lat' dir='ltr'><strong><em>quae</em></strong></span> <span class='ocrx_word' id='word_1_109' title='bbox 458 1403 617 1466; x_wconf 81' lang='lat' dir='ltr'><strong><em>cardinales</em></strong></span> <span class='ocrx_word' id='word_1_110' title='bbox 632 1403 688 1465; x_wconf 90' lang='lat' dir='ltr'><strong><em>diei</em></strong></span> <span class='ocrx_word' id='word_1_111' title='bbox 704 1401 804 1478; x_wconf 82' lang='lat' dir='ltr'><strong><em>soient,</em></strong></span> <span class='ocrx_word' id='word_1_112' title='bbox 817 1406 887 1464; x_wconf 86' lang='lat' dir='ltr'><strong><em>etad</em></strong></span> <span class='ocrx_word' id='word_1_113' title='bbox 898 1405 1284 1480; x_wconf 80' lang='lat' dir='ltr'><strong><em>quasseteraerirtutesmo</em></strong></span> 
     </span>
     <span class='ocr_line' id='line_1_15' title="bbox 237 1487 879 1568; baseline -0.005 -15"><span class='ocrx_word' id='word_1_114' title='bbox 237 1487 311 1553; x_wconf 88' lang='lat' dir='ltr'><strong><em>ruies</em></strong></span> <span class='ocrx_word' id='word_1_115' title='bbox 324 1495 353 1552; x_wconf 88' lang='lat' dir='ltr'><strong><em>ln</em></strong></span> <span class='ocrx_word' id='word_1_116' title='bbox 370 1503 421 1552; x_wconf 87' lang='lat' dir='ltr'><strong><em>stro</em></strong></span> <span class='ocrx_word' id='word_1_117' title='bbox 437 1507 566 1568; x_wconf 79' lang='lat' dir='ltr'><strong><em>quaeque</em></strong></span> <span class='ocrx_word' id='word_1_118' title='bbox 581 1491 680 1551; x_wconf 87' lang='lat' dir='ltr'><strong><em>ordine</em></strong></span> <span class='ocrx_word' id='word_1_119' title='bbox 695 1493 879 1551; x_wconf 87' lang='lat' dir='ltr'><strong><em>reducuntur.</em></strong></span> 
     </span>
    </p>

    <p class='ocr_par' dir='ltr' id='par_1_4' title="bbox 236 1571 1290 2754">
     <span class='ocr_line' id='line_1_16' title="bbox 274 1571 1284 1652; baseline -0.002 -15"><span class='ocrx_word' id='word_1_120' title='bbox 274 1577 313 1637; x_wconf 87' lang='lat' dir='ltr'><strong><em>Eo</em></strong></span> <span class='ocrx_word' id='word_1_121' title='bbox 330 1577 424 1638; x_wconf 76' lang='lat' dir='ltr'><strong><em>brevis</em></strong></span> <span class='ocrx_word' id='word_1_122' title='bbox 435 1579 533 1636; x_wconf 81' lang='lat' dir='ltr'><strong><em>aaroni</em></strong></span> <span class='ocrx_word' id='word_1_123' title='bbox 548 1577 710 1652; x_wconf 85' lang='lat' dir='ltr'><strong><em>descriptio.</em></strong></span> <span class='ocrx_word' id='word_1_124' title='bbox 728 1573 880 1636; x_wconf 79' lang='lat' dir='ltr'><strong><em>Prudentia</em></strong></span> <span class='ocrx_word' id='word_1_125' title='bbox 890 1571 1002 1636; x_wconf 83' lang='lat' dir='ltr'><strong><em>deliniri</em></strong></span> <span class='ocrx_word' id='word_1_126' title='bbox 1014 1573 1097 1636; x_wconf 88' lang='lat' dir='ltr'><strong><em>solet:</em></strong></span> <span class='ocrx_word' id='word_1_127' title='bbox 1113 1577 1284 1636; x_wconf 78' lang='lat' dir='ltr'><strong><em>remoratio</em></strong></span> 
     </span>
     <span class='ocr_line' id='line_1_17' title="bbox 239 1655 1282 1738; baseline -0.004 -15"><span class='ocrx_word' id='word_1_128' title='bbox 239 1663 407 1738; x_wconf 68' lang='lat' dir='ltr'><strong><em>odibilium,</em></strong></span> <span class='ocrx_word' id='word_1_129' title='bbox 429 1673 478 1722; x_wconf 88' lang='lat' dir='ltr'><strong><em>sen</em></strong></span> <span class='ocrx_word' id='word_1_130' title='bbox 494 1655 609 1722; x_wconf 76' lang='lat' dir='ltr'><strong><em>liabitas</em></strong></span> <span class='ocrx_word' id='word_1_131' title='bbox 624 1661 700 1721; x_wconf 89' lang='lat' dir='ltr'><strong><em>recle</em></strong></span> <span class='ocrx_word' id='word_1_132' title='bbox 715 1659 860 1721; x_wconf 87' lang='lat' dir='ltr'><strong><em>iudicandi</em></strong></span> <span class='ocrx_word' id='word_1_133' title='bbox 874 1661 952 1721; x_wconf 90' lang='lat' dir='ltr'><strong><em>eirea</em></strong></span> <span class='ocrx_word' id='word_1_134' title='bbox 970 1661 1096 1721; x_wconf 84' lang='lat' dir='ltr'><strong><em>actiones</em></strong></span> <span class='ocrx_word' id='word_1_135' title='bbox 1112 1661 1282 1737; x_wconf 79' lang='lat' dir='ltr'><strong><em>peculiares,</em></strong></span> 
     </span>
     <span class='ocr_line' id='line_1_18' title="bbox 239 1743 1287 1822; baseline 0 -17"><span class='ocrx_word' id='word_1_136' title='bbox 239 1761 312 1822; x_wconf 86' lang='lat' dir='ltr'><strong><em>quoe</em></strong></span> <span class='ocrx_word' id='word_1_137' title='bbox 327 1746 422 1806; x_wconf 80' lang='lat' dir='ltr'><strong><em>media</em></strong></span> <span class='ocrx_word' id='word_1_138' title='bbox 437 1743 523 1807; x_wconf 86' lang='lat' dir='ltr'><strong><em>veiuii</em></strong></span> <span class='ocrx_word' id='word_1_139' title='bbox 539 1753 606 1807; x_wconf 88' lang='lat' dir='ltr'><strong><em>sunt</em></strong></span> <span class='ocrx_word' id='word_1_140' title='bbox 621 1743 656 1806; x_wconf 90' lang='lat' dir='ltr'><strong><em>ad</em></strong></span> <span class='ocrx_word' id='word_1_141' title='bbox 671 1745 759 1807; x_wconf 79' lang='lat' dir='ltr'><strong><em>duem</em></strong></span> <span class='ocrx_word' id='word_1_142' title='bbox 780 1745 924 1806; x_wconf 88' lang='lat' dir='ltr'><strong><em>ultimum.</em></strong></span> <span class='ocrx_word' id='word_1_143' title='bbox 944 1747 1053 1806; x_wconf 84' lang='lat' dir='ltr'><strong><em>[licitur</em></strong></span> <span class='ocrx_word' id='word_1_144' title='bbox 1071 1747 1148 1806; x_wconf 90' lang='lat' dir='ltr'><strong><em>circa</em></strong></span> <span class='ocrx_word' id='word_1_145' title='bbox 1161 1744 1287 1805; x_wconf 79' lang='lat' dir='ltr'><strong><em>colunes</em></strong></span> 
     </span>
     <span class='ocr_line' id='line_1_19' title="bbox 236 1827 1286 1910; baseline -0.001 -19"><span class='ocrx_word' id='word_1_146' title='bbox 236 1831 398 1910; x_wconf 86' lang='lat' dir='ltr'><strong><em>peculiares</em></strong></span> <span class='ocrx_word' id='word_1_147' title='bbox 410 1853 419 1905; x_wconf 89' lang='grc'><strong><em>,·</em></strong></span> <span class='ocrx_word' id='word_1_148' title='bbox 434 1835 502 1908; x_wconf 83' lang='lat' dir='ltr'><strong><em>quin</em></strong></span> <span class='ocrx_word' id='word_1_149' title='bbox 516 1839 625 1892; x_wconf 88' lang='lat' dir='ltr'><strong><em>rectum</em></strong></span> <span class='ocrx_word' id='word_1_150' title='bbox 639 1827 779 1892; x_wconf 88' lang='lat' dir='ltr'><strong><em>iudicium</em></strong></span> <span class='ocrx_word' id='word_1_151' title='bbox 794 1833 870 1890; x_wconf 85' lang='lat' dir='ltr'><strong><em>eirca</em></strong></span> <span class='ocrx_word' id='word_1_152' title='bbox 884 1833 1011 1891; x_wconf 87' lang='lat' dir='ltr'><strong><em>notiones</em></strong></span> <span class='ocrx_word' id='word_1_153' title='bbox 1021 1833 1145 1892; x_wconf 85' lang='lat' dir='ltr'><strong><em>morales</em></strong></span> <span class='ocrx_word' id='word_1_154' title='bbox 1161 1833 1191 1891; x_wconf 92' lang='lat' dir='ltr'><strong><em>in</em></strong></span> <span class='ocrx_word' id='word_1_155' title='bbox 1202 1846 1286 1906; x_wconf 80' lang='lat' dir='ltr'><strong><em>gene-</em></strong></span> 
     </span>
     <span class='ocr_line' id='line_1_20' title="bbox 238 1914 1286 1992; baseline 0 -16"><span class='ocrx_word' id='word_1_156' title='bbox 238 1933 271 1976; x_wconf 86' lang='lat' dir='ltr'><strong><em>re</em></strong></span> <span class='ocrx_word' id='word_1_157' title='bbox 285 1917 415 1992; x_wconf 80' lang='lat' dir='ltr'><strong><em>acceptas</em></strong></span> <span class='ocrx_word' id='word_1_158' title='bbox 432 1917 679 1977; x_wconf 88' lang='lat' dir='ltr'><strong><em>determinatuma</em></strong></span> <span class='ocrx_word' id='word_1_159' title='bbox 693 1922 796 1976; x_wconf 87' lang='lat' dir='ltr'><strong><em>natura</em></strong></span> <span class='ocrx_word' id='word_1_160' title='bbox 810 1923 866 1989; x_wconf 81' lang='lat' dir='ltr'><strong><em>ost,</em></strong></span> <span class='ocrx_word' id='word_1_161' title='bbox 883 1924 935 1976; x_wconf 82' lang='lat' dir='ltr'><strong><em>nee</em></strong></span> <span class='ocrx_word' id='word_1_162' title='bbox 950 1914 1059 1991; x_wconf 84' lang='lat' dir='ltr'><strong><em>indiget</em></strong></span> <span class='ocrx_word' id='word_1_163' title='bbox 1078 1914 1228 1992; x_wconf 85' lang='lat' dir='ltr'><strong><em>adeptione</em></strong></span> <span class='ocrx_word' id='word_1_164' title='bbox 1243 1917 1286 1976; x_wconf 91' lang='lat' dir='ltr'><strong><em>ui-</em></strong></span> 
     </span>
     <span class='ocr_line' id='line_1_21' title="bbox 238 1995 1288 2077; baseline 0.001 -17"><span class='ocrx_word' id='word_1_165' title='bbox 238 2000 296 2060; x_wconf 89' lang='lat' dir='ltr'><strong><em>lius</em></strong></span> <span class='ocrx_word' id='word_1_166' title='bbox 311 1996 434 2077; x_wconf 84' lang='lat' dir='ltr'><strong><em>habitus,</em></strong></span> <span class='ocrx_word' id='word_1_167' title='bbox 451 2017 507 2077; x_wconf 86' lang='lat' dir='ltr'><strong><em>quo</em></strong></span> <span class='ocrx_word' id='word_1_168' title='bbox 526 2014 608 2062; x_wconf 87' lang='lat' dir='ltr'><strong><em>mens</em></strong></span> <span class='ocrx_word' id='word_1_169' title='bbox 623 1998 659 2060; x_wconf 85' lang='lat' dir='ltr'><strong><em>ad</em></strong></span> <span class='ocrx_word' id='word_1_170' title='bbox 673 1995 744 2061; x_wconf 91' lang='lat' dir='ltr'><strong><em>iilud</em></strong></span> <span class='ocrx_word' id='word_1_171' title='bbox 758 1999 963 2076; x_wconf 79' lang='lat' dir='ltr'><strong><em>proferendum</em></strong></span> <span class='ocrx_word' id='word_1_172' title='bbox 981 1995 1143 2060; x_wconf 83' lang='lat' dir='ltr'><strong><em>inclinetur.</em></strong></span> <span class='ocrx_word' id='word_1_173' title='bbox 1160 1995 1239 2070; x_wconf 78' lang='lat' dir='ltr'><strong><em>Quod</em></strong></span> <span class='ocrx_word' id='word_1_174' title='bbox 1263 2003 1288 2061; x_wconf 90' lang='lat' dir='ltr'><strong><em>si</em></strong></span> 
     </span>
     <span class='ocr_line' id='line_1_22' title="bbox 237 2079 1288 2160; baseline 0 -15"><span class='ocrx_word' id='word_1_175' title='bbox 237 2083 344 2145; x_wconf 77' lang='lat' dir='ltr'><strong><em>iudiciis</em></strong></span> <span class='ocrx_word' id='word_1_176' title='bbox 358 2079 407 2144; x_wconf 86' lang='lat' dir='ltr'><strong><em>iliu</em></strong></span> <span class='ocrx_word' id='word_1_177' title='bbox 422 2085 566 2159; x_wconf 78' lang='lat' dir='ltr'><strong><em>generalia</em></strong></span> <span class='ocrx_word' id='word_1_178' title='bbox 589 2091 770 2160; x_wconf 83' lang='lat' dir='ltr'><strong><em>spectentur,</em></strong></span> <span class='ocrx_word' id='word_1_179' title='bbox 788 2087 861 2160; x_wconf 78' lang='lat' dir='ltr'><strong><em>dirae</em></strong></span> <span class='ocrx_word' id='word_1_180' title='bbox 877 2092 928 2160; x_wconf 84' lang='lat' dir='ltr'><strong><em>per</em></strong></span> <span class='ocrx_word' id='word_1_181' title='bbox 942 2096 973 2144; x_wconf 88' lang='lat' dir='ltr'><strong><em>se</em></strong></span> <span class='ocrx_word' id='word_1_182' title='bbox 987 2100 1046 2144; x_wconf 90' lang='lat' dir='ltr'><strong><em>nou</em></strong></span> <span class='ocrx_word' id='word_1_183' title='bbox 1059 2089 1158 2160; x_wconf 84' lang='lat' dir='ltr'><strong><em>patent</em></strong></span> <span class='ocrx_word' id='word_1_184' title='bbox 1171 2085 1221 2145; x_wconf 85' lang='lat' dir='ltr'><strong><em>sed</em></strong></span> <span class='ocrx_word' id='word_1_185' title='bbox 1241 2099 1288 2160; x_wconf 82' lang='lat' dir='ltr'><strong><em>po</em></strong></span> 
     </span>
     <span class='ocr_line' id='line_1_23' title="bbox 239 2163 1287 2246; baseline 0.001 -16"><span class='ocrx_word' id='word_1_186' title='bbox 239 2169 296 2230; x_wconf 85' lang='lat' dir='ltr'><strong><em>tius</em></strong></span> <span class='ocrx_word' id='word_1_187' title='bbox 310 2163 392 2230; x_wconf 86' lang='lat' dir='ltr'><strong><em>vaide</em></strong></span> <span class='ocrx_word' id='word_1_188' title='bbox 406 2171 541 2230; x_wconf 86' lang='lat' dir='ltr'><strong><em>subtilem</em></strong></span> <span class='ocrx_word' id='word_1_189' title='bbox 555 2171 803 2230; x_wconf 80' lang='lat' dir='ltr'><strong><em>ratiocinationem</em></strong></span> <span class='ocrx_word' id='word_1_190' title='bbox 818 2171 992 2246; x_wconf 81' lang='lat' dir='ltr'><strong><em>exquirunt3</em></strong></span> <span class='ocrx_word' id='word_1_191' title='bbox 1010 2169 1081 2230; x_wconf 88' lang='lat' dir='ltr'><strong><em>haec</em></strong></span> <span class='ocrx_word' id='word_1_192' title='bbox 1096 2171 1226 2245; x_wconf 82' lang='lat' dir='ltr'><strong><em>quamvis</em></strong></span> <span class='ocrx_word' id='word_1_193' title='bbox 1236 2172 1287 2231; x_wconf 91' lang='lat' dir='ltr'><strong><em>ha·</em></strong></span> 
     </span>
     <span class='ocr_line' id='line_1_24' title="bbox 238 2251 1285 2331; baseline 0.003 -17"><span class='ocrx_word' id='word_1_194' title='bbox 238 2251 330 2314; x_wconf 90' lang='lat' dir='ltr'><strong><em>hilum</em></strong></span> <span class='ocrx_word' id='word_1_195' title='bbox 346 2255 486 2330; x_wconf 84' lang='lat' dir='ltr'><strong><em>postulent</em></strong></span> <span class='ocrx_word' id='word_1_196' title='bbox 501 2269 532 2318; x_wconf 91' lang='lat' dir='ltr'><strong><em>ut</em></strong></span> <span class='ocrx_word' id='word_1_197' title='bbox 547 2253 669 2315; x_wconf 88' lang='lat' dir='ltr'><strong><em>iueiiitor</em></strong></span> <span class='ocrx_word' id='word_1_198' title='bbox 683 2257 823 2331; x_wconf 81' lang='lat' dir='ltr'><strong><em>pleneque</em></strong></span> <span class='ocrx_word' id='word_1_199' title='bbox 843 2257 980 2330; x_wconf 83' lang='lat' dir='ltr'><strong><em>terantur,</em></strong></span> <span class='ocrx_word' id='word_1_200' title='bbox 1002 2262 1097 2316; x_wconf 85' lang='lat' dir='ltr'><strong><em>tamea</em></strong></span> <span class='ocrx_word' id='word_1_201' title='bbox 1112 2259 1137 2317; x_wconf 88' lang='lat' dir='ltr'><strong><em>is</em></strong></span> <span class='ocrx_word' id='word_1_202' title='bbox 1154 2273 1213 2317; x_wconf 90' lang='lat' dir='ltr'><strong><em>noo</em></strong></span> <span class='ocrx_word' id='word_1_203' title='bbox 1226 2259 1285 2317; x_wconf 81' lang='lat' dir='ltr'><strong><em>vir-</em></strong></span> 
     </span>
     <span class='ocr_line' id='line_1_25' title="bbox 239 2335 1288 2401; baseline 0.001 -1"><span class='ocrx_word' id='word_1_204' title='bbox 239 2343 328 2400; x_wconf 92' lang='lat' dir='ltr'><strong><em>tutem</em></strong></span> <span class='ocrx_word' id='word_1_205' title='bbox 346 2335 484 2399; x_wconf 87' lang='lat' dir='ltr'><strong><em>moralem</em></strong></span> <span class='ocrx_word' id='word_1_206' title='bbox 506 2335 555 2400; x_wconf 80' lang='lat' dir='ltr'><strong><em>soti</em></strong></span> <span class='ocrx_word' id='word_1_207' title='bbox 581 2337 731 2400; x_wconf 85' lang='lat' dir='ltr'><strong><em>seientiam</em></strong></span> <span class='ocrx_word' id='word_1_208' title='bbox 752 2341 909 2400; x_wconf 87' lang='lat' dir='ltr'><strong><em>constituit.</em></strong></span> <span class='ocrx_word' id='word_1_209' title='bbox 932 2337 1020 2400; x_wconf 84' lang='lat' dir='ltr'><strong><em>riores</em></strong></span> <span class='ocrx_word' id='word_1_210' title='bbox 1035 2342 1114 2401; x_wconf 89' lang='lat' dir='ltr'><strong><em>enim</em></strong></span> <span class='ocrx_word' id='word_1_211' title='bbox 1129 2341 1158 2401; x_wconf 91' lang='lat' dir='ltr'><strong><em>io</em></strong></span> <span class='ocrx_word' id='word_1_212' title='bbox 1175 2341 1288 2401; x_wconf 83' lang='lat' dir='ltr'><strong><em>actibus</em></strong></span> 
     </span>
     <span class='ocr_line' id='line_1_26' title="bbox 239 2421 1288 2486; baseline 0.002 -2"><span class='ocrx_word' id='word_1_213' title='bbox 239 2425 379 2484; x_wconf 86' lang='lat' dir='ltr'><strong><em>concretis</em></strong></span> <span class='ocrx_word' id='word_1_214' title='bbox 393 2427 421 2484; x_wconf 92' lang='lat' dir='ltr'><strong><em>et</em></strong></span> <span class='ocrx_word' id='word_1_215' title='bbox 435 2421 590 2484; x_wconf 78' lang='lat' dir='ltr'><strong><em>indiririuis</em></strong></span> <span class='ocrx_word' id='word_1_216' title='bbox 603 2431 703 2484; x_wconf 77' lang='lat' dir='ltr'><strong><em>resera</em></strong></span> <span class='ocrx_word' id='word_1_217' title='bbox 717 2430 888 2484; x_wconf 81' lang='lat' dir='ltr'><strong><em>eernrrntur.</em></strong></span> <span class='ocrx_word' id='word_1_218' title='bbox 905 2423 1112 2486; x_wconf 78' lang='lat' dir='ltr'><strong><em>invertendum</em></strong></span> <span class='ocrx_word' id='word_1_219' title='bbox 1136 2427 1224 2486; x_wconf 89' lang='lat' dir='ltr'><strong><em>etiam</em></strong></span> <span class='ocrx_word' id='word_1_220' title='bbox 1238 2424 1288 2486; x_wconf 85' lang='lat' dir='ltr'><strong><em>iric</em></strong></span> 
     </span>
     <span class='ocr_line' id='line_1_27' title="bbox 239 2508 1288 2585; baseline 0.001 -17"><span class='ocrx_word' id='word_1_221' title='bbox 239 2514 291 2582; x_wconf 87' lang='lat' dir='ltr'><strong><em>est,</em></strong></span> <span class='ocrx_word' id='word_1_222' title='bbox 309 2509 488 2584; x_wconf 85' lang='lat' dir='ltr'><strong><em>prudentiam</em></strong></span> <span class='ocrx_word' id='word_1_223' title='bbox 503 2511 533 2569; x_wconf 89' lang='lat' dir='ltr'><strong><em>in</em></strong></span> <span class='ocrx_word' id='word_1_224' title='bbox 543 2511 675 2569; x_wconf 88' lang='lat' dir='ltr'><strong><em>astutiam</em></strong></span> <span class='ocrx_word' id='word_1_225' title='bbox 686 2515 715 2569; x_wconf 89' lang='lat' dir='ltr'><strong><em>et</em></strong></span> <span class='ocrx_word' id='word_1_226' title='bbox 725 2508 910 2568; x_wconf 86' lang='lat' dir='ltr'><strong><em>calliditatem</em></strong></span> <span class='ocrx_word' id='word_1_227' title='bbox 918 2510 1092 2584; x_wconf 83' lang='lat' dir='ltr'><strong><em>degenerare</em></strong></span> <span class='ocrx_word' id='word_1_228' title='bbox 1106 2522 1205 2585; x_wconf 82' lang='lat' dir='ltr'><strong><em>posse3</em></strong></span> <span class='ocrx_word' id='word_1_229' title='bbox 1218 2525 1288 2570; x_wconf 92' lang='lat' dir='ltr'><strong><em>cum</em></strong></span> 
     </span>
     <span class='ocr_line' id='line_1_28' title="bbox 238 2586 1290 2671; baseline 0.003 -18"><span class='ocrx_word' id='word_1_230' title='bbox 238 2602 341 2670; x_wconf 87' lang='lat' dir='ltr'><strong><em>nempe</em></strong></span> <span class='ocrx_word' id='word_1_231' title='bbox 357 2592 422 2654; x_wconf 86' lang='lat' dir='ltr'><strong><em>linis</em></strong></span> <span class='ocrx_word' id='word_1_232' title='bbox 437 2595 615 2669; x_wconf 81' lang='lat' dir='ltr'><strong><em>peruertitur,</em></strong></span> <span class='ocrx_word' id='word_1_233' title='bbox 630 2607 664 2654; x_wconf 87' lang='lat' dir='ltr'><strong><em>ae</em></strong></span> <span class='ocrx_word' id='word_1_234' title='bbox 678 2595 834 2654; x_wconf 75' lang='lat' dir='ltr'><strong><em>dexteritas·</em></strong></span> <span class='ocrx_word' id='word_1_235' title='bbox 848 2590 898 2654; x_wconf 87' lang='lat' dir='ltr'><strong><em>iiia</em></strong></span> <span class='ocrx_word' id='word_1_236' title='bbox 919 2592 1066 2656; x_wconf 84' lang='lat' dir='ltr'><strong><em>iudicandi</em></strong></span> <span class='ocrx_word' id='word_1_237' title='bbox 1080 2608 1138 2655; x_wconf 91' lang='lat' dir='ltr'><strong><em>non</em></strong></span> <span class='ocrx_word' id='word_1_238' title='bbox 1156 2586 1216 2655; x_wconf 88' lang='lat' dir='ltr'><strong><em>iam</em></strong></span> <span class='ocrx_word' id='word_1_239' title='bbox 1237 2612 1290 2671; x_wconf 86' lang='lat' dir='ltr'><strong><em>pro</em></strong></span> 
     </span>
     <span class='ocr_line' id='line_1_29' title="bbox 239 2675 753 2754; baseline 0.004 -18"><span class='ocrx_word' id='word_1_240' title='bbox 239 2675 357 2739; x_wconf 85' lang='lat' dir='ltr'><strong><em>honesto</em></strong></span> <span class='ocrx_word' id='word_1_241' title='bbox 371 2675 421 2740; x_wconf 85' lang='lat' dir='ltr'><strong><em>sed</em></strong></span> <span class='ocrx_word' id='word_1_242' title='bbox 437 2693 487 2754; x_wconf 89' lang='lat' dir='ltr'><strong><em>pro</em></strong></span> <span class='ocrx_word' id='word_1_243' title='bbox 503 2679 578 2754; x_wconf 83' lang='lat' dir='ltr'><strong><em>turpi</em></strong></span> <span class='ocrx_word' id='word_1_244' title='bbox 593 2679 753 2738; x_wconf 82' lang='lat' dir='ltr'><strong><em>adiribetur.</em></strong></span> 
     </span>
    </p>

    <p class='ocr_par' dir='ltr' id='par_1_5' title="bbox 237 2759 1290 3430">
     <span class='ocr_line' id='line_1_30' title="bbox 275 2759 1286 2826; baseline 0.002 -3"><span class='ocrx_word' id='word_1_245' title='bbox 275 2761 383 2824; x_wconf 87' lang='lat' dir='ltr'><strong><em>iustitia</em></strong></span> <span class='ocrx_word' id='word_1_246' title='bbox 398 2759 561 2824; x_wconf 85' lang='lat' dir='ltr'><strong><em>immediato</em></strong></span> <span class='ocrx_word' id='word_1_247' title='bbox 577 2762 667 2823; x_wconf 84' lang='lat' dir='ltr'><strong><em>aissoit</em></strong></span> <span class='ocrx_word' id='word_1_248' title='bbox 682 2763 856 2823; x_wconf 84' lang='lat' dir='ltr'><strong><em>volontatem</em></strong></span> <span class='ocrx_word' id='word_1_249' title='bbox 870 2765 1206 2826; x_wconf 86' lang='lat' dir='ltr'><strong><em>etconsistitlncostonti</em></strong></span> <span class='ocrx_word' id='word_1_250' title='bbox 1216 2767 1286 2825; x_wconf 88' lang='lat' dir='ltr'><strong><em>ani·</em></strong></span> 
     </span>
     <span class='ocr_line' id='line_1_31' title="bbox 237 2847 1285 2924; baseline 0.003 -18"><span class='ocrx_word' id='word_1_251' title='bbox 237 2847 475 2924; x_wconf 85' lang='lat' dir='ltr'><strong><em>midisposlttortc</em></strong></span> <span class='ocrx_word' id='word_1_252' title='bbox 490 2850 538 2908; x_wconf 89' lang='lat' dir='ltr'><strong><em>ius</em></strong></span> <span class='ocrx_word' id='word_1_253' title='bbox 552 2863 644 2907; x_wconf 86' lang='lat' dir='ltr'><strong><em>suom</em></strong></span> <span class='ocrx_word' id='word_1_254' title='bbox 654 2850 761 2924; x_wconf 80' lang='lat' dir='ltr'><strong><em>cuique</em></strong></span> <span class='ocrx_word' id='word_1_255' title='bbox 776 2849 934 2909; x_wconf 80' lang='lat' dir='ltr'><strong><em>tribuendi.</em></strong></span> <span class='ocrx_word' id='word_1_256' title='bbox 950 2851 1008 2910; x_wconf 87' lang='lat' dir='ltr'><strong><em>Hoc</em></strong></span> <span class='ocrx_word' id='word_1_257' title='bbox 1029 2867 1115 2910; x_wconf 88' lang='lat' dir='ltr'><strong><em>sensu</em></strong></span> <span class='ocrx_word' id='word_1_258' title='bbox 1129 2854 1160 2909; x_wconf 91' lang='lat' dir='ltr'><strong><em>ut</em></strong></span> <span class='ocrx_word' id='word_1_259' title='bbox 1175 2851 1285 2924; x_wconf 85' lang='lat' dir='ltr'><strong><em>specia-</em></strong></span> 
     </span>
     <span class='ocr_line' id='line_1_32' title="bbox 240 2933 1289 3009; baseline 0.001 -17"><span class='ocrx_word' id='word_1_260' title='bbox 240 2933 276 2992; x_wconf 89' lang='lat' dir='ltr'><strong><em>lis</em></strong></span> <span class='ocrx_word' id='word_1_261' title='bbox 291 2933 432 3008; x_wconf 81' lang='lat' dir='ltr'><strong><em>quaedum</em></strong></span> <span class='ocrx_word' id='word_1_262' title='bbox 456 2933 546 2992; x_wconf 83' lang='lat' dir='ltr'><strong><em>rinus</em></strong></span> <span class='ocrx_word' id='word_1_263' title='bbox 565 2933 704 3008; x_wconf 87' lang='lat' dir='ltr'><strong><em>accipitur</em></strong></span> <span class='ocrx_word' id='word_1_264' title='bbox 727 2933 896 2993; x_wconf 85' lang='lat' dir='ltr'><strong><em>rationalem</em></strong></span> <span class='ocrx_word' id='word_1_265' title='bbox 911 2935 1067 3009; x_wconf 83' lang='lat' dir='ltr'><strong><em>appetitum</em></strong></span> <span class='ocrx_word' id='word_1_266' title='bbox 1087 2935 1229 2993; x_wconf 86' lang='lat' dir='ltr'><strong><em>inclinans</em></strong></span> <span class='ocrx_word' id='word_1_267' title='bbox 1252 2935 1289 2993; x_wconf 86' lang='lat' dir='ltr'><strong><em>ad</em></strong></span> 
     </span>
     <span class='ocr_line' id='line_1_33' title="bbox 238 3017 1290 3094; baseline 0.004 -20"><span class='ocrx_word' id='word_1_268' title='bbox 238 3017 410 3092; x_wconf 82' lang='lat' dir='ltr'><strong><em>praestanda</em></strong></span> <span class='ocrx_word' id='word_1_269' title='bbox 429 3033 463 3076; x_wconf 92' lang='lat' dir='ltr'><strong><em>ea</em></strong></span> <span class='ocrx_word' id='word_1_270' title='bbox 478 3030 551 3092; x_wconf 88' lang='lat' dir='ltr'><strong><em>quae</em></strong></span> <span class='ocrx_word' id='word_1_271' title='bbox 565 3019 637 3076; x_wconf 88' lang='lat' dir='ltr'><strong><em>ratio</em></strong></span> <span class='ocrx_word' id='word_1_272' title='bbox 652 3017 821 3093; x_wconf 88' lang='lat' dir='ltr'><strong><em>praescribit</em></strong></span> <span class='ocrx_word' id='word_1_273' title='bbox 836 3025 981 3094; x_wconf 83' lang='lat' dir='ltr'><strong><em>tamquam</em></strong></span> <span class='ocrx_word' id='word_1_274' title='bbox 997 3019 1078 3078; x_wconf 88' lang='lat' dir='ltr'><strong><em>alteri</em></strong></span> <span class='ocrx_word' id='word_1_275' title='bbox 1093 3017 1190 3078; x_wconf 82' lang='lat' dir='ltr'><strong><em>dehita</em></strong></span> <span class='ocrx_word' id='word_1_276' title='bbox 1204 3019 1290 3078; x_wconf 73' lang='lat' dir='ltr'><strong><em>iuxta</em></strong></span> 
     </span>
     <span class='ocr_line' id='line_1_34' title="bbox 239 3101 1290 3177; baseline 0.001 -17"><span class='ocrx_word' id='word_1_277' title='bbox 239 3101 439 3176; x_wconf 83' lang='lat' dir='ltr'><strong><em>aequalitatem</em></strong></span> <span class='ocrx_word' id='word_1_278' title='bbox 454 3101 498 3160; x_wconf 86' lang='lat' dir='ltr'><strong><em>rei</em></strong></span> <span class='ocrx_word' id='word_1_279' title='bbox 512 3101 733 3177; x_wconf 89' lang='lat' dir='ltr'><strong><em>proportionem.</em></strong></span> <span class='ocrx_word' id='word_1_280' title='bbox 752 3102 860 3161; x_wconf 80' lang='lat' dir='ltr'><strong><em>tiamsi</em></strong></span> <span class='ocrx_word' id='word_1_281' title='bbox 875 3101 960 3161; x_wconf 88' lang='lat' dir='ltr'><strong><em>latius</em></strong></span> <span class='ocrx_word' id='word_1_282' title='bbox 976 3103 1051 3161; x_wconf 90' lang='lat' dir='ltr'><strong><em>sumi</em></strong></span> <span class='ocrx_word' id='word_1_283' title='bbox 1061 3102 1147 3161; x_wconf 85' lang='lat' dir='ltr'><strong><em>vellet</em></strong></span> <span class='ocrx_word' id='word_1_284' title='bbox 1158 3117 1210 3177; x_wconf 92' lang='lat' dir='ltr'><strong><em>pro</em></strong></span> <span class='ocrx_word' id='word_1_285' title='bbox 1220 3117 1290 3162; x_wconf 90' lang='lat' dir='ltr'><strong><em>eon·</em></strong></span> 
     </span>
     <span class='ocr_line' id='line_1_35' title="bbox 242 3183 1288 3262; baseline 0 -16"><span class='ocrx_word' id='word_1_286' title='bbox 242 3187 329 3246; x_wconf 85' lang='lat' dir='ltr'><strong><em>stanti</em></strong></span> <span class='ocrx_word' id='word_1_287' title='bbox 344 3183 489 3245; x_wconf 75' lang='lat' dir='ltr'><strong><em>voluntate</em></strong></span> <span class='ocrx_word' id='word_1_288' title='bbox 500 3187 602 3260; x_wconf 79' lang='lat' dir='ltr'><strong><em>agendi</em></strong></span> <span class='ocrx_word' id='word_1_289' title='bbox 617 3187 700 3246; x_wconf 77' lang='lat' dir='ltr'><strong><em>iuxta</em></strong></span> <span class='ocrx_word' id='word_1_290' title='bbox 713 3185 843 3245; x_wconf 86' lang='lat' dir='ltr'><strong><em>ordinem</em></strong></span> <span class='ocrx_word' id='word_1_291' title='bbox 855 3201 873 3245; x_wconf 88' lang='lat' dir='ltr'><strong><em>a</em></strong></span> <span class='ocrx_word' id='word_1_292' title='bbox 884 3194 961 3247; x_wconf 90' lang='lat' dir='ltr'><strong><em>recta</em></strong></span> <span class='ocrx_word' id='word_1_293' title='bbox 974 3187 1085 3246; x_wconf 87' lang='lat' dir='ltr'><strong><em>ratione</em></strong></span> <span class='ocrx_word' id='word_1_294' title='bbox 1095 3189 1288 3262; x_wconf 64' lang='lat' dir='ltr'><strong><em>propositumt</em></strong></span> 
     </span>
     <span class='ocr_line' id='line_1_36' title="bbox 239 3264 1290 3348; baseline 0.004 -19"><span class='ocrx_word' id='word_1_295' title='bbox 239 3269 402 3344; x_wconf 79' lang='lat' dir='ltr'><strong><em>&#39;generalem</em></strong></span> <span class='ocrx_word' id='word_1_296' title='bbox 418 3265 571 3345; x_wconf 83' lang='lat' dir='ltr'><strong><em>quamdam</em></strong></span> <span class='ocrx_word' id='word_1_297' title='bbox 586 3271 721 3332; x_wconf 88' lang='lat' dir='ltr'><strong><em>virtutem</em></strong></span> <span class='ocrx_word' id='word_1_298' title='bbox 740 3264 924 3331; x_wconf 85' lang='lat' dir='ltr'><strong><em>constitueret</em></strong></span> <span class='ocrx_word' id='word_1_299' title='bbox 934 3285 1039 3348; x_wconf 83' lang='lat' dir='ltr'><strong><em>‚quae</em></strong></span> <span class='ocrx_word' id='word_1_300' title='bbox 1059 3276 1167 3332; x_wconf 87' lang='lat' dir='ltr'><strong><em>ceteras</em></strong></span> <span class='ocrx_word' id='word_1_301' title='bbox 1186 3287 1290 3334; x_wconf 85' lang='lat' dir='ltr'><strong><em>omnes</em></strong></span> 
     </span>
     <span class='ocr_line' id='line_1_37' title="bbox 239 3355 597 3430; baseline 0 -16"><span class='ocrx_word' id='word_1_302' title='bbox 239 3355 294 3415; x_wconf 84' lang='lat' dir='ltr'><strong><em>suit</em></strong></span> <span class='ocrx_word' id='word_1_303' title='bbox 309 3368 340 3415; x_wconf 89' lang='lat' dir='ltr'><strong><em>so</em></strong></span> <span class='ocrx_word' id='word_1_304' title='bbox 355 3355 553 3430; x_wconf 74' lang='lat' dir='ltr'><strong><em>complectere</em></strong></span> <span class='ocrx_word' id='word_1_305' title='bbox 555 3370 597 3415; x_wconf 87' lang='lat' dir='ltr'><strong><em>ur</em></strong></span> 
     </span>
    </p>

    <p class='ocr_par' dir='ltr' id='par_1_6' title="bbox 274 3431 1293 3520">
     <span class='ocr_line' id='line_1_38' title="bbox 274 3431 1293 3520; baseline 0.003 -21"><span class='ocrx_word' id='word_1_306' title='bbox 274 3431 416 3500; x_wconf 85' lang='lat' dir='ltr'><strong><em>Fortitudo</em></strong></span> <span class='ocrx_word' id='word_1_307' title='bbox 431 3445 474 3498; x_wconf 88' lang='lat' dir='ltr'><strong><em>ost</em></strong></span> <span class='ocrx_word' id='word_1_308' title='bbox 488 3437 1067 3519; x_wconf 78' lang='lat' dir='ltr'><strong><em>cominorotopcrtcoioromsusecptioct</em></strong></span> <span class='ocrx_word' id='word_1_309' title='bbox 1076 3438 1293 3520; x_wconf 83' lang='lat' dir='ltr'><strong><em>tolornmpor-</em></strong></span> 
     </span>
    </p>
   </div>
   <div class='ocr_carea' id='block_1_3' title="bbox 237 3519 1296 3861">
    <p class='ocr_par' dir='ltr' id='par_1_7' title="bbox 237 3519 1296 3861">
     <span class='ocr_line' id='line_1_39' title="bbox 237 3519 1294 3606; baseline 0.003 -17"><span class='ocrx_word' id='word_1_310' title='bbox 237 3529 339 3606; x_wconf 77' lang='lat' dir='ltr'><strong><em>passio.</em></strong></span> <span class='ocrx_word' id='word_1_311' title='bbox 357 3519 419 3590; x_wconf 90' lang='lat' dir='ltr'><strong><em>iit·</em></strong></span> <span class='ocrx_word' id='word_1_312' title='bbox 404 3525 500 3602; x_wconf 85' lang='lat' dir='ltr'><strong><em>clarel,</em></strong></span> <span class='ocrx_word' id='word_1_313' title='bbox 521 3525 647 3590; x_wconf 86' lang='lat' dir='ltr'><strong><em>modium</em></strong></span> <span class='ocrx_word' id='word_1_314' title='bbox 665 3535 786 3606; x_wconf 86' lang='lat' dir='ltr'><strong><em>occupat</em></strong></span> <span class='ocrx_word' id='word_1_315' title='bbox 803 3531 878 3591; x_wconf 83' lang='lat' dir='ltr'><strong><em>inle&#39;r</em></strong></span> <span class='ocrx_word' id='word_1_316' title='bbox 894 3532 1074 3592; x_wconf 84' lang='lat' dir='ltr'><strong><em>timiditatem</em></strong></span> <span class='ocrx_word' id='word_1_317' title='bbox 1094 3537 1122 3591; x_wconf 89' lang='lat' dir='ltr'><strong><em>ot</em></strong></span> <span class='ocrx_word' id='word_1_318' title='bbox 1144 3533 1294 3592; x_wconf 84' lang='lat' dir='ltr'><strong><em>temerita-</em></strong></span> 
     </span>
     <span class='ocr_line' id='line_1_40' title="bbox 240 3611 1294 3693; baseline 0.003 -20"><span class='ocrx_word' id='word_1_319' title='bbox 240 3619 314 3673; x_wconf 88' lang='lat' dir='ltr'><strong><em>lein·</em></strong></span> <span class='ocrx_word' id='word_1_320' title='bbox 332 3625 454 3691; x_wconf 81' lang='lat' dir='ltr'><strong><em>qrrnrnm</em></strong></span> <span class='ocrx_word' id='word_1_321' title='bbox 469 3614 557 3674; x_wconf 86' lang='lat' dir='ltr'><strong><em>altera</em></strong></span> <span class='ocrx_word' id='word_1_322' title='bbox 572 3627 621 3690; x_wconf 89' lang='lat' dir='ltr'><strong><em>per</em></strong></span> <span class='ocrx_word' id='word_1_323' title='bbox 636 3611 787 3690; x_wconf 87' lang='lat' dir='ltr'><strong><em>delectum</em></strong></span> <span class='ocrx_word' id='word_1_324' title='bbox 804 3614 895 3676; x_wconf 86' lang='lat' dir='ltr'><strong><em>altera</em></strong></span> <span class='ocrx_word' id='word_1_325' title='bbox 908 3627 960 3693; x_wconf 87' lang='lat' dir='ltr'><strong><em>per</em></strong></span> <span class='ocrx_word' id='word_1_326' title='bbox 974 3632 1123 3676; x_wconf 79' lang='lat' dir='ltr'><strong><em>excessum</em></strong></span> <span class='ocrx_word' id='word_1_327' title='bbox 1134 3614 1229 3675; x_wconf 88' lang='lat' dir='ltr'><strong><em>eidem</em></strong></span> <span class='ocrx_word' id='word_1_328' title='bbox 1241 3634 1294 3691; x_wconf 80' lang='lat' dir='ltr'><strong><em>op</em></strong></span> 
     </span>
     <span class='ocr_line' id='line_1_41' title="bbox 238 3661 1295 3776; baseline 0.006 -20"><span class='ocrx_word' id='word_1_329' title='bbox 238 3661 368 3772; x_wconf 81' lang='lat' dir='ltr'><strong><em>poniiur3</em></strong></span> <span class='ocrx_word' id='word_1_330' title='bbox 393 3703 421 3759; x_wconf 91' lang='lat' dir='ltr'><strong><em>et</em></strong></span> <span class='ocrx_word' id='word_1_331' title='bbox 436 3699 477 3758; x_wconf 80' lang='lat' dir='ltr'><strong><em>sie</em></strong></span> <span class='ocrx_word' id='word_1_332' title='bbox 491 3703 572 3775; x_wconf 80' lang='lat' dir='ltr'><strong><em>utrmi</em></strong></span> <span class='ocrx_word' id='word_1_333' title='bbox 577 3707 611 3760; x_wconf 91' lang='lat' dir='ltr'><strong><em>ne</em></strong></span> <span class='ocrx_word' id='word_1_334' title='bbox 631 3694 738 3760; x_wconf 86' lang='lat' dir='ltr'><strong><em>recedit</em></strong></span> <span class='ocrx_word' id='word_1_335' title='bbox 757 3710 774 3759; x_wconf 85' lang='lat' dir='ltr'><strong><em>a</em></strong></span> <span class='ocrx_word' id='word_1_336' title='bbox 793 3715 894 3761; x_wconf 88' lang='lat' dir='ltr'><strong><em>norma</em></strong></span> <span class='ocrx_word' id='word_1_337' title='bbox 913 3700 1041 3776; x_wconf 85' lang='lat' dir='ltr'><strong><em>rationis</em></strong></span> <span class='ocrx_word' id='word_1_338' title='bbox 1064 3703 1110 3762; x_wconf 89' lang='lat' dir='ltr'><strong><em>oui</em></strong></span> <span class='ocrx_word' id='word_1_339' title='bbox 1131 3701 1295 3776; x_wconf 81' lang='lat' dir='ltr'><strong><em>adaequari</em></strong></span> 
     </span>
     <span class='ocr_line' id='line_1_42' title="bbox 238 3703 1296 3861; baseline 0.007 -22"><span class='ocrx_word' id='word_1_340' title='bbox 238 3781 357 3842; x_wconf 78' lang='lat' dir='ltr'><strong><em>uirtutes</em></strong></span> <span class='ocrx_word' id='word_1_341' title='bbox 371 3783 475 3844; x_wconf 88' lang='lat' dir='ltr'><strong><em>dehent</em></strong></span> <span class='ocrx_word' id='word_1_342' title='bbox 485 3785 554 3858; x_wconf 73' lang='lat' dir='ltr'><strong><em>nstin</em></strong></span> <span class='ocrx_word' id='word_1_343' title='bbox 557 3703 636 3844; x_wconf 58' lang='lat' dir='ltr'><strong><em>qhiuc</em></strong></span> <span class='ocrx_word' id='word_1_344' title='bbox 652 3783 701 3844; x_wconf 85' lang='lat' dir='ltr'><strong><em>aut</em></strong></span> <span class='ocrx_word' id='word_1_345' title='bbox 716 3778 783 3844; x_wconf 89' lang='lat' dir='ltr'><strong><em>inde</em></strong></span> <span class='ocrx_word' id='word_1_346' title='bbox 798 3785 960 3846; x_wconf 90' lang='lat' dir='ltr'><strong><em>deiieotant</em></strong></span> <span class='ocrx_word' id='word_1_347' title='bbox 976 3785 1066 3861; x_wconf 78' lang='lat' dir='ltr'><strong><em>Atque</em></strong></span> <span class='ocrx_word' id='word_1_348' title='bbox 1081 3783 1153 3846; x_wconf 87' lang='lat' dir='ltr'><strong><em>haec</em></strong></span> <span class='ocrx_word' id='word_1_349' title='bbox 1173 3787 1296 3861; x_wconf 86' lang='lat' dir='ltr'><strong><em>proprie</em></strong></span> 
     </span>
    </p>
   </div>
   <div class='ocr_carea' id='block_1_4' title="bbox 238 3866 1297 3952">
    <p class='ocr_par' dir='ltr' id='par_1_8' title="bbox 238 3866 1297 3952">
     <span class='ocr_line' id='line_1_43' title="bbox 238 3866 1297 3952; baseline 0.008 -22"><span class='ocrx_word' id='word_1_350' title='bbox 238 3866 376 3932; x_wconf 78' lang='lat' dir='ltr'><strong><em>monetas</em></strong></span> <span class='ocrx_word' id='word_1_351' title='bbox 390 3869 440 3934; x_wconf 84' lang='lat' dir='ltr'><strong><em>ina</em></strong></span> <span class='ocrx_word' id='word_1_352' title='bbox 454 3870 531 3946; x_wconf 81' lang='lat' dir='ltr'><strong><em>est,</em></strong></span> <span class='ocrx_word' id='word_1_353' title='bbox 522 3885 551 3928; x_wconf 92' lang='lat' dir='ltr'><strong><em>1n</em></strong></span> <span class='ocrx_word' id='word_1_354' title='bbox 567 3886 624 3950; x_wconf 84' lang='lat' dir='ltr'><strong><em>qua</em></strong></span> <span class='ocrx_word' id='word_1_355' title='bbox 639 3871 756 3946; x_wconf 78' lang='lat' dir='ltr'><strong><em>virtutes</em></strong></span> <span class='ocrx_word' id='word_1_356' title='bbox 772 3872 926 3942; x_wconf 80' lang='lat' dir='ltr'><strong><em>consistere</em></strong></span> <span class='ocrx_word' id='word_1_357' title='bbox 935 3873 1079 3952; x_wconf 66' lang='lat' dir='ltr'><strong><em>uruntur,</em></strong></span> <span class='ocrx_word' id='word_1_358' title='bbox 1093 3873 1175 3934; x_wconf 80' lang='lat' dir='ltr'><strong><em>iuxta</em></strong></span> <span class='ocrx_word' id='word_1_359' title='bbox 1185 3872 1297 3937; x_wconf 82' lang='lat' dir='ltr'><strong><em>tritum</em></strong></span> 
     </span>
    </p>
   </div>
   <div class='ocr_carea' id='block_1_5' title="bbox 0 0 1388 4492">
    <p class='ocr_par' dir='ltr' id='par_1_9' title="bbox 0 0 1388 4492">
     <span class='ocr_line' id='line_1_44' title="bbox 0 0 1388 4492; baseline 0 0"><span class='ocrx_word' id='word_1_360' title='bbox 0 0 1388 4492; x_wconf 95' lang='lat' dir='ltr'><strong><em> </em></strong></span> 
     </span>
    </p>
   </div>
  </div>
 </body>
</html>
