2767 4492
229 281 287 348 aab
655 294 839 343 acaunum
899 345 903 350 ,

232 383 398 457 conterunt,
415 382 478 444 eins
492 381 592 444 ditioni
607 382 770 443 subduntur
783 385 820 443 ab
835 397 925 459 eaque
936 384 1084 458 generales
1098 395 1214 442 normas
1236 390 1284 440 re-

233 467 328 542 cipere
341 473 469 542 possunt.
486 469 638 543 inquibus
655 469 764 528 normis
778 469 1006 544 praescribendis
1021 468 1170 528 lascivitis
1183 473 1286 526 exten·

233 553 341 612 sionem
358 553 511 627 quamdam
526 553 651 612 continet
666 559 696 613 et
720 553 985 612 determinationem
997 555 1090 628 magis
1101 552 1285 628 peculiarem

232 636 322 710 ipsius
336 636 406 710 legis
420 637 570 697 naturalis.
591 638 670 706 Quod
684 639 985 712 quadruplici'raticne
1001 639 1042 698 iit.
1060 639 1195 711 Primum,
1211 653 1286 712 qua·

234 727 316 781 tenus
327 723 539 798 praeceptiones
554 725 664 798 aliquas
678 723 749 782 iuris
760 724 906 798 naturalis,
922 724 1041 783 adiectis
1055 723 1201 783 nonnullis
1219 737 1286 796 poe·

233 806 280 865 nis
292 807 324 866 in
338 808 392 866 bac
408 808 465 866 vita
479 809 644 881 subeundis,
663 823 736 867 nora
751 811 865 868 roborat
878 811 1041 868 sanctione..
1053 809 1167 880 Deinde,
1182 813 1286 881 quate·
1361 810 1362 813 ’

233 907 290 950 nus
304 908 341 951 ex
364 894 475 966 legibus
494 901 612 952 naturae
638 895 819 966 generalibus
835 895 994 968 peculiares
1014 895 1125 954 derivat
1144 893 1287 951 illationes

234 977 494 1052 applicationesque
508 979 710 1046 determinatas
727 995 776 1053 pro
792 979 917 1038 locorum
929 985 1089 1052 temporum
1104 993 1138 1037 ac
1152 993 1288 1051 persona·
1361 1040 1362 1055 ,

235 1076 301 1120 rum
317 1065 460 1122 varietate.
477 1064 577 1136 Tertio,
594 1071 735 1138 quatenus
749 1063 875 1124 actiones
890 1065 1032 1123 humanas
1050 1070 1189 1138 temperat
1203 1063 1288 1120 iuxta

235 1163 324 1206 novas
338 1148 497 1222 relationes,
513 1163 584 1224 quas
600 1151 684 1208 bomo
700 1149 810 1208 ratione
823 1149 967 1208 societatis
977 1148 1104 1222 suscipit,
1120 1148 1206 1222 idque
1221 1161 1288 1205 con·
1361 1206 1362 1209 ,

236 1232 384 1294 venienter
403 1239 521 1293 naturae
537 1234 695 1308 principiis.
712 1235 816 1302 Quarto
831 1234 955 1308 denique
976 1240 1118 1308 quatenos
1141 1237 1191 1290 aut
1206 1231 1284 1303 iura,

236 1319 342 1392 quibus
357 1319 440 1378 bomo
463 1319 491 1380 vi
515 1325 633 1378 naturae
654 1319 820 1392 instruitur,
848 1319 931 1376 iuxta
954 1319 1089 1377 socialem
1111 1315 1287 1389 exigentiam

238 1409 376 1478 temperat
390 1411 475 1478 atquo
489 1410 554 1477 apto
569 1419 636 1462 cum
659 1405 781 1463 aliorum
794 1403 947 1462 existentia
967 1403 1116 1473 conciliat,
1140 1406 1190 1459 aut
1211 1414 1288 1458 noua

237 1488 301 1547 iarn
311 1489 422 1548 ciuibus
438 1489 538 1548 tribuit
552 1489 708 1548 conditioni
721 1503 908 1563 personamm
924 1494 956 1550 et
973 1486 1119 1548 communi
1143 1484 1217 1543 bono
1242 1499 1289 1542 ac·

168 1607 172 1612 -
238 1575 425 1632 commodata.
442 1573 589 1647 inquibus
606 1581 701 1632 tamen
726 1573 878 1646 diligenter
901 1573 1061 1631 cavendum
1085 1576 1143 1644 est,
1163 1585 1199 1628 ue
1222 1569 1289 1642 plus

238 1658 294 1716 sibi
307 1659 443 1732 tribuens,
457 1659 575 1724 obtentu
594 1659 662 1718 boni
677 1659 847 1730 communis,
862 1658 927 1716 iura
941 1657 1037 1731 aliqua
1056 1655 1198 1714 naturalia
1211 1669 1290 1727 pror-

239 1757 288 1802 sus
300 1744 428 1816 perimat.
445 1744 522 1812 Quod
537 1745 616 1802 enim
633 1745 663 1804 in
678 1743 816 1805 iniuriam
830 1744 982 1815 sociorum,
1000 1743 1061 1800 siva
1079 1741 1205 1815 plurium
1226 1737 1290 1796 sire

134 1867 140 1872 -
239 1840 406 1900 paucorum,
419 1829 507 1886 immo
517 1829 603 1888 etiam
618 1829 713 1901 unius,
725 1830 874 1901 redundag
887 1827 916 1886 id
926 1828 962 1886 ad
972 1827 1060 1885 finem
1074 1823 1218 1884 societatis
1228 1837 1292 1897 per·

241 1911 331 1970 tinere
345 1927 402 1970 non
414 1918 524 1987 polest;
546 1915 621 1988 quod
636 1919 733 1972 autem
747 1915 835 1973 tinem
850 1914 986 1972 socialem
999 1911 1154 1985 egreditar,
1170 1907 1292 1968 auctori·

242 1995 291 2053 tati
307 1997 427 2054 minime
442 2001 578 2070 competit
594 2001 617 2055 l.

279 2082 339 2140 178.
357 2082 396 2140 dd
412 2083 493 2141 dotes
517 2099 585 2150 vero
605 2085 681 2159 quod
697 2085 807 2158 attinet,
835 2085 941 2159 quibus
953 2082 1041 2143 huius
1055 2081 1200 2158 potestatis
1223 2079 1295 2138 elie·

241 2171 304 2224 ctas
319 2181 369 2224 sou
381 2167 457 2240 leges
472 2169 569 2228 ornari
579 2170 692 2238 debent,
709 2172 769 2230 iam
783 2170 897 2245 aliquae
910 2171 942 2229 in
957 2169 1002 2242 iis,
1020 2184 1093 2242 quae
1108 2167 1194 2226 modo
1211 2165 1292 2224 dicta

242 2255 318 2324 sunt,
330 2253 522 2312 continentur.
539 2256 638 2329 Aperte
653 2257 732 2315 enim
747 2263 865 2330 apparet
879 2271 929 2314 ens
942 2255 974 2313 in
988 2254 1088 2328 primis
1102 2252 1236 2311 honestas
1245 2265 1292 2307 ee·

232 2351 273 2410 ,sc
288 2343 435 2412 oportere;
452 2355 535 2399 secus
549 2341 599 2398 tini
615 2341 713 2400 sociati
728 2356 785 2398 non
800 2341 996 2399 convenirent.
1013 2338 1120 2396 deinde
1134 2333 1293 2409 requiritur

239 2427 275 2484 ¹ul
290 2423 372 2481 utiles
386 2423 450 2499 sint,
468 2431 496 2483 et
510 2426 625 2499 quidem
644 2426 765 2484 utilitate
775 2425 921 2486 communi
935 2440 984 2482 sau
995 2439 1070 2497 quae
1080 2437 1139 2481 non
1149 2422 1181 2480 in
1194 2419 1291 2493 prina-

244 2511 302 2565 tam
318 2523 468 2582 personam
484 2518 533 2569 aut
554 2511 585 2568 in
605 2516 714 2584 partem
730 2516 840 2568 tantum
855 2508 1000 2568 societatis
1025 2523 1092 2567 curu
1107 2505 1224 2564 alterius
1242 2504 1294 2562 de-

243 2593 376 2651 trimento
390 2595 537 2666 redundet,
555 2596 604 2654 sed
619 2595 753 2654 amnibus
767 2595 874 2652 directe
889 2594 933 2651 tal
952 2592 1091 2651 indirecte
1114 2591 1218 2648 laneat.
1243 2587 1295 2646 Sa

245 2691 296 2736 cus
310 2693 368 2736 nou
383 2679 490 2737 bonum
501 2695 662 2752 commane,
686 2679 736 2738 aed
751 2679 958 2752 despotismum
980 2676 1184 2736 nonnullorum
1202 2672 1296 2730 incln

243 2761 352 2820 dorent.
364 2763 455 2822 ‘lertio
471 2764 576 2823 debent
590 2779 652 2822 esse
668 2764 852 2837 uniuersales,
870 2779 921 2822 seu
935 2763 1076 2821 eiusmodi
1091 2768 1231 2820 atomum
1246 2773 1297 2816 ae·

245 2860 301 2918 que
316 2846 405 2920 ligent
419 2849 480 2906 sine
491 2863 675 2922 personarum
686 2848 864 2922 exceptione,
875 2848 959 2907 modo
969 2847 1049 2906 nulia
1062 2846 1138 2904 adsit
1151 2844 1224 2903 ratio
1233 2843 1298 2902 ral-

245 2930 281 2988 de
296 2947 401 3005 urgens
415 2949 452 2991 ex
467 2933 528 3006 ipso
543 2933 617 2992 bono
632 2933 779 2993 communi
794 2935 955 3007 desumpta,
967 2947 1041 3006 quae
1055 2947 1074 2989 a
1086 2931 1148 3005 lege
1161 2942 1297 2988 commu·

246 3015 320 3078 niter
334 3016 391 3076 lata
405 3020 557 3081 nonnullos
571 3025 621 3078 aut
635 3025 748 3078 coctum
758 3020 883 3092 aliquem
897 3019 1032 3091 excipere
1058 3015 1238 3089 persuadeat.
1261 3012 1297 3070 ld

247 3113 342 3164 autem
359 3104 408 3163 nbi
424 3121 480 3164 non
497 3105 580 3179 viget,
601 3120 701 3164 omnes
715 3106 832 3164 omnino
843 3105 887 3163 lex
904 3103 1081 3175 adstringere
1093 3101 1187 3159 debet.

283 3190 433 3265 utque-bie
448 3183 545 3264 quaeri
563 3196 654 3264 potest
669 3205 707 3248 au
722 3191 816 3264 ipsum
833 3189 1022 3262 legislatorem
1041 3187 1088 3245 lex
1103 3186 1159 3244 sibi
1178 3182 1299 3256 subdat,

247 3274 288 3334 ita
302 3283 335 3334 ut
350 3275 374 3334 is
390 3275 477 3334 etiam
496 3275 550 3349 legi
570 3275 766 3349 obtemperare
789 3279 925 3333 teneatur.
943 3273 991 3331 Cui
1002 3270 1163 3346 quaestioni
1176 3282 1300 3342 respon·
1361 3258 1362 3301 ³

248 3360 374 3419 dandum
389 3361 501 3419 videtur
512 3361 690 3433 ailirmative,
702 3360 813 3434 quoties
832 3359 975 3431 legislator
989 3373 1047 3416 non
1063 3362 1145 3430 prout
1158 3354 1225 3412 talis
1238 3358 1296 3424 est,

248 3460 352 3526 nempe
368 3452 399 3504 ut
414 3445 485 3518 legis
500 3444 636 3518 conditor,
655 3442 705 3504 sed
720 3453 753 3502 ut
766 3443 878 3518 privato
898 3450 1007 3501 tantum
1024 3456 1148 3516 persona
1167 3436 1303 3497 conside·
1361 3460 1362 3465 ¹

248 3538 336 3590 ratur.
353 3531 399 3590 Sic
413 3531 490 3588 euim
505 3532 639 3602 actiones,
649 3545 721 3604 quas
731 3528 820 3604 ponit,
831 3544 898 3587 cum
913 3529 949 3586 ad
963 3528 1073 3586 bonum
1083 3539 1240 3585 commune
1250 3537 1298 3581 re·

250 3616 384 3675 terendae
401 3617 470 3687 sint3
483 3615 585 3676 iisdem
595 3617 704 3675 normis
711 3621 850 3688 regantur
857 3619 977 3688 oportet,
990 3628 1064 3686 quae
1073 3609 1237 3685 generatim
1247 3623 1306 3682 pro

295 3805 305 3850 l
324 3771 447 3852 Auctoritas
461 3808 568 3867 quatenns
583 3801 609 3852 ari
625 3817 650 3852 aa
670 3818 693 3851 so
708 3803 809 3867 porrigit,
827 3815 882 3868 quas
896 3801 939 3867 ipsi
959 3797 1085 3848 delinienda
1099 3811 1144 3845 non
1161 3800 1311 3861 competunt,

248 3879 402 3941 incompetens
416 3880 550 3946 appellatur·²
566 3893 604 3928 teo
619 3881 668 3928 talis
678 3887 720 3946 ert,
737 3887 762 3929 ttl
776 3881 860 3930 nnllam
875 3881 919 3930 rim
934 3877 1020 3928 lrabeat.
