2767 4492
684 319 845 412 amomum

659 501 828 564 instemus
842 501 874 564 tl.

334 673 371 766 iic
384 673 473 756 uffloio
495 673 597 738 tutudi
614 687 719 752 corpus
737 672 962 820 otgottssimum
981 672 1016 734 dc
1034 673 1192 752 pravitate.

536 766 539 776 '
698 769 774 823 sutor
797 760 828 819 ti.

281 933 324 995 aa.
337 935 424 994 Homo
437 947 494 993 non
505 934 563 993 solo
575 934 670 992 animo
681 937 804 1005 constat,
818 932 867 990 sed
879 931 964 990 etiam
974 947 1100 1007 corpora
1114 948 1196 1007 aquo
1206 950 1281 1008 orga-

245 1010 283 1081 ba
299 1019 513 1095 suppeditantur
527 1019 667 1078 sentiendi
679 1018 794 1076 uiribus
805 1025 972 1091 opportunas
989 1019 1121 1092 atqoeita
1132 1035 1169 1076 ex
1183 1020 1281 1079 utrius-

245 1121 300 1182 que
316 1105 490 1165 substantiae
506 1103 651 1164 iunctione
666 1103 767 1162 unitas
785 1103 941 1178 praesentis
951 1102 1283 1186 eiusesistentiaercsul·

246 1185 295 1252 tat.
313 1192 346 1251 llt
360 1192 436 1251 enim
452 1191 557 1250 animal
573 1189 717 1262 signiticat
728 1189 756 1246 id
772 1189 846 1262 qood
863 1185 949 1246 habet
963 1195 1093 1246 naturam
1106 1189 1281 1263 sensitivam,

245 1277 382 1339 rationale
399 1293 463 1335 cero
479 1275 553 1351 quod
570 1273 654 1334 babet
669 1279 801 1332 naturam
816 1271 1033 1345 intellectivam,
1050 1272 1091 1331 sic
1105 1273 1284 1348 bomosigni-

247 1363 313 1426 licat
326 1363 400 1439 qnid
415 1361 501 1420 babet
515 1369 676 1436 utromque.
695 1361 785 1428 Quare
796 1357 923 1418 oidcium
938 1374 994 1432 quo
1004 1359 1088 1418 homo
1103 1360 1286 1434 adstringitur

247 1449 405 1530 complendi
417 1449 502 1507 lluem
514 1449 568 1510 sibi
579 1463 596 1505 a
606 1447 661 1506 beo
670 1447 700 1506 in
712 1446 765 1504 bac
777 1446 833 1505 vita
845 1445 1051 1519 praestitutum,
1065 1448 1190 1520 corporis
1200 1449 1285 1508 etiam

248 1537 363 1598 tutelam
379 1549 533 1609 curamque
547 1533 752 1607 complectitor.
771 1532 900 1605 Operatio
909 1531 986 1589 enim
1000 1533 1183 1590 existentiam
1196 1534 1286 1592 suble

249 1623 287 1680 cti
301 1627 329 1680 ct
343 1627 544 1694 congruentem
560 1619 773 1692 dispositionem
789 1617 933 1676 subaudit.
950 1619 1020 1676 Hinc
1043 1619 1163 1692 emergit
1183 1619 1286 1694 obliga-

249 1705 295 1780 tio,
313 1721 369 1780 qua
383 1705 501 1765 bomani
517 1705 665 1779 compositi
683 1704 780 1777 vitam,
792 1703 994 1776 integritatem,
1005 1703 1199 1763 valetudinem
1214 1706 1286 1764 tucri

249 1790 385 1864 cogimur,
403 1790 486 1864 eique
501 1790 589 1849 noxia
603 1789 636 1847 ad
649 1789 768 1848 rationis
782 1787 987 1864 praescriptum
998 1788 1144 1862 aufugere,
1161 1798 1232 1849 elea
1246 1790 1286 1849 vi-

246 1874 342 1933 cissim
359 1889 509 1950 procurare
527 1880 664 1948 tenemur,
683 1889 755 1948 quae
766 1875 803 1933 ad
819 1874 894 1934 vires
909 1874 971 1934 eius
986 1874 1165 1950 reficiendas,
1176 1889 1288 1937 conset-

248 1958 355 2020 vandas
371 1961 427 2018 sint
441 1964 608 2034 opportuna.

285 2045 354 2105 tiolo
365 2051 459 2103 tamen
475 2045 598 2104 carttioni
614 2059 671 2104 non
682 2045 835 2121 opponitur
849 2045 938 2104 immo
953 2045 1044 2105 amice
1060 2048 1220 2120 concordat,
1231 2064 1290 2108 mo

250 2131 346 2200 derata
362 2131 487 2204 corporis
501 2131 663 2206 castigatio,
681 2147 754 2204 onae
776 2133 811 2190 ad
828 2132 1013 2189 fraenandam
1029 2133 1291 2207 concupiscentiam

250 2224 278 2276 ct
291 2217 379 2276 animi
398 2215 428 2275 in
443 2211 553 2290 'corpus
569 2215 720 2290 imperium
735 2218 896 2291 expeditius
921 2217 1105 2277 alliciendum
1128 2221 1292 2278 necessaria

250 2304 294 2360 rel
312 2303 381 2360 lortc
397 2303 498 2360 idonea
519 2303 657 2361 videatur.
676 2305 753 2372 Quod
770 2303 950 2361 observatum
963 2303 1094 2362 volumus
1109 2313 1206 2363 contra
1220 2305 1293 2364 deli-

251 2385 357 2447 catulus
368 2389 505 2463 quosdam
516 2389 604 2448 nostri
614 2389 676 2448 oevi
690 2389 878 2464 pbilosopbos,
892 2389 953 2462 qui,
964 2391 999 2447 ad
1011 2389 1215 2449 blandiendum
1227 2406 1294 2449 sen-

250 2473 337 2546 sibus,
350 2489 448 2532 omnes
459 2476 615 2547 generatim
626 2476 752 2548 corporis
765 2474 975 2546 castigationes,
989 2490 1062 2549 quae
1073 2490 1125 2550 pro
1134 2476 1238 2534 virtute
1248 2491 1294 2534 as-

252 2565 422 2632 sumuntur,
440 2565 584 2636 tamquam
606 2559 661 2619 iuri
677 2565 795 2618 naturae
814 2559 946 2618 adversas
960 2563 989 2617 et
1002 2567 1163 2619 ascetarum
1176 2561 1297 2620 demen-

253 2644 305 2703 tius
321 2643 541 2718 reprehendunt.
563 2645 594 2703 tt
610 2645 664 2704 iuri
681 2651 799 2704 naturae
814 2645 967 2703 adversum
982 2651 1057 2704 certe
1074 2661 1129 2704 non
1144 2651 1200 2718 cst,
1217 2646 1299 2705 doto

252 2745 283 2788 re
298 2729 382 2787 etiarn
398 2729 523 2802 iollicto,
541 2729 720 2788 luxuriantes
741 2745 920 2804 compescere
940 2729 1123 2803 cupiditates,
1139 2735 1169 2787 et
1182 2730 1299 2804 aliquid

253 2815 339 2873 etiam
354 2813 463 2874 licitum
479 2813 646 2874 subtrahere
660 2815 811 2887 sensibus,
829 2825 859 2873 nt
873 2814 949 2874 intra
963 2815 1098 2874 arctiores
1116 2814 1221 2874 limites
1236 2816 1299 2874 cir-

253 2901 417 2974 cumscripti
434 2911 515 2957 esua
529 2900 643 2968 evagari
658 2916 718 2958 nun
731 2903 869 2972 audeant,
887 2898 1056 2974 faciliusque
1072 2900 1189 2960 rationis
1203 2900 1301 2976 impe-

253 2985 294 3043 rio
305 2985 467 3043 obedientes
478 2985 648 3044 alliciantur.
661 2987 751 3060 ltque
767 2985 795 3044 id
806 3002 840 3044 eo
850 2985 941 3059 magis
954 2991 1143 3060 opportunum
1155 2987 1301 3062 estquod

254 3070 283 3129 in
300 3069 438 3144 promenti
455 3071 631 3144 appetituum
648 3087 744 3146 pugna
759 3079 788 3130 ct
801 3071 935 3130 conflictu
949 3070 1090 3130 rationem
1104 3072 1219 3148 inter,et
1233 3088 1303 3131 sen·

255 3171 335 3229 snm,
353 3157 402 3213 uix
418 3161 467 3213 aut
482 3171 517 3213 ne
533 3157 582 3214 vix
598 3157 714 3230 quidem
736 3157 852 3231 spiritus
869 3156 937 3215 satis
951 3158 1079 3217 exerceri
1095 3159 1183 3232 possit
1196 3173 1231 3217 ac
1250 3158 1304 3217 do-

254 3239 394 3299 minatum
410 3241 440 3298 in
455 3255 557 3315 corpus
571 3241 704 3313 retinere,
721 3241 783 3300 sinc
799 3242 965 3314 congruenti
986 3241 1083 3315 aliona
1100 3258 1241 3302 sensuum
1256 3260 1304 3304 aa

255 3326 409 3400 pressione.
426 3325 481 3384 Nec
503 3326 584 3383 timor
599 3325 770 3384 minuendae
790 3327 920 3385 sanitatis
939 3326 1046 3402 aliquid
1066 3328 1239 3388 adversariis
1262 3329 1306 3387 ia·

256 3415 311 3469 vet.
327 3411 358 3468 ln
373 3409 473 3484 primis
488 3411 565 3468 enim
580 3411 691 3469 etiarnsi
708 3411 739 3469 in
755 3422 871 3486 corpore
881 3413 1047 3485 castigando
1063 3412 1245 3487 levisaliqua
1261 3415 1307 3472 vi·

255 3496 331 3554 rium
346 3501 395 3553 out
409 3494 543 3576 longioris
560 3495 632 3555 vitae
649 3497 758 3555 iactura
778 3497 872 3569 tieret;
895 3497 924 3556 id
942 3497 1084 3558 laudabile
1105 3507 1193 3573 esset,
1210 3500 1310 3573 siqui·

257 3581 321 3639 dem
337 3580 434 3639 altiore
449 3580 523 3639 bono
538 3588 755 3656 compensator,
771 3577 943 3656 pellectione
958 3583 1095 3644 nimirum
1114 3584 1202 3644 animi
1225 3601 1312 3659 quae

257 3666 323 3725 inda
338 3667 529 3740 consequitur.
546 3667 625 3726 dune
645 3665 776 3726 laudibus
790 3665 886 3726 elierri
899 3670 1037 3729 uonsolct
1051 3669 1086 3741 is,
1099 3669 1191 3744 quise
1207 3676 1312 3729 totum

258 3751 393 3810 scientiae
409 3751 523 3824 addicit,
541 3752 674 3826 quamuis
691 3752 797 3813 exindo
813 3753 947 3828 paulatim
967 3754 1048 3814 atteri
1064 3755 1140 3814 vires
1154 3770 1188 3815 ac
1201 3756 1315 3815 minus

259 3831 425 3890 lonssaet'tttn
438 3852 468 3888 sa
479 3837 606 3888 ltllttrutn
623 3839 740 3888 noscat?
756 3839 922 3888 llaindaboc
937 3840 1021 3888 etiarn
1037 3840 1244 3889 detrimontum
1258 3855 1317 3888 naa.
