2767 4492
239 336 288 425 76ι
684 369 847 416 scalmum

236 465 315 536 dum,
331 460 439 520 malum
455 472 521 517 vero
535 456 684 516 vitandum
699 456 838 528 flectatur,
855 453 964 530 aliquid
979 454 1056 516 aliud
1068 455 1100 515 in
1115 454 1152 516 iic
1165 454 1282 516 indiciis

239 547 348 621 concipi
366 545 458 616 debet,
485 547 596 617 praeter
616 540 725 599 nudum
747 541 915 600 moralitatis
932 542 1204 600 manifestationem.
1224 543 1283 602 iioc

238 639 334 692 autem
349 629 425 689 aliud
441 644 503 688 esse
517 643 577 686 non
591 632 682 702 potest
696 627 752 684 nisi
768 626 840 684 ratio
852 627 994 700 praecepti
1008 633 1057 685 aut
1071 626 1278 701 prohibitionis

238 733 310 792 quae
325 731 381 774 nou
393 713 476 772 modo
492 713 528 771 ad
543 711 673 771 divinum
689 711 863 771 intellectum
876 712 1026 770 sedetiam
1041 712 1077 770 ad
1092 711 1220 771 divinam
1234 728 1280 772 vc

235 803 372 862 luntatem
387 805 547 873 respectum
562 798 697 857 includat.
715 797 839 870 lienique
849 796 876 855 id
893 797 1008 856 omuino
1023 797 1172 872 riquiritur
1185 813 1278 857 acon-

234 887 341 946 ditione
364 884 588 960 dependentiae,
613 897 686 956 quae
706 882 840 940 voluntati
861 888 972 940 creatae
993 882 1137 956 competit.
1163 881 1276 941 Etenim

235 973 365 1031 voluutas
379 985 436 1029 nou
451 969 535 1028 modo
550 967 696 1028 rationalis
710 973 763 1040 est,
787 983 836 1026 seu
854 967 918 1026 talia
932 983 1005 1042 quae
1023 967 1142 1026 rationis
1159 967 1277 1027 ductum

236 1058 381 1132 exquirat,
405 1055 555 1114 sedetiam
577 1061 679 1111 natura
701 1069 753 1111 sua
771 1053 934 1127 dependens
960 1059 1002 1111 est
1021 1069 1038 1111 a
1058 1052 1213 1112 conditoris
1235 1053 1277 1112 in-

235 1143 348 1202 tellectu
362 1145 390 1200 et
405 1139 558 1198 uoluntate.
579 1139 651 1211 Ergo
666 1138 689 1196 si
706 1139 831 1212 operatio
851 1139 1041 1196 conditionem
1059 1145 1179 1197 naturae
1195 1139 1276 1212 sequi

235 1227 333 1299 debet,
350 1240 384 1284 ea
398 1225 452 1282 erit
466 1223 539 1282 actio
554 1223 713 1282 voluntatis
729 1223 850 1297 propria,
868 1239 940 1296 quae
954 1229 1105 1297 utramque
1115 1224 1277 1298 dependen-

235 1313 304 1371 tiam
318 1309 452 1370 involvat.
471 1310 529 1368 lam
545 1324 612 1367 vero
627 1308 651 1368 si
666 1307 807 1368 iudicium
822 1308 997 1366 voluntatem
1011 1309 1146 1382 dirigens,
1163 1307 1276 1368 morali·

236 1402 323 1456 tatem
338 1395 487 1454 dumtaxat
502 1394 621 1452 actionis
635 1393 809 1466 ostenderet,
826 1394 894 1468 quin
906 1394 1049 1468 praecepti
1060 1395 1199 1452 rationem
1213 1409 1277 1452 con-

233 1483 352 1554 tineret,
369 1479 538 1538 rationalem
553 1479 669 1553 quidem
684 1478 876 1552 operationem
889 1481 1040 1537 voluntatis
1049 1480 1185 1551 efiiceret,
1202 1479 1275 1539 etad

235 1581 381 1627 summum
402 1565 608 1637 dependentem
631 1563 793 1622 reddereta
811 1563 909 1622 divina
924 1563 1079 1638 sapientia3
1103 1564 1152 1622 sed
1174 1563 1275 1638 depen-

237 1651 363 1710 dentiam
379 1665 396 1708 a
412 1648 509 1707 divina
524 1648 667 1708 voluntate
682 1647 725 1707 illi
739 1647 906 1722 neutiquam
925 1648 1127 1723 impertiretur.
1148 1649 1181 1708 llt
1199 1649 1276 1707 euim

232 1734 363 1796 uoluntas
376 1741 471 1792 creata
485 1739 551 1792 actu
568 1749 620 1792 suo
636 1733 775 1792 eiusmodi
790 1741 963 1807 postremam
979 1733 1197 1808 dependendam
1212 1749 1276 1808 pro

232 1819 356 1892 fiteatur,
373 1833 457 1892 agere
472 1817 554 1876 debet
571 1823 715 1892 tamquam
729 1818 859 1877 voluntas
870 1818 906 1877 ab
918 1819 1055 1877 altissima
1069 1818 1119 1878 illa
1132 1819 1275 1878 voluntate

232 1903 402 1978 dependam,
425 1907 563 1974 quaoenus
579 1901 737 1960 obediendo
759 1901 790 1959 id
803 1901 871 1961 velit
885 1905 958 1976 quod
980 1903 1028 1961 illa
1044 1902 1112 1961 vult.
1134 1903 1164 1962 ld
1177 1913 1274 1962 autem

232 1987 346 2047 nonnisi
360 2002 411 2062 per
425 1986 533 2044 iussum
549 1993 577 2044 et
592 1986 744 2061 imperium
759 1987 897 2062 explicari
916 1994 1013 2061 potest,
1030 1987 1067 2045 ad
1082 2003 1157 2062 quae
1171 1989 1273 2046 consti-

231 2073 336 2134 tuenda
349 2087 407 2132 non
421 2071 504 2131 modo
518 2072 659 2132 dictamen
672 2071 798 2147 rationis,
810 2073 1008 2135 verumetiam
1025 2073 1210 2153 praescriptio
1224 2089 1269 2133 rc-

231 2159 346 2226 lontutia
362 2162 519 2224 concurrat.

636 2331 815 2393 Pnoeoerrro
828 2331 859 2392 ll.

317 2505 492 2569 launoium
506 2504 647 2574 rollonis,
668 2519 763 2578 quom
778 2503 940 2566 obstruunt
954 2505 1175 2574 rmtcoclirtoc,

652 2589 775 2651 insanio
792 2597 841 2650 cat.

279 2767 438 2827 Probatur.
454 2763 620 2824 Autonomia
634 2762 774 2836 rationis,
796 2763 832 2822 ad
848 2763 1050 2838 obligationem
1069 2763 1273 2837 explicandam
1367 2782 1368 2787 ¹

226 2868 284 2912 nou
300 2851 419 2910 assumit
433 2850 488 2908 nisi
504 2849 636 2924 seipsam.
654 2847 808 2907 Vultenim
823 2855 855 2907 ut
869 2849 981 2909 animus
998 2851 1137 2910 humanus
1155 2848 1188 2907 in
1202 2863 1272 2922 ope·

225 2939 315 2998 raudo
330 2953 386 2996 nou
396 2935 517 3010 accipiat
529 2934 794 2994 determinationem
809 2935 865 2994 nisi
877 2951 894 2993 a
904 2951 944 3008 se,
962 2935 1089 3010 qualibet
1102 2935 1158 2994 alio
1171 2935 1271 2993 exclu—
1365 2936 1366 2975 i

226 3039 259 3083 sa
273 3027 427 3098 potestate,
453 3021 534 3079 cuius
550 3020 670 3094 imperio
685 3019 829 3079 sirbiectus
845 3021 890 3079 eit.
907 3021 989 3095 Atqui
1004 3021 1074 3079 haec
1089 3020 1184 3095 opinio
1199 3019 1271 3078 stul·

225 3109 336 3168 tissima
354 3113 405 3166 est.
425 3106 494 3165 llam
510 3105 540 3162 iu
556 3105 656 3178 primis
671 3105 743 3163 ratio
757 3105 883 3164 humana
897 3106 1039 3166 declinare
1054 3107 1154 3180 nequit
1172 3105 1272 3164 ideam

225 3192 351 3271 supremi
360 3191 508 3251 cuiusdam
523 3189 610 3264 Eutis,
626 3189 703 3264 quod
719 3199 816 3249 auctor
831 3191 919 3250 fuerit
929 3199 1047 3250 naturae
1062 3196 1185 3249 nostrae.
1196 3189 1272 3263 lirgo

224 3280 368 3338 declinare
383 3278 481 3352 nequit
495 3277 587 3335 ideam
604 3276 729 3350 supremi
745 3277 893 3336 cuiusdam
909 3278 1096 3353 imperantis,
1123 3277 1172 3351 qui
1191 3276 1272 3352 leges

224 3363 307 3423 nubis
316 3363 453 3436 imponat,
471 3361 594 3436 velitque
610 3366 754 3420 servatum
769 3363 898 3421 ordinem
912 3377 996 3438 quem
1011 3363 1097 3420 rebus
1110 3361 1269 3435 impressit.

223 3447 423 3508 Rationalistao
437 3451 587 3521 propteroa
601 3445 655 3503 hac
670 3445 701 3503 in
715 3461 746 3504 re
761 3446 898 3521 delirant,
915 3447 991 3522 quod
1006 3446 1035 3504 in
1052 3447 1100 3505 llei
1115 3447 1272 3518 negatione

224 3533 395 3606 tundantur,
413 3536 441 3590 et
455 3529 551 3589 animo
566 3527 690 3590 humano
714 3531 830 3591 modum
844 3531 980 3609 operandi
994 3530 1132 3604 tribuunt,
1151 3529 1270 3606 quilici

225 3617 312 3676 solius
322 3622 365 3675 est
380 3616 519 3691 proprius.

275 3701 399 3774 Deinde,
417 3701 460 3776 si,
483 3706 515 3760 ut
528 3701 720 3762 rationalistae
734 3703 849 3778 uolunt,
866 3705 941 3763 hanc
955 3703 1050 3762 ideam
1070 3719 1152 3763 mens
1167 3708 1272 3761 nostra

221 3784 392 3858 declinaret3
414 3791 481 3846 tunc
497 3789 589 3846 omnis
605 3787 805 3862 obbligationis
821 3791 896 3850 notio
916 3796 1061 3849 corrueret
1073 3797 1091 3862 ,'
1107 3787 1180 3862 quod
1206 3803 1273 3847 non
1355 3840 1356 3849 ,

222 3884 320 3926 omnus
334 3869 526 3932 rationalistao
552 3872 621 3931 velle
637 3873 776 3932 ridentur.
795 3875 828 3934 lit
849 3890 916 3933 sane
941 3875 1074 3951 obligatio
1093 3873 1272 3933 exercitium

218 3951 421 4032 iurisdictionis
437 3959 466 4016 et
479 3957 623 4030 potestatis
638 3957 825 4035 inobligante
840 3959 974 4021 subaudit
989 4007 997 4036 ,
1022 3967 1106 4036 atqrte
1127 3959 1192 4024 ideo
1207 3958 1272 4019 dis·

1356 3764 1357 3821 l

1354 3858 1356 3915 l

1353 3934 1355 4013 l
