2767 4492
221 312 278 377 222
549 323 939 376 mmmtmonuuntms

221 420 282 488 est,
298 428 356 490 qua
370 413 548 473 axiomahtm
568 411 838 487 experimentalium
853 427 886 470 aa
909 411 1180 486 ratiocinationum,
1197 427 1271 488 qtae

221 499 290 559 inde
303 499 471 572 procedunt,
488 497 653 556 firmitatem
667 498 704 555 de
720 496 813 556 medio
830 495 934 570 pellere
948 495 1076 555 enititur.

257 583 302 642 st.
316 583 418 642 lerum
429 583 500 641 baec
509 582 625 656 sceptici
636 581 761 640 hominis
771 581 924 639 conamina
933 587 1032 653 coqtra
1042 581 1185 656 veritates,
1197 599 1272 658 quae

222 668 259 727 ad
268 668 359 726 vitam
368 665 495 726 hominis
505 666 638 725 alendam
652 666 844 739 tuendamque
854 673 913 723 tam
922 672 990 723 sunt
1004 667 1192 740 necessariae,
1204 681 1270 741 pru-

222 753 365 812 dentiores
375 752 572 824 acutioresque
581 749 742 823 philosophi
752 749 904 840 diligenter
914 749 1079 824 propulsare
1089 751 1269 812 studuemnt.

222 838 344 898 Thomas
353 838 433 910 lleid,
445 837 505 910 qui,
517 837 553 894 ad
567 835 663 894 llumil
677 835 891 908 scepticismum
907 836 1064 908 vitandum,
1078 851 1180 896 sensus
1194 851 1270 896 com·

122 944 128 951 ·
221 923 318 982 marnis
336 921 457 981 adscivit
473 921 695 993 adminiculum,
712 920 794 980 iuxta
808 935 842 979 ea
862 919 1020 994 principia,
1037 933 1111 994 quae
1129 927 1268 997 secutur,

222 1008 440 1067 tundamentum
455 1011 485 1065 et
497 1004 585 1064 robur
599 1004 797 1063 similitudinis
817 1004 944 1062 futurum
959 1003 1035 1062 inter
1047 1011 1077 1062 et
1095 1011 1270 1065 transactum

221 1091 381 1166 comperire
396 1091 453 1150 sibi
466 1091 546 1148 viem
561 1095 605 1148 est
617 1089 649 1147 in
662 1103 748 1148 caeco
763 1089 887 1162 quodam
906 1095 1024 1148 naturae
1042 1089 1192 1158 instinctu,
1209 1105 1265 1164 quo

219 1176 249 1234 vi
267 1176 391 1248 quadam
409 1173 586 1233 ineluctabili
602 1173 637 1230 ad
656 1173 697 1233 ita
715 1173 900 1232 iudicandum
917 1173 1104 1232 incitaremur
1119 1175 1143 1232 l.
1159 1174 1266 1234 ilerum

221 1275 259 1318 ex
273 1259 323 1332 iis,
340 1275 413 1334 quae
428 1259 463 1317 de
477 1273 563 1317 sensu
578 1264 699 1316 hamme
713 1257 858 1316 communi
873 1257 905 1316 in
918 1257 1035 1332 Logioe,
1051 1263 1080 1317 et
1094 1273 1168 1332 quae
1182 1273 1267 1333 eupe-

219 1344 295 1403 riore
309 1343 429 1408 arficulo
443 1349 542 1402 eontra
557 1343 650 1402 Kanbi
664 1342 780 1402 iactata
792 1342 957 1418 apothetica
968 1359 988 1401 a
998 1343 1099 1418 priori
1111 1342 1267 1417 disputavi-

219 1443 298 1502 mus,
318 1428 446 1502 perlucet
463 1429 577 1488 abunde
595 1427 791 1486 defensionem
805 1427 881 1486 banc
895 1427 1062 1488 lleidienam
1079 1426 1193 1502 probari
1207 1442 1268 1488 non

218 1527 311 1587 posse.
329 1513 507 1587 Quamquam
522 1513 600 1572 enim
614 1513 690 1572 inest
700 1512 730 1571 in
746 1512 842 1572 animo
857 1512 996 1572 nahtralis
1005 1513 1042 1571 ad
1055 1517 1132 1572 recte
1144 1527 1267 1587 vereque

218 1597 404 1656 iudicandum
419 1597 630 1670 determinatim
641 1597 710 1655 huia
722 1603 817 1656 tamen
827 1597 997 1670 respondeat
1006 1613 1077 1670 opus
1087 1602 1175 1656 estex
1185 1602 1266 1671 parte

219 1681 324 1740 obiecti
339 1681 559 1739 tundamentum
573 1681 686 1755 aliquod
703 1687 731 1740 et
744 1681 825 1753 ratio,
835 1696 893 1754 qua
906 1696 988 1739 mens
1003 1682 1034 1740 in
1049 1681 1197 1755 cogitando
1206 1697 1266 1742 mo

218 1771 328 1825 veatnr.
340 1765 437 1836 Serus,
449 1765 565 1838 iudicia,
582 1781 655 1838 quae
669 1765 851 1838 proterimus,
864 1781 950 1824 caeca
964 1771 1067 1839 essent,
1079 1765 1265 1841 irrationalia,

218 1855 247 1908 et
259 1855 392 1907 naturam
405 1849 499 1921 ipsam
512 1850 617 1907 mentis
631 1849 796 1908 evertentia.

260 1934 315 1992 llec
332 1933 496 2007 exemplum
513 1933 631 1991 ductum
645 1933 682 1992 ab
697 1933 855 1992 inlantibus
873 1934 980 1994 evincit
995 1934 1111 2008 aliquid.
1134 1936 1265 1996 Fateatur

219 2017 297 2075 enim
311 2031 359 2074 eos
378 2015 440 2074 sine
459 2016 673 2076 ratiocinatione
687 2017 796 2077 moveri
816 2018 852 2075 ad
869 2020 1059 2092 expectandos
1080 2019 1187 2080 similes
1201 2021 1266 2082 elle

219 2106 283 2159 chre
297 2116 316 2159 a
328 2100 525 2160 consimilibus
539 2103 642 2160 causis.
663 2103 697 2159 tt
718 2105 785 2160 tuuc
800 2117 858 2161 non
871 2108 903 2160 ut
925 2103 1077 2163 rationales
1091 2109 1263 2180 operantur,

219 2183 269 2242 sed
283 2181 419 2240 instinctu
441 2187 551 2240 tantum
569 2183 700 2240 teruntur
719 2181 954 2255 imaginationem
972 2189 1177 2258 consequente,
1202 2201 1266 2260 pro

217 2272 281 2342 pter
293 2281 409 2325 merom
424 2267 645 2326 meoatattoaem
658 2266 926 2342 phantasmatum,
942 2283 1014 2342 quae
1028 2269 1060 2327 in
1074 2269 1165 2328 bmhs
1179 2270 1266 2330 etiem

217 2351 368 2425 reperitur,
384 2351 514 2418 Quaestio
529 2357 625 2410 autmn
639 2357 736 2410 nostra
751 2367 807 2410 non
821 2351 852 2410 in
863 2351 917 2410 hoc
931 2352 1063 2412 vertitur:
1080 2359 1185 2430 utrum,
1195 2355 1265 2415 dum

217 2436 277 2495 sola
290 2434 492 2510 imaginatione
502 2451 663 2510 operamur,
679 2436 823 2510 possimus
834 2435 996 2495 instinctive
1006 2437 1265 2514 eedemexpectare

216 2519 430 2593 phoenomena,
446 2519 549 2577 iisdem
564 2521 658 2578 causis
673 2520 870 2594 apprehensis.
888 2519 941 2579 Sed
955 2523 1081 2595 quaestio
1091 2527 1221 2582 versatur
1233 2524 1265 2583 in

217 2603 285 2660 hoc:
301 2601 445 2674 quodnam
459 2602 723 2663 sitiundamentum
738 2620 794 2678 quo
808 2605 909 2664 nititur
927 2611 956 2665 et
970 2607 1034 2666 lons
1049 2607 1124 2666 unde
1137 2608 1201 2668 tluit
1213 2622 1263 2668 no·

217 2691 279 2746 stra
292 2687 439 2745 rationalis
453 2688 599 2761 persuasio
614 2694 642 2747 ct
655 2694 765 2748 certum
775 2683 1041 2764 iudicium'mentis,
1058 2693 1172 2765 quando
1181 2698 1265 2769 prout

215 2771 327 2832 ratione
341 2771 461 2846 praediti
476 2789 575 2833 samos
589 2788 750 2848 operamur.
777 2775 855 2834 Hanc
873 2776 1120 2852 investigationem
1133 2778 1262 2839 omittere

261 2917 273 2961 l
293 2917 346 2963 Eine
362 2911 417 2964 bee‘o
433 2922 485 2964 eunt
501 2919 584 2965 verbe:
607 2938 615 2960 ι
634 2919 764 2966 Constitutio
781 2921 828 2983 ipse
844 2923 935 2968 nelarae
951 2921 1057 2968 instinctu
1073 2921 1167 2984 quodem
1177 2939 1217 2970 noe
1227 2923 1265 2970 ed-

216 3089 225 3111 ·
244 3068 362 3115 instinctus
377 3067 442 3116 leniae
459 3087 499 3118 nos
515 3073 619 3118 citissime
635 3071 716 3120 ecimus
733 3075 806 3137 ignem
821 3075 961 3138 comburere,
973 3092 1051 3138 equam
1067 3077 1203 3142 refrigerare,
1215 3091 1262 3124 eor-

217 3165 225 3187 ι
243 3159 297 3207 pore
313 3143 422 3208 decidere,
435 3162 514 3209 penem
531 3149 636 3195 enubit-e.
652 3169 661 3192 ι
680 3152 708 3196 Et
717 3151 797 3198 alerius
813 3153 878 3198 etiem
894 3151 935 3198 enb
951 3152 1049 3199 eiusdem
1065 3153 1142 3215 repitit
1158 3153 1259 3200 initiam:

216 3241 225 3262 ι
243 3221 301 3266 hem
318 3227 418 3268 nemum
434 3223 457 3268 in
475 3224 566 3270 diversis
581 3239 670 3272 eaerum
685 3227 854 3288 productionem
865 3228 980 3288 generibus
990 3229 1077 3276 eaedem
1093 3233 1197 3292 externaex
1208 3244 1261 3292 qne-

216 3315 225 3340 ·
242 3295 316 3343 litetee
331 3298 468 3344 multitudini
477 3299 649 3348 'individuorum
666 3302 828 3363 impertientem
845 3309 992 3368 contuemur3
1010 3311 1068 3352 certo
1078 3305 1170 3352 ferimur
1180 3305 1262 3352 inelin-

216 3391 225 3414 ι
244 3377 299 3434 ete,
317 3373 355 3434 qui
376 3374 531 3435 experientiam
551 3378 639 3440 presit,
656 3375 684 3424 ed
705 3377 838 3425 credendum
854 3379 967 3427 individue
982 3381 1021 3428 ille
1037 3381 1117 3428 similie
1133 3382 1198 3428 etiem
1213 3379 1261 3428 tore

216 3467 225 3488 ι
243 3448 315 3510 quaed
331 3449 446 3510 qualitatee
462 3466 513 3511 eee,
530 3467 586 3512 qnee
600 3453 674 3499 minae
689 3458 814 3517 epperent,
832 3471 929 3518 quaeque
945 3457 1043 3504 nondum
1060 3457 1124 3506 nobie
1139 3461 1262 3521 compertae

216 3541 225 3563 e
244 3530 303 3568 eunt.
317 3524 353 3570 ste
367 3523 450 3588 Mene,
462 3526 498 3571 eui
514 3527 580 3574 semel
595 3527 675 3574 incidit
690 3528 783 3590 digitum
800 3532 888 3579 lucerne
904 3534 1011 3598 comburi,
1023 3535 1086 3582 timet
1101 3549 1129 3581 ne
1145 3534 1207 3581 dolor
1222 3549 1261 3580 re-

216 3617 226 3640 ·
245 3598 313 3663 deet,
328 3603 347 3647 ei
363 3602 466 3650 laoernee
481 3603 543 3652 elteri
559 3609 597 3651 eet
612 3605 713 3652 llemmee
729 3607 798 3656 cuivis
813 3609 893 3657 iterum
909 3627 999 3659 menum
1016 3613 1147 3676 admoveet3
1165 3617 1188 3659 et
1203 3610 1262 3673 quod

217 3691 226 3714 ι
245 3688 380 3736 oomeqnenr
400 3684 451 3742 eet,
469 3680 488 3725 ie
509 3680 553 3726 vim
574 3682 716 3730 comburendi
736 3683 776 3729 toti
797 3687 876 3748 speciei
897 3687 1034 3736 flemmarum
1053 3690 1138 3737 tribuit
1157 3687 1262 3736 inductio

215 3766 226 3789 ι
243 3746 328 3812 ieteec,
345 3767 400 3813 quee
416 3770 441 3801 er
456 3755 622 3804 retiocinetione
642 3774 687 3805 non
704 3757 867 3828 proficiscitur,
885 3779 993 3828 quemque
1009 3771 1078 3813 retem
1094 3780 1139 3812 non
1155 3763 1208 3810 feeit
1223 3777 1262 3810 re·

216 3843 225 3865 ι
245 3822 356 3872 tiocieetio
372 3834 414 3876 ete.
436 3849 445 3873 ι
465 3835 566 3881 maereo
591 3837 696 3895 complet.
715 3841 731 3881 t.
750 3835 773 3882 l.
791 3841 872 3889 emh
892 3855 937 3890 ever
957 3843 989 3892 tet
1008 3843 1091 3902 [acolt.
1114 3843 1142 3890 de
1162 3841 1264 3900 t'ttprv'l

213 3900 291 3966 huet,
308 3903 365 3954 mei
379 3904 408 3974 V,
425 3903 489 3970 elvep.
506 3907 546 3975 ul,
563 3908 620 3958 tred.
638 3913 820 3975 perdomitor.
