2767 4492
671 372 831 420 emerent

654 545 843 604 Psorosrrros

250 718 383 778 Hominis
394 713 547 775 destinat-io
559 730 615 792 pro
632 713 763 774 bonotto
777 714 811 773 iu
826 712 929 772 ordios
944 711 1055 773 moon
1060 714 1252 788 procurando

569 809 594 858 ct
606 799 803 876 promovendo
813 799 871 857 sito
884 805 934 857 cst.

268 973 354 1035 Prob.
370 974 487 1048 Bonum,
512 973 547 1032 ad
564 973 638 1047 quod
659 970 874 1046 adipiscendum
890 971 921 1029 in
939 970 994 1028 bac
1011 969 1069 1028 vite
1088 969 1173 1030 bomo
1186 972 1272 1032 desti-

233 1067 327 1135 natur,
345 1060 399 1119 tale
409 1075 470 1120 esse
486 1057 578 1126 debet,
596 1065 628 1116 ut
644 1072 710 1115 cum
726 1061 864 1128 conceptu
886 1069 972 1128 quem
989 1055 1073 1129 paulu
1095 1063 1161 1113 ante
1174 1056 1270 1116 innui-

154 1189 156 1194 ·
233 1161 298 1205 mus
307 1146 412 1220 optime
423 1143 598 1216 concilietur3
610 1147 749 1216 quatenus
758 1141 821 1199 eius
835 1139 994 1214 procuratio
1004 1154 1104 1213 reapse
1118 1141 1272 1203 constituat

232 1236 411 1306 praesentem
427 1230 513 1289 ritum
524 1235 666 1302 tamqnam
683 1225 919 1306 gymnasiumin
935 1240 990 1299 quo
1000 1225 1084 1284 bomo
1096 1234 1271 1286 exerceatur

232 1323 261 1374 et
275 1316 310 1374 ad
326 1315 451 1374 futuram
466 1314 629 1372 beatitatem
644 1327 674 1370 sc
690 1316 846 1385 praeparet.
863 1309 970 1368 Deinde
984 1323 1100 1368 necesse
1112 1315 1155 1368 est
1169 1316 1199 1368 ut
1213 1311 1269 1370 boc

138 1451 146 1468 .
230 1401 336 1460 bonum
352 1399 508 1458 maximam
524 1396 632 1456 bomini
651 1395 853 1471 perfectionem
867 1394 1007 1468 importet,
1025 1394 1062 1452 ab
1076 1394 1211 1454 omnibus
1227 1397 1268 1454 la·

232 1485 286 1545 cile
301 1483 536 1558 comparandam3
558 1481 698 1555 siquidem
720 1481 803 1538 bomo
817 1493 938 1553 persona
953 1484 1038 1537 estet
1058 1479 1087 1538 in
1112 1479 1173 1538 eius
1189 1487 1268 1554 pote

230 1575 302 1628 state
317 1584 379 1627 esse
394 1567 486 1639 debet,
503 1572 535 1624 ut
545 1564 761 1624 destinationem
775 1562 892 1638 impleat
901 1569 1015 1649 propter
1024 1578 1111 1637 quam
1124 1566 1265 1624 conditur.

228 1653 352 1711 Tandem
366 1651 505 1710 eiusmodi
520 1650 628 1708 bonum
649 1649 826 1707 contineatur
844 1653 953 1722 oportet
973 1649 1004 1705 in
1026 1648 1082 1707 line
1101 1650 1265 1724 universali,

229 1752 313 1810 quern
331 1736 405 1794 lleus
419 1733 556 1809 spectavit
569 1733 598 1792 in
619 1747 715 1791 rerum
729 1731 914 1791 universitate
933 1732 1085 1790 molienda.
1105 1731 1145 1790 lln
1164 1733 1268 1807 triplex

228 1821 375 1880 character
399 1835 454 1894 quo
473 1818 605 1892 insigniri
629 1817 713 1875 debet
730 1817 837 1875 bonum
853 1815 932 1889 illud,
950 1816 1032 1874 cuiue
1053 1817 1164 1891 adeptio
1181 1819 1268 1878 desti·

227 1905 371 1963 nationem
387 1903 511 1962 hominis
527 1901 680 1960 constituit.
693 1901 741 1959 His
755 1901 914 1974 praelectis,
931 1902 995 1960 dico
1010 1902 1118 1960 bonum
1127 1903 1268 1963 eiusmodi

226 2005 285 2048 non
306 2005 367 2048 esse
383 1988 468 2057 aliud,
489 1988 545 2046 nisi
568 1987 697 2046 ordinem
720 1988 856 2044 moralem
878 1987 1088 2059 procurandum
1105 1994 1134 2046 et
1156 2004 1267 2062 promo-

225 2074 364 2147 nendum;
382 2073 522 2146 siquidem
537 2072 568 2129 in
585 2071 660 2130 bunc
680 2071 877 2145 praesignatae
895 2079 978 2130 notae
1005 2073 1179 2131 adamussim
1195 2089 1267 2146 qua·
1375 2151 1381 2160 .

226 2157 388 2316 dr{Peene
403 2245 436 2299 ut
453 2241 583 2315 suspicer
597 2242 633 2298 ab
650 2241 761 2316 ultima,
779 2241 853 2300 lleus
870 2241 976 2301 idcirco
991 2243 1130 2302 muudum
1144 2242 1268 2302 fabrica-

227 2331 273 2385 tus
287 2333 338 2398 est,
356 2334 387 2385 ut
404 2341 433 2384 se
449 2326 654 2400 quodammodo
669 2327 840 2384 diffunderet
854 2333 883 2384 et
898 2341 965 2384 suas
979 2329 1165 2400 perfectiones
1175 2328 1267 2386 mani·

228 2411 352 2470 lestaret
370 2411 446 2478 Quod
462 2410 571 2469 duobus
590 2410 738 2468 ordinibus
761 2411 964 2469 constituendis
983 2413 1151 2486 assequitur,
1167 2413 1268 2487 urdine

226 2495 363 2554 nimimm
377 2493 518 2553 materiali
535 2501 563 2554 et
577 2497 675 2553 ordine
687 2495 836 2568 spirituali,
855 2504 975 2568 quorum
989 2498 1062 2554 alter
1071 2512 1107 2554 ex
1121 2497 1208 2556 rebus
1221 2513 1268 2556 ra·

226 2580 301 2638 tione
318 2579 489 2653 carentibus,
506 2579 576 2638 alter
591 2596 628 2652 en
642 2580 779 2638 creaturis
793 2580 979 2639 rationalibus
993 2582 1128 2653 exsurgit
1145 2583 1179 2639 lt
1190 2583 1269 2642 inter

225 2663 277 2724 has
293 2665 346 2723 hoc
361 2664 512 2723 discrimen
532 2665 690 2737 intercedit,
714 2663 790 2738 quod
806 2663 872 2723 illae
887 2679 945 2722 non
962 2666 1074 2738 propria
1093 2666 1268 2726 detennina·

225 2747 302 2807 tione
324 2755 501 2821 moveantur,
528 2749 577 2807 sed
597 2748 784 2807 intentionem
807 2749 934 2807 divinam
954 2749 1118 2808 necessitate
1142 2757 1268 2810 naturae

224 2833 382 2907 perficiant.
395 2835 439 2893 Sic
450 2834 518 2892 cocti
528 2842 672 2893 enarrant
682 2833 811 2908 plocium
821 2833 880 2907 lici,
896 2843 923 2892 st
936 2849 1023 2910 opero
1031 2849 1180 2892 manuum
1190 2833 1268 2894 llius

225 2919 386 2976 annuntiat
411 2919 645 2990 firmamentum.
669 2919 769 2977 Contra
787 2924 933 2977 creaturae
957 2919 1108 2978 rationales
1132 2917 1267 2990 libertate

224 3007 291 3059 sunt
305 3003 458 3076 praeditae,
475 3009 503 3060 et
523 3002 633 3060 actibus
652 3008 805 3075 operantur
819 3017 857 3060 ex
872 3002 1028 3061 deliberata
1045 3003 1189 3061 vuluntate
1202 3019 1267 3076 pro

224 3083 425 3159 ficiscentibns,
443 3087 597 3160 exquibus
616 3086 670 3144 rite
684 3087 784 3161 positis
799 3088 867 3145 ordo
881 3087 997 3145 moralis
1016 3086 1175 3146 efflorescit
1192 3087 1266 3161 Ergo

222 3170 291 3228 ordo
306 3170 421 3228 moralis
442 3171 477 3228 ad
500 3171 586 3229 linem
603 3171 735 3244 p'ertinet,
759 3187 844 3245 quem
867 3172 938 3230 [leus
956 3172 987 3229 in
1005 3171 1146 3230 creatione
1166 3187 1265 3231 rerum

222 3253 352 3313 intendit.
370 3254 458 3314 lrnmo
474 3256 625 3329 praecipua
635 3271 702 3329 pars
716 3257 844 3315 estillius
859 3256 938 3328 dnis3
955 3255 1096 3329 siquidem
1105 3271 1156 3329 per
1170 3256 1265 3329 ipsum

221 3337 271 3398 Dei
290 3340 380 3413 gloria
395 3340 508 3414 proprie
529 3340 696 3414 completur,
713 3356 799 3413 quam
819 3341 887 3399 ordo
905 3341 1040 3415 physicus
1054 3341 1084 3399 in
1101 3347 1208 3399 munem
1223 3347 1264 3398 at-

221 3423 312 3497 tingit,
329 3423 359 3482 in
380 3432 518 3497 quantum
534 3425 568 3482 ad
581 3425 718 3483 moralem
744 3426 883 3498 dirigitur.
907 3427 940 3485 llt
955 3425 1042 3499 igitur
1060 3426 1145 3484 bomo
1162 3424 1213 3483 tini
1230 3440 1263 3484 se

223 3508 387 3579 conformet,
405 3515 519 3582 propter
533 3523 618 3581 quem
638 3509 819 3568 existentiam
834 3511 922 3569 alteo
939 3511 1061 3584 recepit;
1085 3525 1201 3568 necesse
1218 3515 1264 3569 est

219 3597 310 3665 utpru
321 3591 428 3650 viribus
440 3591 533 3651 ordini
546 3593 647 3652 morali
658 3595 854 3654 constituendo
864 3600 892 3654 et
902 3595 1101 3669 amplificando
1115 3594 1262 3653 adlaboret
1377 3590 1383 3598 ’

219 3679 280 3734 tum
293 3675 325 3733 in
343 3689 373 3734 se
390 3678 493 3734 lumin
512 3676 583 3749 aliis,
601 3692 722 3750 quorum
739 3694 808 3737 cura
822 3681 859 3739 ad
876 3681 972 3754 ipsum
986 3679 1135 3753 pertineat.

254 3759 285 3817 ld
299 3775 365 3819 reru
380 3759 449 3820 dum
460 3760 544 3820 homo
558 3767 691 3834 praestat,
703 3778 845 3822 summam
855 3764 942 3822 etiam
952 3763 1155 3838 perlectionem
1165 3763 1264 3838 acqui·
1378 3803 1382 3809 -

218 3842 257 3902 rit
275 3851 358 3917 prout
379 3846 525 3905 rationalis
546 3851 650 3906 natura
674 3855 726 3906 est.
747 3849 855 3909 Bonum
877 3848 955 3908 enim
975 3849 1094 3908 rationis
1112 3849 1144 3907 in
1162 3849 1266 3909 ordine

223 3927 360 4002 cernitur,
381 3943 487 4004 perque
499 3931 595 4004 ipsum
620 3930 712 3995 sirius
733 3935 826 4004 onmis
845 3934 991 4016 manime
1008 3939 1172 4010 sensnum
1188 3933 1269 4002 lum
