2767 4492
247 355 251 366 '
339 377 414 423 ears
429 377 743 423 mame-unnonoam
756 361 926 426 utrumme
1101 357 1158 429 ooo

108 466 230 526 fortuna.
247 462 373 537 Itemque
388 463 486 535 negari
496 463 596 535 nequit
609 462 714 521 multos
728 476 790 520 esse
805 465 854 537 qui
869 467 981 539 egeant,
998 463 1048 538 qur·
1057 467 1156 525 omen

108 551 193 622 longe
208 545 319 606 meliori
334 553 408 604 sorte
429 552 495 604 sunt
515 545 610 619 digni3
634 545 786 619 pluresque
805 553 904 606 contra
920 549 1007 607 rebus
1021 547 1155 608 omnibus

109 634 269 704 adundare,
286 631 336 704 qui
361 629 532 704 supplicium
553 634 713 702 merentur,
739 636 887 703 propterea
906 633 980 705 quod
1000 633 1109 707 rapinis
1126 637 1155 691 et

110 716 191 776 omni
200 715 370 788 flagitiorum
381 729 485 786 genere
495 713 680 772 delectantur.
689 713 804 772 Praeter
811 713 898 786 igitur
908 729 942 772 ea
951 730 1023 788 quae
1030 717 1155 791 reposui·

109 815 194 874 mus,
206 798 315 872 ahquid
330 797 407 856 aliud
422 798 584 866 addendum
594 802 650 870 est,
666 801 699 855 ut
711 795 864 855 diffiotrstm
874 801 990 857 omnino
999 805 1152 860 evertatur.

143 884 210 945 Dico
230 883 326 956 itaque
343 882 448 940 exinde
465 897 522 942 nou
541 882 668 941 divinam
687 881 895 954 providentiam
910 881 1090 956 labefactari,
1104 885 1155 943 sed

108 969 229 1029 altemm
243 981 346 1026 aevum
360 965 427 1025 huie
442 980 639 1025 successurum
650 979 713 1024 esse
727 965 873 1024 euidenter
881 965 1002 1025 ostendi.
1019 967 1053 1025 Ut
1066 967 1154 1040 igitur

108 1055 179 1112 dum
194 1051 288 1110 tabula
304 1056 455 1124 spectatur,
473 1065 570 1108 rerum
584 1049 724 1108 iudicium
738 1049 807 1107 lerri
822 1051 935 1125 nequit,
947 1050 1004 1108 nisi
1018 1051 1113 1109 extum
1127 1057 1156 1109 et

107 1137 209 1196 ultima
218 1134 285 1193 nudi
295 1133 396 1192 solutio
406 1133 612 1206 consideratum
624 1133 649 1191 si
657 1133 693 1191 de
704 1133 846 1206 praesenti
860 1133 928 1200 uita,
938 1149 1025 1208 quam
1036 1134 1152 1193 tabulae

109 1222 171 1280 iure
182 1217 389 1289 assimilamus,
406 1217 655 1278 sermocinandum
665 1223 717 1275 est.
737 1217 829 1274 Donec
843 1217 950 1277 labanti
961 1220 1014 1278 hoe
1029 1234 1099 1278 aeuo
1110 1235 1156 1293 pe

110 1309 200 1374 racto,
219 1307 308 1360 status
322 1301 416 1358 finatis
432 1300 599 1373 advenerit,
620 1303 649 1357 in
665 1316 721 1374 quo
732 1302 847 1358 tandem
860 1303 987 1374 praemia
1002 1318 1036 1360 ae
1049 1305 1158 1376 paenae

109 1403 161 1461 pro
176 1385 351 1457 singulorum
362 1385 478 1464 *meritis
491 1385 574 1458 piene
584 1383 794 1458 retribuentur3
806 1400 891 1443 nemo
905 1391 987 1460 putet
1000 1401 1031 1443 se
1042 1385 1157 1445 divinae

109 1469 236 1529 iustitiae
255 1473 284 1525 et
298 1467 491 1540 providentiae
509 1468 639 1526 ordinem
661 1469 776 1541 penitus
789 1468 987 1528 internovisse.
1011 1468 1062 1527 Hic
1080 1469 1159 1527 enim

111 1569 171 1613 non
186 1551 344 1626 praesentis
365 1551 439 1609 vitae
452 1551 594 1625 angustis
611 1553 787 1625 terminatur,
804 1553 855 1611 sed
873 1553 910 1611 ad
927 1554 1046 1612 alteram
1057 1552 1158 1626 etiam,

108 1652 184 1712 quiae
201 1638 256 1694 line
272 1635 397 1694 caritura
410 1641 454 1694 est
471 1682 478 1709 ,
493 1651 523 1694 se
538 1637 688 1709 protendit.

138 1721 209 1788 diua
227 1719 257 1776 in
272 1734 304 1776 re
319 1719 450 1792 prudenti
465 1719 620 1777 admodum
634 1720 800 1778 oeconomia
819 1720 894 1780 Deus
907 1722 998 1781 utitur
1011 1728 1039 1780 et
1053 1722 1090 1780 ad
1109 1737 1159 1780 no

110 1811 202 1866 suum
211 1803 320 1861 bonum
330 1802 647 1875 valdeaecommudata‚
664 1818 731 1861 cum
745 1805 899 1876 perlectam
914 1806 1107 1881 praemiorum
1122 1822 1156 1865 ac

114 1901 272 1963 poenarum
286 1885 514 1946 distributionem
531 1887 562 1945 in
576 1887 705 1946 luturum
722 1887 826 1946 diflert.
842 1889 914 1947 Hine
927 1891 1045 1949 enimin
1059 1890 1161 1964 primis

78 1971 373 2032 eluculeutissimnm
398 1971 559 2044 suppeditat
582 1977 736 2032 eventurae
756 1974 830 2032 vitae
855 1981 1066 2048 argumentum.
1086 1974 1161 2034 lliltil
1198 2012 1201 2017 >

9 2127 12 2132 .
111 2056 187 2116 enim
204 2053 364 2133 evidentius
380 2053 467 2114 menti
477 2059 535 2127 est,
547 2071 633 2129 quam
647 2057 725 2115 alind
740 2072 843 2117 sevum
857 2059 925 2118 huie
939 2074 1003 2118 esse
1017 2075 1162 2118 successu·

112 2155 188 2212 rum,
204 2147 236 2198 ut
249 2139 297 2197 liei
308 2138 415 2196 iustitia
429 2140 542 2211 penitus
554 2137 707 2212 impleatur
720 2146 749 2198 et
763 2149 906 2215 appareat.
923 2143 1030 2201 Deinde
1043 2157 1161 2218 magno

19 2229 24 2235 '
113 2239 181 2300 pere
195 2222 327 2282 iuvamur
349 2221 385 2280 ad
400 2222 531 2280 animum
549 2237 585 2280 ex
602 2224 721 2281 terrenis
743 2223 830 2284 rebus
845 2226 1058 2301 advocandum,
1076 2232 1161 2301 atque

112 2307 197 2368 bonis
210 2307 378 2366 caelestibus
396 2305 579 2376 affigendum.
608 2307 733 2379 Namque
749 2322 815 2365 cum
830 2309 978 2369 uideamus
1002 2311 1034 2369 in
1048 2311 1103 2369 hac
1116 2312 1159 2370 vi·
1226 2373 1236 2384 ,

114 2398 142 2453 ta
158 2394 247 2453 bonos
263 2393 347 2465 angi,
365 2389 455 2447 malos
470 2395 567 2450 eutem
592 2389 732 2448 ineolumi
748 2390 862 2450 fortuna
876 2393 943 2466 irui,
959 2394 1044 2452 facile
1064 2395 1162 2453 inieri-

113 2492 179 2537 mus
200 2476 328 2535 debitum
348 2478 376 2531 et
395 2478 619 2531 consentaneum
643 2473 756 2533 uirtutis
780 2476 954 2550 stipendium
973 2478 1163 2548 temporaneis

113 2560 271 2621 commodis
286 2574 343 2618 non
362 2558 511 2628 contineri,
528 2557 577 2615 sed
593 2557 680 2616 altius
696 2573 758 2617 esse
772 2561 937 2633 petendum.
951 2561 1042 2628 Quare
1050 2560 1162 2618 facilius

116 2646 284 2718 turpificatis
299 2656 394 2702 rerum
405 2641 616 2700 mundanarum
632 2642 782 2702 allectibus
797 2645 925 2701 animum
940 2643 1105 2716 liberamus,
1123 2649 1166 2703 at·

114 2747 171 2805 que
182 2731 219 2787 ad
240 2729 327 2786 Deum
345 2725 486 2800 puriorem
502 2726 629 2784 animum
647 2728 849 2786 convertimus.
876 2728 1021 2786 Praeclare
1036 2729 1165 2800 Augusti-

112 2829 181 2874 nus.
201 2837 213 2863 «
238 2811 353 2880 Placuit,
371 2809 480 2882 iuquit,
502 2808 615 2867 divinae
632 2811 825 2883 providentiae
842 2826 1012 2885 praeparare
1031 2811 1062 2868 iu
1077 2817 1167 2884 poste·

118 2923 131 2952 a
149 2911 215 2956 rum
230 2895 305 2952 bona
320 2892 413 2962 iustis,
430 2890 535 2964 quibus
546 2905 602 2949 uon
614 2893 744 2950 fruentur
756 2894 864 2966 iniusti,
877 2902 906 2952 et
915 2893 991 2952 mala
999 2894 1096 2967 impiis
1106 2895 1167 2968 qui·

120 3007 132 3036 a
150 2981 205 3039 bna
220 2991 276 3035 nun
292 2973 534 3032 excruciabuntur
544 2974 621 3032 boni.
639 2975 695 3032 ista
706 2990 772 3034 vero
784 2976 948 3050 temporalia
963 2976 1039 3035 bona
1049 2983 1078 3035 et
1091 2978 1168 3036 mala

73 3087 77 3094 ·
121 3089 134 3118 ι
149 3061 281 3134 utrisque
291 3057 380 3118 voluit
389 3073 451 3115 esse
460 3059 632 3130 communia,
646 3065 677 3117 ut
690 3074 744 3118 nec
753 3060 830 3119 bona
844 3061 978 3134 cupidius
986 3067 1169 3136 appetantur,

122 3173 134 3202 «
152 3162 226 3222 quae
241 3144 309 3203 mali
323 3157 435 3217 quoque
451 3142 556 3202 habere
571 3151 737 3218 cernuntur,
758 3160 812 3204 nee
832 3147 909 3204 mala
924 3147 1043 3221 turpiter
1064 3147 1170 3205 eviten-

124 3257 134 3284 t
153 3238 208 3303 tur,
225 3228 331 3302 quibus
345 3233 374 3286 et
388 3226 455 3284 boni
472 3228 636 3301 plerumque
653 3228 818 3287 alliciuntur
833 3231 858 3287 t.
879 3252 890 3281 »

138 3365 141 3373 l
155 3314 282 3387 Denique
297 3311 400 3371 tenoris
409 3311 504 3385 huius,
522 3328 606 3387 quem
620 3312 650 3370 in
667 3312 749 3372 bonis
763 3319 793 3372 et
805 3313 891 3372 malis
901 3313 1106 3374 distribuendis
1126 3313 1168 3372 di·

116 3399 185 3460 viua
205 3397 381 3472 providentia
398 3389 516 3472 'servat
534 3399 603 3456 haee
622 3398 702 3456 reddi
723 3398 796 3457 ratio
812 3402 911 3471 potest,
928 3397 1004 3472 quod
1028 3412 1113 3456 nemo
1133 3398 1171 3456 sit

118 3484 189 3542 adeo
199 3491 293 3541 rectus
308 3486 499 3555 moratusque,
519 3491 548 3542 ut
565 3498 624 3541 nun
639 3481 800 3557 peccaverit
816 3481 980 3556 aliquando,
996 3481 1097 3540 saltem
1117 3481 1174 3539 leri
1253 3475 1256 3480 ’

118 3568 243 3642 quodam
258 3566 364 3640 flagitio
381 3565 409 3638 23
427 3574 524 3625 ooutm
541 3583 623 3625 nemo
637 3567 707 3626 adeo
722 3567 760 3626 sit
774 3567 890 3641 impius,
914 3572 947 3624 ut
969 3566 1071 3624 saltem
1084 3581 1173 3639 quan·

117 3654 215 3725 doque
230 3650 363 3711 uirtutem
370 3653 496 3725 aliquam
510 3651 647 3713 moralem
663 3667 724 3712 non
738 3656 882 3712 exerceat.
896 3650 983 3726 Saepe
995 3650 1073 3710 enim
1086 3665 1174 3724 praua

164 3835 533 3902 rmmmmma

165 3907 464 3964 amalasuentam
481 3915 512 3962 m
527 3915 615 3964 diuistru
630 3916 684 3964 ibid.
703 3916 745 3963 rol.
764 3915 788 3978 2,
805 3918 863 3962 tratt.
882 3915 908 3978 tl.¹
