2767 4492
316 350 391 398 ruas
405 347 898 400 cmm-monocuurnumnrs
1076 341 1127 404 301

123 445 244 518 itepono,
256 437 428 512 exiis,quae
438 436 599 510 sutrinus,
610 444 742 498 neutram
752 440 908 502 illationem
919 441 1021 502 deduci
1030 457 1128 520 posse·

91 531 120 591 ln
132 526 232 603 primia
247 524 327 584 enim
341 527 499 598 peccatum,
516 538 573 598 qua
588 522 645 594 tale
658 528 710 596 eat,
726 539 785 584 non
799 526 939 600 positione
958 528 1055 604 abque
1068 544 1131 589 rea·

91 613 174 672 blatis
189 609 378 681 constituitur,
390 608 439 667 sed
451 607 579 667 carentia
592 608 709 667 moralis
719 609 836 684 ordinis,
849 627 901 670 seu
915 613 1131 675 convenientiae

92 713 154 757 cum
164 695 262 770 regula
275 709 399 766 morum,
411 708 484 767 quae
493 697 571 752 recto
580 693 699 752 rationis
714 693 869 754 dictamine
879 697 1049 757 continetur.
1061 700 1132 768 Quo
1162 747 1166 752 .

93 783 165 842 circa
178 779 297 855 peccati,
313 779 498 852 inquantum
516 782 666 852 peccatum
681 783 732 851 est,
754 793 812 837 non
828 783 887 838 tam
902 781 1030 840 efficiens
1043 799 1131 857 quam

92 866 223 926 deficiens
238 879 324 923 causa
338 863 437 938 quiaeri
453 863 544 922 debet
559 863 601 921 lin
621 877 677 937 quo
692 863 726 921 fit
739 867 772 922 ut
785 878 823 921 ex
841 863 971 938 pluribus
985 867 1080 925 musis
1096 869 1133 927 ad

92 952 229 1011 actionem
239 947 379 1008 eiusmodi
392 947 636 1020 concurrentibus,
652 947 695 1007 illi
707 953 818 1006 tanturn
829 948 912 1022 culpa
926 948 1077 1009 tribuenda
1085 952 1131 1026 sit,

92 1052 162 1111 quae
177 1034 273 1094 delicit
286 1034 317 1092 in
331 1031 454 1106 agend0;
470 1032 543 1106 quod
560 1032 591 1090 in
608 1033 698 1090 lleum
712 1033 813 1091 cadere
828 1032 947 1091 minime
966 1039 1067 1108 potest,
1083 1036 1134 1095 scd

92 1121 122 1182 in
133 1126 257 1180 creamm
271 1119 445 1178 voluntatem
461 1116 619 1176 dumtaxat.
636 1116 744 1174 Deinde
753 1117 909 1176 notandum
924 1124 976 1191 eet,
993 1121 1135 1180 actionem

92 1222 148 1266 non
163 1221 224 1266 esse
239 1203 419 1276 flagitiosam,
436 1201 491 1260 nisi
506 1209 590 1277 prout
600 1201 791 1260 determinata
800 1206 843 1260 est
856 1203 994 1276 peculiari
1009 1205 1133 1278 quodam

92 1305 194 1366 genere
208 1295 237 1349 et
257 1295 352 1347 acuum
370 1287 523 1360 quemdam
543 1286 661 1345 exbibet
682 1287 881 1365 individuum,
894 1289 954 1347 llon
974 1289 1050 1347 enim
1070 1291 1135 1364 quis

91 1382 198 1450 peccat,
215 1373 287 1446 quia
301 1370 457 1445 generatim
473 1371 634 1429 libertatem
652 1377 782 1444 exercet;
801 1371 851 1430 sed
866 1373 934 1445 quia
951 1373 982 1430 iu
996 1375 1081 1432 certis
1094 1390 1136 1433 re

92 1475 156 1519 rum
175 1457 315 1516 adiunctis
329 1471 363 1514 ea
377 1456 444 1514 lacit
459 1455 505 1514 vel
520 1455 632 1528 omittit,
650 1471 723 1530 quae
736 1471 796 1515 nou
810 1457 904 1516 lacere
921 1457 967 1516 vel
982 1473 1039 1517 non
1055 1457 1136 1518 omit·

92 1551 150 1604 tere
165 1542 323 1602 tenebatur.
336 1541 414 1600 Unde
431 1545 579 1614 peccalum
593 1539 635 1598 illi
652 1555 756 1599 causae
775 1557 876 1620 revera
892 1542 1028 1616 imputari
1042 1543 1135 1616 debet,

94 1629 212 1703 quaein
232 1626 372 1685 actionem
387 1639 444 1682 non
466 1630 621 1698 utcumque
636 1625 686 1682 sed
701 1626 742 1684 ita
755 1625 859 1700 inlluit,
876 1633 908 1684 ut
928 1642 992 1686 eam
1007 1628 1137 1686 determi-

92 1717 151 1786 net,
161 1717 188 1770 et
199 1717 305 1773 certam
315 1725 348 1767 ac
363 1709 536 1780 singularem
552 1708 666 1767 elliciat.
678 1709 739 1767 lam
753 1725 829 1783 vero,
845 1717 877 1768 ut
887 1712 1138 1785 supradiximus

92 1811 263 1857 concursum
278 1794 394 1854 exbibet
403 1793 613 1852 indifferentem
628 1799 656 1852 et
666 1795 843 1869 generalem,
861 1796 912 1869 quii
930 1796 1049 1871 proinde
1064 1796 1139 1855 eius-

91 1881 169 1941 modi
182 1887 301 1939 naturae
308 1884 360 1950 est,
377 1883 409 1936 ut
420 1877 455 1936 ad
469 1885 602 1938 neutram
616 1879 739 1954 optionis
747 1886 857 1954 partem
870 1885 993 1938 creatam
1009 1880 1137 1938 volunta

93 1973 151 2026 tem
164 1965 300 2036 inflectat,
312 1962 362 2022 sed
377 1963 404 2021 ei
421 1964 614 2023 tantummodo
627 1965 779 2037 opituletur
798 1969 827 2021 et
845 1964 880 2022 ad
895 1963 1035 2038 agendum
1055 1969 1139 2038 prout

90 2050 170 2108 lubet
183 2048 324 2120 integram
339 2050 504 2118 potestatem
516 2047 610 2105 iaciat.
628 2047 780 2105 Peculiaris
797 2063 863 2105 vero
872 2047 992 2105 actionis
1002 2047 1135 2106 determi-

91 2133 171 2193 natio
185 2148 203 2188 a
216 2131 312 2188 nativa
321 2129 448 2188 etlibera
458 2131 610 2188 voluntatis
625 2136 736 2189 creatae
746 2131 888 2190 activitate
899 2131 1036 2191 dimanat.
1050 2133 1141 2200 Quare

91 2217 162 2276 bulo
172 2219 347 2274 tantumnon
357 2229 506 2286 supremae
516 2229 618 2274 causae
628 2215 770 2288 flagitiosa
779 2216 995 2276 actiovertenda
1010 2217 1077 2276 vitio
1087 2223 1138 2276 est.

508 2384 731 2444 laureanuslll.

434 2551 473 2610 lle
492 2551 596 2613 diuino
606 2553 804 2629 providentio.

133 2724 195 2782 tit.
211 2723 406 2782 Providentiae
417 2737 522 2782 nomen
537 2739 622 2798 saepe
638 2724 674 2783 ad
689 2726 782 2798 ipsam
796 2739 892 2782 rerum
907 2723 1144 2797 gubernationem
1246 2741 1253 2751 ·

91 2815 181 2882 atoue
203 2807 477 2866 administrationem
492 2808 711 2878 significandam
726 2812 896 2879 usurpatur3
915 2806 1059 2865 interdum
1078 2822 1144 2866 vero
1216 2881 1220 2884 ²
1284 2863 1289 2872 ,

90 2891 245 2954 subtiliore
253 2890 376 2962 quadam
386 2888 573 2960 intelligentia
583 2889 652 2946 inde
663 2888 856 2961 distinguitur,
869 2905 902 2947 ac
915 2889 1041 2947 divinam
1053 2890 1145 2963 ipsam

88 2977 236 3038 rationem
250 2975 352 3029 cuncta
366 2971 564 3041 disponentem
578 2970 823 3044 ordinantemque,
843 2989 892 3032 seu
908 2989 1005 3032 rerum
1025 2974 1144 3047 disposi-

90 3064 204 3123 tionem
219 3061 247 3114 et
264 3055 393 3127 ordinem
411 3069 428 3111 a
443 3054 499 3111 Deo
514 3057 682 3126 conceptum
698 3055 985 3116 etdivin'a'voluntato
1001 3058 1144 3117 sancitum

89 3146 226 3218 designat
238 3143 264 3197 l.
279 3139 414 3198 Euocatio
429 3153 495 3196 vcro
510 3137 596 3196 buius
610 3137 727 3210 ordinis,
744 3154 801 3212 qua
812 3141 885 3201 lleus
900 3147 965 3201 actu
984 3159 1031 3202 res
1056 3142 1144 3200 semel

91 3230 226 3292 conditas
240 3229 382 3302 procurat,
402 3223 498 3282 debito
517 3222 604 3282 donat
621 3237 709 3295 nexu,
727 3227 871 3297 totamque
889 3226 989 3284 mundi
1008 3225 1146 3284 universi-

93 3320 186 3376 tatem
201 3319 229 3373 et
242 3315 359 3370 cunctas
375 3309 437 3368 eius
450 3311 547 3382 partes
561 3307 592 3365 in
606 3307 754 3381 proprium
767 3308 907 3384 cuiusque
922 3315 950 3368 et
965 3324 1147 3369 communem

93 3397 229 3458 omnium
243 3396 330 3471 linem
345 3391 457 3466 dirigit,
468 3389 635 3464 gubernatio
649 3391 822 3450 nominatur.
833 3393 888 3452 Nos
897 3393 971 3452 banc
986 3407 1084 3452 vocem
1099 3408 1145 3452 su·

145 3597 156 3640 l
174 3593 245 3650 Quare
259 3594 361 3641 boethius
377 3591 543 3656 providentiam
558 3591 655 3639 diuinam
671 3591 702 3638 ita
718 3591 830 3654 describit,
847 3597 872 3639 nt
886 3595 915 3640 nit
928 3614 936 3635 ι
950 3595 1034 3641 diuino
1049 3595 1112 3641 ratio
1123 3595 1151 3642 iat

88 3687 187 3722 summo
203 3675 308 3719 omnium
324 3673 434 3732 principe
450 3672 584 3726 totalitate,
601 3685 648 3730 peto
664 3673 748 3717 cuncta
763 3671 867 3729 disponit
884 3691 903 3715 ι.
921 3672 1012 3717 Sanctus
1027 3687 1078 3718 vero
1093 3671 1150 3718 sso-

83 3738 145 3796 ¹nam
159 3763 207 3794 eam
221 3747 299 3794 delinit
313 3751 428 3794 rationem
447 3761 530 3794 rerum
543 3749 572 3794 to
586 3749 669 3807 ptum,
685 3760 745 3806 quoe
761 3747 841 3793 exuto
854 3748 884 3792 to
897 3749 952 3793 Deo.
970 3747 1017 3802 Quo
1031 3747 1079 3794 looo
1095 3748 1148 3794 scite

88 3823 220 3871 ineundum
237 3827 288 3885 est,
307 3824 400 3870 nomine
414 3824 536 3884 rationis,
556 3822 595 3868 otei
612 3821 751 3884 potissimum
772 3821 884 3883 conceptio
899 3823 979 3868 mentis
994 3822 1148 3884 intelligetur,

91 3905 173 3948 temen
187 3898 272 3946 includi
285 3900 351 3946 etiam
365 3899 483 3948 voluntatis
499 3899 617 3963 decretum,
629 3915 672 3960 qno
682 3902 800 3961 conceptor
814 3897 867 3945 ordo
882 3898 1004 3946 executioni
1017 3898 1144 3946 mandatur.
