2767 4492
523 317 597 359 rans
612 315 731 358 tarnim
1116 305 1151 362 aa

89 401 226 472 clinans,
244 405 274 458 et
285 398 384 460 latiore
400 398 486 458 edam
505 411 594 456 sensa
612 396 736 471 cognitio
751 398 869 472 quaevis
887 403 965 457 certa
982 403 1012 458 et
1024 399 1153 474 evidens,

89 484 158 542 sire
177 483 410 555 ratiocinatione,
432 483 492 542 sive
513 481 574 541 sola
588 482 774 556 experientia,
793 489 843 542 aut
857 481 1009 543 intuitione
1023 483 1153 544 idearum

87 567 255 641 acquisita.
272 569 356 627 Porro
371 567 492 626 scientia
501 565 591 626 diuidi
605 566 774 640 praesertim
788 566 860 626 solet
875 567 905 624 in
921 565 1109 629 theoreticam
1123 579 1154 630 et

83 651 284 724 practicam,
299 652 348 710 ilia
366 655 410 710 est
422 666 496 725 quae
511 651 543 710 in
557 650 601 708 rei
619 649 857 724 contemplatione
876 651 1043 724 simpliciter
1061 654 1149 732 sistit;

85 733 164 795 haec
178 750 261 795 vero
273 751 347 809 quae
360 736 454 812 ipsam
467 734 511 796 rei
524 733 657 794 notitiam
671 734 709 792 ad
722 736 914 810 operationem
925 735 1033 811 dirigit.

435 905 599 964 Sotatmtur
617 903 809 978 difficultates.

123 1075 177 1132 50.
199 1073 374 1134 Ohiiciturl.
391 1073 419 1134 Si
432 1072 612 1134 ratiocinatio
622 1087 712 1132 verax
728 1079 811 1146 esset,
823 1073 918 1133 nultus
927 1091 1006 1138 error
1019 1079 1050 1137 ia
1061 1080 1152 1138 scion·

80 1159 135 1217 tiis
162 1160 395 1233 comperiretur,
426 1159 506 1218 nulia
530 1157 760 1216 dissentientium
787 1157 1020 1234 philosophorum
1045 1162 1151 1223 discre-

80 1243 207 1316 pantia.

120 1329 262 1400 Respon.
278 1328 352 1385 ilict.
367 1327 425 1384 nisi
440 1341 478 1384 ea
494 1324 663 1396 pertinacia,
683 1324 877 1398 praeiudiciis,
901 1328 1026 1400 partium
1047 1331 1151 1404 studio,

79 1411 266 1482 ceterisque
279 1408 395 1467 errandi
409 1405 552 1480 capitibus
566 1406 779 1465 adstruerentur
793 1412 939 1481 amquam
952 1411 1102 1484 principia,
1119 1429 1154 1472 ea

79 1509 168 1567 quae
184 1508 294 1566 reapse
307 1491 450 1566 principia
463 1506 521 1549 non
536 1495 611 1563 sunt,
623 1489 713 1550 immo
726 1505 779 1549 nec
789 1491 860 1565 ipsis
876 1507 975 1550 corum
990 1495 1154 1554 auctoribus

80 1577 239 1636 videntur
252 1575 405 1646 eiusmodi;
425 1580 484 1633 tum
503 1574 590 1633 etiam
607 1574 664 1640 nisi
678 1589 731 1647 pro
751 1574 910 1634 ratiociniis
927 1577 1110 1650 paralogismi
1125 1587 1155 1638 ct

82 1660 278 1735 sophismata
292 1658 476 1732 haberentur,
493 1657 627 1729 cotardo,
642 1673 734 1730 secus,
751 1673 832 1733 nepo.
850 1659 965 1718 Errores
988 1660 1152 1722 huiusmodi

83 1751 115 1803 et
131 1743 335 1803 dissentiones
349 1757 407 1800 non
421 1741 488 1801 inde
503 1741 642 1814 oriuntur,
657 1742 733 1816 quod
747 1757 830 1800 mens
844 1743 942 1803 inrita
957 1744 1153 1805 ratiocinando

87 1827 236 1902 fallatum
253 1827 303 1886 sed
318 1828 402 1886 unice
418 1842 456 1884 ex
470 1842 514 1899 eo,
526 1827 602 1900 quod
615 1831 777 1885 statuantur
790 1827 882 1886 instar
890 1829 1097 1904 principiorum
1112 1831 1153 1888 el·

82 1914 157 1986 iata,
177 1927 259 1987 quae
272 1911 323 1970 uin
341 1911 513 1986 hypotheses
528 1910 586 1969 dici
599 1915 729 1984 possunt,
746 1911 835 1970 immo
854 1912 941 1971 etiam
958 1927 1043 1988 saepe
1065 1929 1150 1975 exae-

87 1997 222 2056 stuantis
241 1995 350 2069 ingenii
363 1995 561 2054 deliramenta.
572 1995 621 2053 lei
635 1996 723 2053 eham
737 1995 805 2054 inde
819 1997 1047 2071 proficiscantur,
1063 2001 1148 2073 quod,

82 2082 139 2140 etsi
154 2097 233 2141 uera
247 2080 389 2140 iactantur
397 2080 552 2154 principia,
570 2086 665 2140 umen
674 2081 711 2138 de
721 2086 798 2140 recta
806 2081 997 2141 ratiocinandi
1006 2084 1147 2144 nameus

83 2165 242 2224 deliectat.
258 2165 335 2232 Quae
353 2165 408 2224 dno
428 2165 499 2224 vitia
517 2166 543 2223 si
561 2179 674 2240 semper
692 2165 865 2236 vitarentur,
885 2165 981 2224 nullus
1000 2167 1095 2225 hercle
1117 2167 1148 2226 in

85 2249 227 2309 scientiis
245 2264 331 2322 error,
348 2253 398 2308 aut
412 2249 564 2308 dissidium
578 2249 782 2308 dominaretur.
795 2250 899 2308 Verum
912 2251 984 2310 haec
998 2249 1147 2310 beatorum

84 2333 229 2408 felicitas,
247 2349 306 2392 non
320 2349 457 2409 praesens
471 2333 621 2392 hominum
633 2333 758 2392 conditio
773 2339 827 2392 est.
843 2334 973 2393 Attamen
988 2334 1019 2392 iu
1033 2335 1087 2392 hoc
1102 2350 1150 2391 vo-

83 2417 186 2478 luntas
201 2418 334 2477 hominis
348 2433 406 2477 non
421 2423 523 2477 nahra
543 2417 672 2476 accusari
687 2418 787 2490 debet;
804 2422 907 2476 natura
921 2418 999 2476 enim
1018 2416 1150 2490 suppedi-

88 2503 160 2562 tavit
175 2503 279 2565 media
294 2502 446 2576 detegendi
460 2517 602 2575 errorem3
614 2502 690 2576 quod
706 2503 789 2562 lacile
804 2503 854 2560 liet
867 2501 892 2560 si
907 2501 1048 2560 illationes
1061 2500 1149 2558 resol-

86 2595 196 2647 vantur
216 2590 251 2648 in
273 2587 416 2662 principia
435 2603 453 2645 a
471 2587 575 2660 quihus
592 2587 786 2660 deducuntur,
810 2585 952 2661 principia
974 2589 1147 2645 autemnon

86 2670 259 2732 habeantur
271 2673 328 2732 nisi
343 2687 379 2731 ea
393 2687 466 2746 quac
480 2672 628 2731 evidenter
641 2678 670 2731 et
684 2671 851 2731 immediate
865 2675 1024 2730 notescunt.

119 2757 216 2817 Obila.
235 2757 268 2815 ll.
285 2757 317 2814 ln
330 2755 526 2814 ratiocinando
547 2755 687 2814 memoria
710 2756 831 2826 utimur3
850 2755 919 2812 hacc
941 2761 1038 2813 autem
1059 2756 1145 2813 lallax

87 2844 140 2899 cst.
156 2841 238 2915 Ergo
256 2840 358 2903 saltem
372 2839 427 2898 hoc
444 2840 562 2897 nomine
577 2845 621 2897 est
634 2853 714 2896 error
728 2837 760 2895 in
782 2835 997 2894 ratiocinatione
1011 2838 1146 2908 pertime-

88 2925 232 2984 scendus.

122 3010 216 3080 llesp.
241 3005 312 3063 hist.
333 3005 439 3062 dator.
459 3007 490 3062 in
516 3000 713 3062 ratiocinando
734 2999 874 3056 memoria
891 3001 1000 3059 namur
1021 3014 1147 3076 semper,

86 3105 167 3163 nepo
176 3107 186 3162 ;
210 3087 378 3160 manando,
401 3085 485 3143 sold.
501 3085 542 3144 ita
555 3089 588 3141 ut
601 3083 632 3141 in
652 3085 792 3156 potestate
813 3083 931 3143 rationis
945 3085 995 3158 sit,
1012 3099 1060 3158 ea,
1076 3099 1150 3159 quae
1214 3129 1218 3138 .

87 3174 140 3232 illa
156 3172 258 3244 reteri,
276 3171 313 3229 ad
329 3168 466 3228 tmtinam
484 3181 619 3228 revocare
633 3182 685 3241 pro
698 3165 797 3240 lubito,
816 3169 952 3242 cocceam
968 3183 1051 3228 secas
1064 3184 1146 3244 acpo.

89 3257 162 3315 ltem
178 3257 254 3315 Dico.
268 3256 345 3314 aeia.
361 3254 501 3315 memoria
521 3252 610 3312 iallax
626 3261 682 3326 est,
704 3255 845 3328 quahnus
866 3252 924 3313 labi
948 3257 1083 3328 potestat
1096 3269 1146 3327 ea,

6 3405 9 3410 ,
91 3357 168 3414 qnae
183 3340 257 3400 alias
279 3338 410 3415 arripuit,
425 3339 568 3399 nonsatis
588 3337 744 3411 reminisci,
761 3337 847 3412 idque
861 3339 925 3413 ipsa
945 3343 1064 3398 terhate
1082 3352 1148 3398 con-

92 3426 225 3499 scientia,
242 3425 361 3486 marcado
370 3444 381 3497 ;
397 3429 547 3498 melenus,
565 3423 720 3483 sniticienti
735 3423 889 3482 attentione
904 3423 1040 3496 adhibita,
1057 3427 1149 3496 potest

93 3509 244 3570 evidenter
261 3512 369 3570 reterre
387 3509 509 3583 falsum,
526 3523 609 3584 copo.
626 3508 753 3568 Ohicotio
767 3522 826 3567 non
841 3523 899 3568 una
913 3523 950 3568 ea
966 3513 1047 3583 parte
1060 3507 1147 3568 racil-

94 3591 145 3651 lat.
160 3596 192 3654 ln
209 3595 324 3670 primis,
341 3609 442 3654 veram
461 3609 519 3654 non
538 3599 582 3652 est
599 3593 631 3653 in
648 3593 784 3653 omnihus
801 3592 960 3653 ratiociniis
980 3606 1065 3650 usum
1083 3607 1145 3653 esso

97 3681 263 3738 memoriae.
273 3680 341 3738 Cum
356 3679 435 3737 enim
449 3678 591 3737 illationes
600 3691 639 3737 ex
652 3677 801 3752 principiis
815 3677 917 3751 primis
931 3681 960 3735 et
975 3691 1027 3752 per
1041 3691 1071 3735 se
1086 3677 1145 3736 ovi-

98 3758 232 3823 dentihus
251 3763 381 3838 proxime
402 3763 596 3835 deducuntur,
612 3767 680 3821 tunc
699 3777 782 3822 mens
799 3761 900 3822 eodem
920 3767 1046 3836 temporo
1063 3775 1145 3834 prae·

3 3894 6 3905 .
99 3841 202 3908 missas
214 3853 244 3909 et
261 3848 473 3910 conclusionem
491 3848 559 3909 inde
577 3851 744 3909 manantem
759 3851 928 3916 contuetur,
944 3860 998 3908 nec
1016 3857 1089 3918 opas
1103 3847 1146 3902 ost
