2767 4492
263 310 300 378 lt
720 326 850 376 coerces

296 416 338 474 lix
353 430 409 490 qua
424 415 649 476 consideratione
662 417 741 489 patet
755 415 843 488 (qnod
858 413 911 472 etei
924 429 1010 488 saepe
1025 413 1134 474 dictum
1148 417 1195 490 sit,
1212 415 1308 478 dicon

261 501 331 560 dum
347 507 442 560 tamen
457 507 499 559 est
514 501 645 574 saepius)
661 499 782 572 ineptire
797 499 914 558 omnino
929 515 996 571 eos,
1013 501 1063 573 qni
1082 501 1226 560 Baoonam
1245 502 1309 564 irni-

262 584 312 644 tati
326 585 521 659 syllogismum
537 585 713 659 contemptui
727 583 847 657 habent,
863 585 1016 658 ipsumque
1031 600 1068 644 ne
1082 585 1176 644 hilum
1190 588 1309 661 qmdem

262 670 297 728 ad
312 670 443 729 raritates
457 670 629 744 detegendas
649 669 804 728 valiturum
827 668 991 741 opinantur.
1011 669 1031 726 li
1051 685 1174 744 quorum
1187 687 1309 731 numero

261 769 346 813 nemo
360 755 512 814 mirabitur
527 769 589 814 esse
604 753 710 825 Locke,
728 752 888 826 Gondillae,
905 752 1011 826 Tracy3
1028 759 1057 810 at
1071 753 1224 814 mirabitur
1237 771 1308 815 sane

261 838 364 906 horam
378 840 485 897 aculeis
500 855 538 898 ex
553 839 626 912 tnrpi
647 839 766 911 logicae
784 837 962 908 ignoratione
981 837 1115 910 proiectis
1134 854 1201 897 suos
1219 840 1308 897 atiena

262 923 427 981 adiunxisse
444 924 570 982 Stenart.
589 923 641 982 Sed
658 937 675 980 a
690 922 857 996 philosopho
874 921 988 994 penitus
1006 922 1144 995 empirice
1161 922 1234 980 nihil
1248 938 1308 981 me-

260 1006 317 1065 lias
331 1008 474 1081 expectari
490 1013 608 1081 poterat.
625 1006 755 1065 Ceteram
770 1007 818 1079 qni
835 1006 956 1064 sanioris
970 1012 1038 1064 sunt
1057 1007 1161 1065 mentis
1180 1007 1308 1080 syllogis-

260 1106 340 1150 mnm
365 1093 401 1150 ab
424 1093 532 1166 iniquis
556 1091 706 1150 conatibus
729 1091 906 1148 vindicatum
929 1090 1061 1162 dignitati
1084 1105 1153 1149 snae
1175 1092 1306 1150 restitue-

261 1181 329 1234 ront
344 1180 354 1224 t
370 1221 376 1249 ‚
392 1191 447 1235 nec
463 1177 614 1250 quisptam
630 1176 659 1232 in
676 1175 817 1248 praesenti
831 1181 883 1246 est,
900 1175 984 1232 modo
999 1175 1106 1247 aliquid
1125 1176 1236 1249 sapiat,
1256 1176 1308 1249 qui

261 1261 335 1319 hanc
349 1261 537 1319 ratiocinandi
552 1261 673 1318 sormam
689 1261 807 1333 eiusque
822 1260 935 1331 regulas
951 1272 1085 1333 spernere
1098 1259 1210 1317 audeat.

296 1345 341 1402 23.
359 1345 561 1417 syllogismus,
578 1351 610 1401 nt
635 1359 672 1402 en
695 1344 763 1417 ipsa·
777 1343 943 1402 delinitione
960 1344 1066 1416 liquet,
1085 1343 1175 1401 tribus
1197 1348 1307 1403 constat

260 1429 517 1509 propositionibus3
538 1443 660 1503 marum
684 1419 870 1500 dnae,'quae
892 1428 1083 1500 praecedunt,
1104 1427 1305 1501 praemissos,-

304 1612 315 1658 l
332 1611 388 1658 Vide
402 1613 460 1658 inter
475 1612 529 1658 alios
544 1609 577 1656 De
592 1611 702 1656 Gentiano
713 1611 759 1657 Des
773 1612 850 1669 signes
865 1615 887 1657 el
902 1611 930 1657 de
945 1612 1001 1658 l'ert
1014 1611 1043 1657 de
1054 1623 1149 1670 pensor,
1159 1611 1308 1658 ethnLnrrl

259 1689 311 1736 lez.
327 1689 353 1734 dt
367 1691 420 1746 Log.
438 1690 518 1734 ellel.
536 1688 583 1732 Lar.
601 1687 630 1730 49
645 1701 657 1732 e
672 1699 730 1746 segg.

305 1763 384 1808 Consin
400 1762 423 1808 in
438 1761 525 1808 landem
541 1761 659 1823 syllogismi
676 1762 728 1808 haee
743 1761 815 1808 hahet.
831 1783 840 1803 ι
853 1762 996 1824 syllogismus
1010 1763 1119 1822 legitimas
1134 1762 1235 1809 eximiam
1249 1764 1304 1809 soh-

261 1857 270 1882 r
287 1838 349 1884 audit
370 1837 476 1884 culturam
491 1852 556 1899 quana
571 1837 636 1883 simul
656 1843 746 1882 testatem
760 1843 782 1884 et
795 1845 866 1898 anget.
879 1839 998 1885 Enimvero
1016 1839 1152 1900 impossihile
1166 1844 1200 1884 est
1214 1838 1307 1886 termam

261 1931 271 1956 e
288 1913 425 1972 cogitationis
440 1912 471 1958 nil
486 1912 577 1958 inlinere
592 1911 614 1958 in
630 1913 783 1972 cogitationem
802 1916 887 1975 ipsam5
904 1928 928 1959 sc
949 1913 1080 1960 resolutione
1101 1913 1210 1960 ratiocinii
1224 1914 1247 1959 in
1264 1919 1307 1960 tres

262 2007 271 2030 a
289 1989 393 2034 terminos
409 1989 557 2042 essentiales,
578 1989 614 2050 qni
632 1989 703 2049 ipsam
719 1989 873 2051 constituunt,
893 2004 935 2034 non
953 1988 1010 2034 ellici
1027 1988 1184 2034 distinctionem
1201 2004 1226 2034 ae
1241 2005 1307 2035 seen-

261 2083 271 2106 a
287 2063 366 2108 riorsm
382 2063 542 2125 perceptionem
558 2063 688 2108 relationum
705 2065 870 2110 convenientiae
881 2063 1079 2126 etdiecrepantiae‚
1092 2080 1147 2126 quae
1162 2063 1210 2109 illos
1226 2067 1307 2110 uniunt

261 2158 270 2183 a
287 2143 325 2186 aut
343 2144 451 2202 separent.
470 2139 487 2184 E
503 2139 591 2199 regione
607 2139 689 2200 positae
706 2141 801 2193 maior,
821 2141 919 2192 minor,
936 2141 1034 2193 illatio,
1051 2155 1101 2184 snos
1117 2155 1179 2186 veros
1195 2146 1305 2201 respectes

262 2233 271 2258 a
288 2214 348 2276 ipsae
364 2229 403 2276 per
418 2230 440 2260 so
456 2213 597 2277 patefaciant,
615 2228 639 2259 sc
656 2215 702 2260 sola
718 2229 792 2259 aaroni
809 2219 866 2259 certa
883 2214 1053 2259 enumerationis
1069 2215 1102 2260 rie
1118 2219 1140 2259 et
1156 2213 1306 2277 dispositionis

261 2290 396 2350 alegilimae
416 2291 478 2336 ranis
499 2290 564 2352 plane
585 2290 727 2335 relationibus
748 2289 891 2334 attendendis
911 2295 1036 2352 repugnat,
1054 2289 1169 2352 firmatque
1188 2291 1306 2352 ancipitem

259 2385 269 2410 a
287 2365 402 2422 animum,
421 2369 443 2410 et
462 2365 553 2426 dissipat
569 2364 738 2426 phantasmata,
756 2364 836 2425 qnihns
856 2365 983 2424 imaginatio
1002 2366 1117 2411 intervalla
1132 2367 1306 2411 ratiocinationis

259 2458 269 2484 e
286 2440 362 2502 replet.
381 2441 446 2501 Rigor
462 2439 543 2486 iormae
560 2455 583 2484 se
599 2439 690 2486 reflectit
706 2454 772 2500 sopra
787 2440 856 2500 ipsam
867 2439 977 2498 cogitandi
988 2442 1109 2495 actionem,
1120 2457 1186 2502 segne
1197 2457 1246 2488 cnm
1257 2443 1305 2503 ipse

259 2533 268 2558 a
285 2516 458 2562 ratiocinationis
475 2531 574 2562 sermone
590 2516 745 2577 eonrmnnilat,
757 2519 821 2576 atgae
837 2515 895 2560 illico
911 2531 961 2560 cnm
977 2517 1024 2577 ipss
1035 2516 1131 2576 generali
1142 2516 1236 2577 loquela.
1248 2517 1305 2562 ilinc

259 2611 268 2632 a
286 2591 420 2652 pedetentim
437 2590 526 2652 quidam
542 2591 662 2636 severitatis
678 2595 701 2636 et
716 2591 857 2651 praecisionis
879 2591 999 2650 gignuntur
1015 2589 1117 2653 hahitare,
1135 2591 1173 2652 gari
1190 2592 1213 2636 in
1230 2607 1305 2636 omnes

259 2667 354 2711 usnimi
370 2665 506 2728 operationes
526 2665 639 2727 migrant,
657 2671 679 2710 et
698 2671 798 2726 menes
819 2665 842 2710 in
863 2665 1020 2725 intelligentiae
1036 2665 1182 2712 evolationem
1198 2665 1303 2710 inlinunt.

259 2741 321 2786 «Sic
337 2755 413 2801 reapse
433 2739 525 2799 legitimi
546 2739 665 2802 syllogismi
686 2741 794 2801 apparitio
814 2739 856 2785 luit
876 2746 999 2786 constanter
1019 2741 1041 2786 in
1064 2740 1201 2803 philosophia
1221 2745 1305 2786 certum

259 2835 268 2859 a
287 2831 354 2863 novae
370 2816 446 2862 aetatis
463 2816 549 2876 signnm
571 2833 609 2878 pro
629 2815 737 2861 methodis
757 2802 905 2878 scientiisgue.
926 2837 935 2858 ι
954 2819 1059 2864 Histoire
1078 2817 1106 2863 de
1129 2818 1153 2863 lo
1166 2817 1253 2876 philos.
1272 2817 1305 2862 des

230 2897 233 2905 ’
256 2892 374 2940 dte-tots.
393 2893 469 2945 silete,
487 2891 556 2950 legen
573 2891 610 2936 vl.

301 2971 431 3030 liemagnosi
449 2985 499 3016 aero
520 2967 572 3015 haec
593 2967 683 3016 scribit:
705 2989 714 3010 ι
731 2969 756 3014 Io
772 2983 817 3014 non
838 2968 887 3015 died
908 2968 969 3015 nolle
985 2969 1008 3014 di
1024 2968 1096 3031 quella
1114 2969 1193 3025 (della
1210 2968 1303 3026 logteol

161 3067 165 3078 ·
258 3067 267 3091 a
284 3045 320 3092 del
336 3047 418 3108 Soare,
436 3045 492 3091 eolla
508 3045 571 3106 quale
587 3044 750 3106 gl’intelligenti
766 3043 841 3090 hanno
856 3045 890 3104 gil
906 3046 1050 3107 pronuntiato
1066 3043 1168 3104 giadiaio.
1185 3043 1210 3088 Ie
1226 3043 1257 3087 nai
1273 3042 1304 3087 li-

257 3142 266 3167 e
283 3121 360 3168 milerd
377 3123 495 3169 solamente
511 3137 523 3166 a
539 3137 603 3182 poree
619 3122 741 3166 attonsione
757 3120 779 3166 al
795 3119 912 3166 discredito
928 3121 964 3167 nel
979 3120 1044 3182 qosle
1060 3121 1079 3166 si
1095 3123 1108 3165 d
1123 3119 1197 3166 voluto
1212 3117 1304 3180 porreil

257 3215 266 3240 a
284 3197 410 3258 sillogismo.
429 3197 541 3258 Qnests‚e
558 3198 602 3242 mio
618 3197 700 3259 arsiae,
717 3199 730 3242 d
745 3211 790 3242 ana
806 3197 889 3256 pande
904 3212 916 3243 a
932 3197 1049 3243 diesem
1066 3195 1215 3257 iaaprndenas.
1226 3193 1304 3239 leati-

254 3290 267 3313 a
284 3287 319 3316 mo
336 3273 489 3332 grandemente
505 3271 612 3332 l'analisi,
631 3287 642 3316 e
659 3272 688 3316 mi
705 3271 806 3333 lnsingo,
823 3271 880 3332 dopo
897 3272 904 3315 i
920 3272 972 3316 miei
988 3271 1057 3317 scritti
1074 3269 1208 3332 pnhhlieali‚
1225 3267 1248 3313 di
1264 3283 1303 3313 ea-

257 3363 267 3388 s
286 3361 332 3392 aere
349 3347 454 3410 creduto3
472 3362 507 3392 rna
524 3345 581 3392 nollo
603 3353 670 3392 stesso
691 3352 764 3408 tempo
780 3361 834 3391 sono
850 3345 959 3406 ohhligsto
976 3362 989 3392 s
1005 3345 1126 3392 dichiarare
1142 3345 1182 3390 che
1198 3345 1219 3388 io
1235 3344 1301 3390 stimo

257 3441 267 3464 a
284 3421 354 3467 anche
369 3427 524 3468 sommamsnte
540 3421 556 3466 il
571 3417 700 3484 'sillogisrno‚
718 3438 730 3467 e
746 3436 775 3467 ne
791 3420 933 3466 raccomsndo
949 3421 1132 3468 ierrorosamente
1148 3419 1266 3480 l'esoreisio
1283 3420 1303 3463 si

257 3515 266 3540 a
282 3498 306 3542 in
323 3499 392 3559 punto
408 3497 529 3556 ginnastieo
545 3497 584 3542 eho
601 3496 623 3542 in
641 3495 750 3558 pentadi
767 3495 896 3540 trattazioni.
917 3517 926 3537 ι
946 3499 978 3542 Ac
996 3499 1070 3556 pareto
1090 3498 1195 3558 deperisse
1215 3493 1302 3544 mett.-

258 3589 267 3612 ι
284 3569 330 3616 l‘na
347 3559 443 3617 normale
463 3573 608 3617 ecconsentita
625 3587 637 3616 e
653 3571 778 3616 sensionnta
799 3569 897 3631 equicola
913 3587 925 3616 e
941 3587 985 3618 una
1001 3573 1083 3618 misnra
1098 3585 1111 3617 e
1127 3587 1140 3618 a
1156 3584 1199 3617 nna
1215 3571 1304 3614 moneta

259 3664 267 3688 a
285 3643 421 3691 accreditatn.
437 3645 535 3706 Togliere
551 3663 564 3692 o
581 3645 698 3692 scroditare
714 3645 730 3690 il
747 3645 866 3707 sillogismo
880 3645 922 3706 egli
934 3647 945 3690 d
955 3645 977 3690 lo
988 3651 1055 3692 stesso
1072 3647 1112 3692 che
1127 3646 1209 3693 viatere
1222 3659 1235 3688 o
1246 3657 1304 3687 scre-

258 3739 267 3762 a
285 3719 354 3766 ditare
369 3721 423 3766 l'nso
441 3720 497 3767 delle
512 3723 614 3782 normali,
633 3737 645 3767 e
661 3729 742 3782 gettare
757 3722 778 3768 le
793 3723 852 3782 genti
874 3721 931 3768 nelle
948 3727 1003 3768 stato
1019 3721 1043 3767 di
1059 3737 1103 3768 nna
1119 3724 1205 3768 errante
1220 3717 1303 3766 herha-

258 3813 267 3839 ι
287 3794 326 3841 rie.
347 3817 355 3836 .
375 3798 478 3856 Operam
494 3802 510 3842 l.
529 3797 567 3842 l2.
585 3801 698 3847 Delt'mo
718 3800 781 3847 della
800 3801 898 3860 restore
916 3801 973 3849 aell'
983 3800 1155 3850 cantassem.
1172 3798 1228 3848 sote
1238 3798 1304 3846 sace

255 3871 385 3926 tilimcetc.
403 3872 500 3937 Regione
515 3871 643 3939 dell’opera.
