2767 4492
363 339 945 392 eisarnam-rtmonoanusmmsms
1123 327 1207 392 289·

165 426 313 492 Praeterea
321 429 365 489 vis
376 429 483 504 aliquid
497 433 579 490 extra
589 443 619 488 se
630 428 804 502 producendi
818 425 1008 503 praestantior
1021 425 1054 486 in
1067 425 1126 488 Deo
1139 442 1175 488 ac

12 541 13 546 ¹
131 515 215 590 louge
229 513 372 575 efficacior
387 529 449 574 csse
462 513 555 588 debet,
572 527 661 588 quam
674 513 707 572 in
721 512 847 586 qualibet
860 512 918 588 alia
932 527 1020 573 causa
1033 511 1176 587 possibili.

132 601 218 662 &cus
227 614 285 659 non
295 602 371 658 esset
382 598 457 658 Deus
471 611 569 658 rerum
583 595 723 669 omnium,
735 610 808 668 quae
823 595 941 670 cogitari
953 601 1083 671 possunt,
1098 611 1179 671 prae·

131 681 323 744 atsutissimus
338 687 423 756 atque
437 682 573 758 optimus.
584 681 668 756 Atqui
681 679 762 740 nulla
776 677 933 754 probabilis
945 680 1018 740 ratio
1032 681 1114 740 reddi
1128 697 1177 756 po

132 773 194 842 test,
206 784 257 828 cur
267 767 340 828 actio
354 782 427 842 quse
441 767 575 826 effectum
588 781 627 825 ex
641 770 796 840 praeeunte
811 764 932 823 materia
946 765 1054 838 gignat,
1070 780 1177 826 causae

97 879 105 892 -
131 853 217 912 alicui
236 852 334 912 linitae
348 867 405 911 uon
420 855 578 926 competat,
594 855 750 924 utcumque
769 848 944 923 praestantia
958 847 1045 908 huius
1059 849 1177 910 etiectus

131 935 329 1011 amplificetur.
345 935 434 1009 Ergo,
451 935 508 994 nisi
521 933 635 1010 proprie
649 933 727 992 dicta
738 932 783 992 vis
797 931 934 1005 creandi,
950 947 1023 1006 quae
1037 948 1100 992 rem
1114 935 1178 995 sine

129 1021 247 1100 praevia
264 1019 385 1080 materia
399 1019 521 1094 condat,
537 1021 569 1078 in
583 1019 640 1079 Deo
655 1023 748 1092 esset;
765 1017 1005 1076 iseilicacitatem
1026 1033 1179 1078 causamm

130 1105 276 1164 finitarum
291 1117 472 1178 nequaquam
486 1104 654 1177 excederet3
671 1118 728 1177 quo
742 1101 816 1160 nibil
830 1106 999 1175 potestesse
1013 1101 1175 1163 absurdius.

129 1187 162 1248 Et
178 1205 246 1248 sane
261 1189 357 1264 ponite
371 1194 438 1247 ants
452 1187 549 1247 oculos
564 1187 699 1247 ellectum
712 1201 923 1260 quemcumque
945 1185 1175 1261 nobilissimum,

130 1274 180 1348 qui
195 1289 232 1332 ex
246 1274 425 1347 praeiacente
444 1271 564 1330 materia
583 1271 731 1330 confletur.
749 1269 866 1344 Quaqua
881 1285 981 1329 versus
995 1270 1072 1329 hunc
1088 1271 1176 1346 inspi-

130 1358 221 1430 ciatis,
233 1357 307 1422 nibil
316 1357 347 1416 iu
358 1373 391 1416 eo
401 1356 539 1431 proditur,
552 1356 627 1427 quod
637 1355 780 1414 infinitam
795 1355 856 1414 vim
869 1355 1001 1429 postulet,
1013 1355 1088 1415 llaec
1098 1356 1177 1416 euim

130 1437 241 1500 tantum
253 1456 305 1514 pro
320 1441 463 1500 creatione
478 1440 665 1500 convincitur.
682 1439 755 1513 Ergo
770 1454 838 1498 cum
852 1439 934 1498 linita
946 1439 1001 1511 vis,
1020 1445 1175 1514 utcumque

128 1525 382 1600 praestantissima,
394 1524 492 1584 finitae
507 1524 682 1584 substantiae
698 1539 758 1582 non
770 1527 926 1597 repugnet,
938 1523 995 1582 nisi
1010 1523 1120 1598 aliquid
1134 1524 1175 1583 al-

130 1611 205 1685 tius,
223 1610 258 1669 ad
273 1609 472 1669 efficacitatem
487 1609 564 1684 qnod
579 1608 700 1682 attinet,
717 1622 868 1682 supremae
886 1623 989 1668 causae
1011 1608 1174 1680 tribuatur,
1196 1682 1199 1687 ⁴

129 1710 278 1769 uunquam
293 1695 367 1754 actio
382 1694 443 1753 eius
460 1700 570 1753 tantum
585 1693 699 1768 propria
715 1693 894 1766 cogitabitur.

165 1779 218 1838 Sed
237 1793 373 1853 quorsum
395 1777 592 1838 subtilioribus
612 1776 878 1838 ratiocinationibus
894 1776 925 1836 in
939 1794 970 1837 re
990 1777 1173 1854 laboramus,

128 1879 201 1937 quae
215 1863 302 1922 veluti
317 1862 391 1922 tacto
412 1861 474 1935 ipso
495 1863 646 1934 suadetur,
664 1869 692 1921 et
707 1867 860 1935 pensante
874 1862 972 1921 oculos
986 1862 1176 1923 obversatm‘t

128 1948 254 2006 Proiecto
268 1946 394 2005 mundus
407 1951 516 2020 exstat,
533 1953 679 2006 exstamus
694 1962 757 2005 nos.
775 1945 842 2019 lile,
861 1946 929 2021 quia
944 1963 979 2006 ex
995 1946 1102 2006 iniecta
1115 1962 1176 2006 ma·

128 2033 199 2090 toria
212 2031 292 2105 gigni
306 2046 364 2089 non
378 2031 477 2104 potuit,
491 2032 665 2090 creationem
679 2030 807 2105 aliquam
821 2031 987 2104 postularit,
1000 2031 1124 2105 animus,
1136 2046 1175 2091 ex

127 2131 183 2188 quo
194 2120 367 2188 constamus,
378 2121 474 2188 utpote
489 2116 539 2188 qni
553 2115 677 2189 simplex
687 2122 768 2173 estet
777 2114 943 2190 spiritualis,
955 2132 972 2175 e
984 2115 1075 2175 nihilo
1090 2116 1175 2175 condi

126 2198 235 2258 debuit.
246 2199 356 2257 atvero
367 2197 530 2257 huiusmodi
541 2198 646 2257 creatio
659 2199 775 2258 nonnisi
785 2214 802 2256 a
811 2199 868 2258 Deo
879 2200 953 2257 iacta
962 2205 1019 2259 est:
1033 2205 1093 2260 tum
1105 2200 1173 2274 quis

127 2297 210 2342 secus
224 2281 301 2341 idem
314 2281 421 2340 rediret
440 2287 640 2355 argumentum
655 2283 690 2340 de
704 2297 780 2341 novo
794 2297 899 2356 causa,
916 2299 990 2357 quae
1005 2285 1077 2344 torte
1091 2283 1174 2343 indu·
1228 2325 1235 2332 .
1354 2265 1359 2274 ’

127 2371 252 2438 ceretur3
279 2371 340 2425 tum
361 2365 448 2424 etiam
463 2365 532 2440 quia
546 2366 651 2424 creatio
666 2365 726 2424 vim
740 2366 884 2426 infinitam
898 2368 1041 2442 exquirit,
1057 2374 1089 2426 ut
1102 2383 1172 2428 mox

126 2450 322 2524 probabimus,
337 2450 394 2508 Deo
408 2449 495 2523 igitur
508 2450 553 2508 vis
567 2448 684 2508 creandi
699 2455 861 2525 competere
875 2451 969 2526 debet,
982 2451 1007 2510 si
1016 2466 1114 2510 rerum
1128 2465 1172 2510 ce

128 2542 252 2595 terarum
267 2535 420 2594 existentia
435 2535 543 2594 adstrui
557 2540 585 2594 et
599 2533 738 2610 explicari
752 2536 830 2596 velit.

163 2619 223 2679 168.
236 2619 315 2688 Quod
328 2636 396 2680 vero
411 2620 447 2680 ad
461 2621 617 2680 creandum
632 2619 677 2680 vis
690 2619 805 2679 infinita
817 2620 991 2694 requiratin,
1003 2616 1173 2680 facillimum

126 2709 169 2765 est
183 2705 219 2764 ad
232 2704 428 2764 indicendum.
445 2705 572 2764 bimum
594 2705 673 2764 euim
689 2719 728 2762 ex
742 2705 805 2778 ipsa
826 2703 1003 2778 experientia
1020 2718 1078 2763 non
1102 2703 1173 2764 leuis

125 2789 288 2848 coniectura
302 2789 414 2848 desumi
428 2794 533 2862 potest,
551 2790 693 2862 siquidem
709 2793 796 2846 causa
809 2788 892 2846 finita
906 2787 1043 2861 quaevis,
1059 2792 1172 2847 utcum-

124 2887 180 2945 que
195 2873 297 2929 etficax
313 2871 350 2928 sit
364 2876 392 2928 et
406 2877 572 2943 praestans,
588 2884 739 2942 nunquam
759 2869 893 2928 effectum
913 2870 1005 2944 gignit
1025 2871 1171 2946 aliquem,

125 2954 182 3014 uisi
197 2953 318 3011 materia
333 2953 474 3026 quaedum
489 2961 518 3011 et
533 2951 707 3024 subiectum,
723 2951 755 3010 in
770 2969 825 3027 quo
840 2954 890 3014 illa
905 2960 1046 3030 operetur,
1061 2961 1175 3030 praesto

124 3038 170 3098 sit.
189 3037 264 3105 Quae
289 3041 422 3095 constans
437 3041 466 3094 et
479 3035 613 3108 perennis
637 3035 817 3110 observatio,
834 3039 888 3097 etsi
901 3054 963 3099 rem
977 3055 1029 3116 pro
1044 3041 1174 3115 qualibet

125 3137 212 3198 causa
225 3119 354 3194 possibili
367 3134 425 3179 non
439 3119 573 3194 deliniat;
591 3120 659 3178 satis
675 3124 772 3178 tamen
787 3121 945 3196 appmbatu
960 3124 1077 3199 dignam
1091 3125 1170 3184 tacit.

124 3204 292 3268 incredibile
306 3204 384 3270 enim
397 3203 525 3277 ridetur,
542 3209 587 3279 ut,
604 3205 629 3264 si
643 3203 754 3263 effectio
768 3207 812 3265 rei
826 3223 864 3266 ex
877 3207 970 3268 nihilo
984 3209 1044 3268 vim
1058 3209 1171 3268 linitam

124 3307 182 3350 non
197 3289 325 3361 excedat,
337 3303 372 3347 es
383 3303 486 3348 causac
499 3289 572 3348 nulli
587 3295 700 3349 creatae
714 3296 865 3366 competat.
878 3291 985 3351 Deinde
1001 3291 1107 3351 creatio
1121 3291 1171 3351 ab·

125 3376 249 3434 solutum
269 3373 406 3447 omnino,
422 3377 554 3449 utsupra
578 3372 659 3447 dixi,
677 3379 762 3448 atque
780 3391 838 3435 non
857 3376 972 3437 aliunde
996 3377 1172 3451 pendentem

124 3459 280 3534 praesefert
300 3457 404 3532 agendi
423 3457 550 3517 modum.
574 3455 689 3519 Nullum
704 3459 783 3520 enim
797 3460 959 3521 subiectum
980 3461 1134 3535 importat,
1155 3476 1173 3520 s

125 3563 181 3622 quo
200 3563 286 3607 causa
309 3545 423 3606 iuvetur
437 3550 466 3604 et
479 3545 509 3605 in
525 3545 634 3620 agendo
650 3548 736 3608 ueluti
750 3549 912 3610 definiatur.
929 3550 1001 3624 Ergo
1015 3549 1093 3609 illius
1109 3554 1171 3609 tan

125 3638 186 3691 tum
201 3647 303 3691 causae
317 3631 432 3706 propris
446 3646 508 3691 esse
523 3631 634 3706 poterit,
647 3648 720 3707 quae
736 3633 865 3694 absoluta
878 3635 910 3694 in
924 3634 1073 3694 exulando
1083 3633 1129 3708 sit,
1141 3637 1171 3694 et

124 3731 163 3776 ex
177 3716 255 3776 nullo
277 3717 419 3776 exteriore
444 3716 583 3791 principio
603 3719 733 3791 pendeat.
755 3718 830 3778 llaec
848 3734 916 3779 vero
938 3730 1026 3778 causa
1040 3717 1097 3780 alia
1111 3732 1170 3778 non

124 3808 182 3873 est,
199 3800 255 3860 nisi
269 3800 352 3860 Deus.
368 3800 463 3860 Tertio
475 3801 550 3861 inter
564 3802 747 3862 existentiam
760 3811 789 3862 et
804 3803 928 3863 nihilum
946 3803 1061 3865 intinita
1081 3817 1168 3878 quae·

123 3884 191 3962 dam
203 3883 374 3950 meriicitnr
387 3885 580 3960 mercapedo.
597 3887 639 3952 lta
651 3888 731 3952 enim
744 3887 868 3954 nibilum
881 3887 968 3952 usuc
980 3887 1018 3950 ab
1032 3891 1098 3950 ento
1111 3931 1119 3960 ,
1136 3889 1172 3948 ut

925 3971 975 4032 i3*
