<?xml version="1.0" encoding="UTF-8"?>
<!DOCTYPE html PUBLIC "-//W3C//DTD XHTML 1.0 Transitional//EN"
    "http://www.w3.org/TR/xhtml1/DTD/xhtml1-transitional.dtd">
<html xmlns="http://www.w3.org/1999/xhtml" xml:lang="en" lang="en">
 <head>
  <title>
</title>
<meta http-equiv="Content-Type" content="text/html;charset=utf-8" />
  <meta name='ocr-system' content='tesseract 3.04.00' />
  <meta name='ocr-capabilities' content='ocr_page ocr_carea ocr_par ocr_line ocrx_word'/>
</head>
<body>
  <div class='ocr_page' id='page_1' title='image "./institutionesph00libegoog_0777.png"; bbox 0 0 2767 4492; ppageno 0'>
   <div class='ocr_carea' id='block_1_1' title="bbox 525 409 1180 469">
    <p class='ocr_par' dir='ltr' id='par_1_1' title="bbox 525 409 1180 469">
     <span class='ocr_line' id='line_1_1' title="bbox 525 409 1180 469; baseline 0.008 -6"><span class='ocrx_word' id='word_1_1' title='bbox 525 422 604 464; x_wconf 85' lang='lat' dir='ltr'>runis</span> <span class='ocrx_word' id='word_1_2' title='bbox 623 420 765 464; x_wconf 77' lang='lat' dir='ltr'>nuruum-r</span> <span class='ocrx_word' id='word_1_3' title='bbox 1117 409 1180 469; x_wconf 44' lang='lat'>205*</span> 
     </span>
    </p>
   </div>
   <div class='ocr_carea' id='block_1_2' title="bbox 113 503 1171 1663">
    <p class='ocr_par' dir='ltr' id='par_1_2' title="bbox 113 503 1171 1663">
     <span class='ocr_line' id='line_1_2' title="bbox 116 503 1169 576; baseline 0.004 -14"><span class='ocrx_word' id='word_1_4' title='bbox 116 504 308 563; x_wconf 83' lang='lat' dir='ltr'>subveniendi</span> <span class='ocrx_word' id='word_1_5' title='bbox 329 504 472 561; x_wconf 90' lang='lat' dir='ltr'>humanae</span> <span class='ocrx_word' id='word_1_6' title='bbox 500 503 674 576; x_wconf 72' lang='lat' dir='ltr'>indigentiae</span> <span class='ocrx_word' id='word_1_7' title='bbox 699 508 727 561; x_wconf 89' lang='lat' dir='ltr'>et</span> <span class='ocrx_word' id='word_1_8' title='bbox 751 504 972 576; x_wconf 82' lang='lat' dir='ltr'>perfectibilitati</span> <span class='ocrx_word' id='word_1_9' title='bbox 997 504 1169 566; x_wconf 89' lang='lat' dir='ltr'>sullicicutia</span> 
     </span>
     <span class='ocr_line' id='line_1_3' title="bbox 113 587 1170 663; baseline 0.004 -16"><span class='ocrx_word' id='word_1_10' title='bbox 113 590 209 648; x_wconf 90' lang='lat' dir='ltr'>modia</span> <span class='ocrx_word' id='word_1_11' title='bbox 224 588 428 662; x_wconf 86' lang='lat' dir='ltr'>complectitur,</span> <span class='ocrx_word' id='word_1_12' title='bbox 446 587 546 647; x_wconf 81' lang='lat' dir='ltr'>civitas</span> <span class='ocrx_word' id='word_1_13' title='bbox 562 594 753 661; x_wconf 87' lang='lat' dir='ltr'>nuncupatur.</span> <span class='ocrx_word' id='word_1_14' title='bbox 771 588 854 661; x_wconf 91' lang='lat' dir='ltr'>llaec,</span> <span class='ocrx_word' id='word_1_15' title='bbox 872 592 904 647; x_wconf 91' lang='lat' dir='ltr'>ut</span> <span class='ocrx_word' id='word_1_16' title='bbox 920 596 1017 663; x_wconf 91' lang='lat' dir='ltr'>pateus</span> <span class='ocrx_word' id='word_1_17' title='bbox 1033 597 1094 663; x_wconf 91' lang='lat' dir='ltr'>est,</span> <span class='ocrx_word' id='word_1_18' title='bbox 1120 607 1170 651; x_wconf 90' lang='lat' dir='ltr'>uo-</span> 
     </span>
     <span class='ocr_line' id='line_1_4' title="bbox 117 672 1170 746; baseline 0.002 -14"><span class='ocrx_word' id='word_1_19' title='bbox 117 689 169 733; x_wconf 86' lang='lat' dir='ltr'>ras</span> <span class='ocrx_word' id='word_1_20' title='bbox 189 674 340 733; x_wconf 78' lang='lat' dir='ltr'>relationes</span> <span class='ocrx_word' id='word_1_21' title='bbox 366 672 475 732; x_wconf 91' lang='lat' dir='ltr'>homini</span> <span class='ocrx_word' id='word_1_22' title='bbox 498 673 605 746; x_wconf 82' lang='lat' dir='ltr'>allert,</span> <span class='ocrx_word' id='word_1_23' title='bbox 627 687 694 730; x_wconf 91' lang='lat' dir='ltr'>cum</span> <span class='ocrx_word' id='word_1_24' title='bbox 713 672 806 745; x_wconf 90' lang='lat' dir='ltr'>ipsum</span> <span class='ocrx_word' id='word_1_25' title='bbox 829 673 915 732; x_wconf 81' lang='lat' dir='ltr'>ueluti</span> <span class='ocrx_word' id='word_1_26' title='bbox 935 684 1044 746; x_wconf 89' lang='lat' dir='ltr'>partem</span> <span class='ocrx_word' id='word_1_27' title='bbox 1064 676 1170 735; x_wconf 87' lang='lat' dir='ltr'>elliciat</span> 
     </span>
     <span class='ocr_line' id='line_1_5' title="bbox 117 756 1166 833; baseline 0.003 -16"><span class='ocrx_word' id='word_1_28' title='bbox 117 759 183 817; x_wconf 85' lang='lat' dir='ltr'>noti</span> <span class='ocrx_word' id='word_1_29' title='bbox 202 759 346 832; x_wconf 84' lang='lat' dir='ltr'>corporis;</span> <span class='ocrx_word' id='word_1_30' title='bbox 370 765 398 816; x_wconf 90' lang='lat' dir='ltr'>ct</span> <span class='ocrx_word' id='word_1_31' title='bbox 418 772 526 816; x_wconf 81' lang='lat' dir='ltr'>nouum</span> <span class='ocrx_word' id='word_1_32' title='bbox 540 758 715 832; x_wconf 90' lang='lat' dir='ltr'>principium</span> <span class='ocrx_word' id='word_1_33' title='bbox 729 756 839 815; x_wconf 83' lang='lat' dir='ltr'>ordinis</span> <span class='ocrx_word' id='word_1_34' title='bbox 854 758 997 832; x_wconf 78' lang='lat' dir='ltr'>exquirit,</span> <span class='ocrx_word' id='word_1_35' title='bbox 1024 775 1081 833; x_wconf 92' lang='lat' dir='ltr'>quo</span> <span class='ocrx_word' id='word_1_36' title='bbox 1095 762 1166 821; x_wconf 87' lang='lat' dir='ltr'>socii</span> 
     </span>
     <span class='ocr_line' id='line_1_6' title="bbox 117 838 1170 913; baseline 0.002 -16"><span class='ocrx_word' id='word_1_37' title='bbox 117 839 154 897; x_wconf 91' lang='lat' dir='ltr'>ad</span> <span class='ocrx_word' id='word_1_38' title='bbox 168 854 351 898; x_wconf 90' lang='lat' dir='ltr'>communem</span> <span class='ocrx_word' id='word_1_39' title='bbox 372 852 490 911; x_wconf 89' lang='lat' dir='ltr'>scopum</span> <span class='ocrx_word' id='word_1_40' title='bbox 515 844 600 913; x_wconf 90' lang='lat' dir='ltr'>atque</span> <span class='ocrx_word' id='word_1_41' title='bbox 615 839 768 897; x_wconf 74' lang='lat' dir='ltr'>utilitatem</span> <span class='ocrx_word' id='word_1_42' title='bbox 789 838 929 896; x_wconf 88' lang='lat' dir='ltr'>stabiliter</span> <span class='ocrx_word' id='word_1_43' title='bbox 947 838 1114 912; x_wconf 84' lang='lat' dir='ltr'>dirigantur.</span> <span class='ocrx_word' id='word_1_44' title='bbox 1131 840 1170 900; x_wconf 87' lang='lat' dir='ltr'>Dc</span> 
     </span>
     <span class='ocr_line' id='line_1_7' title="bbox 117 923 1171 997; baseline 0.001 -15"><span class='ocrx_word' id='word_1_45' title='bbox 117 940 152 983; x_wconf 89' lang='lat' dir='ltr'>ca</span> <span class='ocrx_word' id='word_1_46' title='bbox 163 924 250 997; x_wconf 84' lang='lat' dir='ltr'>igitur</span> <span class='ocrx_word' id='word_1_47' title='bbox 264 923 403 983; x_wconf 82' lang='lat' dir='ltr'>disserere</span> <span class='ocrx_word' id='word_1_48' title='bbox 418 939 490 997; x_wconf 90' lang='lat' dir='ltr'>opos</span> <span class='ocrx_word' id='word_1_49' title='bbox 503 930 565 996; x_wconf 86' lang='lat' dir='ltr'>est,</span> <span class='ocrx_word' id='word_1_50' title='bbox 594 930 625 983; x_wconf 89' lang='lat' dir='ltr'>ut</span> <span class='ocrx_word' id='word_1_51' title='bbox 638 924 840 997; x_wconf 81' lang='lat' dir='ltr'>dignoscamus</span> <span class='ocrx_word' id='word_1_52' title='bbox 862 938 935 996; x_wconf 90' lang='lat' dir='ltr'>qnae</span> <span class='ocrx_word' id='word_1_53' title='bbox 956 923 1020 981; x_wconf 90' lang='lat' dir='ltr'>iura</span> <span class='ocrx_word' id='word_1_54' title='bbox 1035 928 1063 982; x_wconf 90' lang='lat' dir='ltr'>et</span> <span class='ocrx_word' id='word_1_55' title='bbox 1076 923 1171 982; x_wconf 86' lang='lat' dir='ltr'>ollicia</span> 
     </span>
     <span class='ocr_line' id='line_1_8' title="bbox 118 1008 1170 1082; baseline 0 -14"><span class='ocrx_word' id='word_1_56' title='bbox 118 1010 223 1068; x_wconf 78' lang='lat' dir='ltr'>exinde</span> <span class='ocrx_word' id='word_1_57' title='bbox 247 1009 278 1069; x_wconf 90' lang='lat' dir='ltr'>io</span> <span class='ocrx_word' id='word_1_58' title='bbox 300 1008 430 1068; x_wconf 86' lang='lat' dir='ltr'>homiues</span> <span class='ocrx_word' id='word_1_59' title='bbox 449 1009 673 1082; x_wconf 80' lang='lat' dir='ltr'>proficiscantur.</span> <span class='ocrx_word' id='word_1_60' title='bbox 702 1008 784 1081; x_wconf 88' lang='lat' dir='ltr'>Operi</span> <span class='ocrx_word' id='word_1_61' title='bbox 812 1008 909 1081; x_wconf 88' lang='lat' dir='ltr'>itaque</span> <span class='ocrx_word' id='word_1_62' title='bbox 932 1023 1051 1067; x_wconf 89' lang='lat' dir='ltr'>manum</span> <span class='ocrx_word' id='word_1_63' title='bbox 1076 1009 1170 1069; x_wconf 81' lang='lat' dir='ltr'>admo</span> 
     </span>
     <span class='ocr_line' id='line_1_9' title="bbox 117 1092 1171 1168; baseline 0.002 -17"><span class='ocrx_word' id='word_1_64' title='bbox 117 1099 217 1152; x_wconf 81' lang='lat' dir='ltr'>rentes</span> <span class='ocrx_word' id='word_1_65' title='bbox 237 1093 363 1167; x_wconf 89' lang='lat' dir='ltr'>primum</span> <span class='ocrx_word' id='word_1_66' title='bbox 382 1098 515 1152; x_wconf 90' lang='lat' dir='ltr'>naturam</span> <span class='ocrx_word' id='word_1_67' title='bbox 534 1093 627 1168; x_wconf 91' lang='lat' dir='ltr'>ipsam</span> <span class='ocrx_word' id='word_1_68' title='bbox 642 1093 734 1152; x_wconf 87' lang='lat' dir='ltr'>civilis</span> <span class='ocrx_word' id='word_1_69' title='bbox 749 1093 892 1152; x_wconf 88' lang='lat' dir='ltr'>societatis</span> <span class='ocrx_word' id='word_1_70' title='bbox 914 1092 1071 1166; x_wconf 83' lang='lat' dir='ltr'>generatim</span> <span class='ocrx_word' id='word_1_71' title='bbox 1086 1094 1171 1153; x_wconf 89' lang='lat' dir='ltr'>cullu-</span> 
     </span>
     <span class='ocr_line' id='line_1_10' title="bbox 118 1170 1171 1251; baseline 0 -14"><span class='ocrx_word' id='word_1_72' title='bbox 118 1170 208 1237; x_wconf 86' lang='lat' dir='ltr'>strare</span> <span class='ocrx_word' id='word_1_73' title='bbox 222 1178 396 1237; x_wconf 86' lang='lat' dir='ltr'>studeamus.</span> <span class='ocrx_word' id='word_1_74' title='bbox 420 1178 499 1245; x_wconf 81' lang='lat' dir='ltr'>Quod</span> <span class='ocrx_word' id='word_1_75' title='bbox 518 1184 550 1237; x_wconf 91' lang='lat' dir='ltr'>ut</span> <span class='ocrx_word' id='word_1_76' title='bbox 565 1178 633 1251; x_wconf 86' lang='lat' dir='ltr'>liat,</span> <span class='ocrx_word' id='word_1_77' title='bbox 651 1176 705 1235; x_wconf 88' lang='lat' dir='ltr'>tria</span> <span class='ocrx_word' id='word_1_78' title='bbox 719 1177 899 1251; x_wconf 85' lang='lat' dir='ltr'>potissimum</span> <span class='ocrx_word' id='word_1_79' title='bbox 913 1178 949 1235; x_wconf 88' lang='lat' dir='ltr'>ad</span> <span class='ocrx_word' id='word_1_80' title='bbox 965 1178 1171 1251; x_wconf 77' lang='lat' dir='ltr'>explicandum</span> 
     </span>
     <span class='ocr_line' id='line_1_11' title="bbox 120 1260 1170 1335; baseline 0.002 -14"><span class='ocrx_word' id='word_1_81' title='bbox 120 1260 448 1335; x_wconf 83' lang='lat' dir='ltr'>assumimus3uidelicet</span> <span class='ocrx_word' id='word_1_82' title='bbox 458 1263 598 1335; x_wconf 89' lang='lat' dir='ltr'>quomodo</span> <span class='ocrx_word' id='word_1_83' title='bbox 608 1262 700 1321; x_wconf 85' lang='lat' dir='ltr'>civilis</span> <span class='ocrx_word' id='word_1_84' title='bbox 710 1262 829 1325; x_wconf 87' lang='lat' dir='ltr'>societas</span> <span class='ocrx_word' id='word_1_85' title='bbox 839 1277 905 1320; x_wconf 90' lang='lat' dir='ltr'>curn</span> <span class='ocrx_word' id='word_1_86' title='bbox 916 1262 1039 1321; x_wconf 89' lang='lat' dir='ltr'>essentia</span> <span class='ocrx_word' id='word_1_87' title='bbox 1047 1262 1170 1323; x_wconf 90' lang='lat' dir='ltr'>hominis</span> 
     </span>
     <span class='ocr_line' id='line_1_12' title="bbox 120 1346 1168 1422; baseline 0.002 -16"><span class='ocrx_word' id='word_1_88' title='bbox 120 1352 321 1420; x_wconf 87' lang='lat' dir='ltr'>connectatur,</span> <span class='ocrx_word' id='word_1_89' title='bbox 348 1362 399 1406; x_wconf 92' lang='lat' dir='ltr'>seu</span> <span class='ocrx_word' id='word_1_90' title='bbox 413 1363 556 1422; x_wconf 83' lang='lat' dir='ltr'>quaenam</span> <span class='ocrx_word' id='word_1_91' title='bbox 569 1349 632 1407; x_wconf 91' lang='lat' dir='ltr'>eius</span> <span class='ocrx_word' id='word_1_92' title='bbox 646 1348 724 1422; x_wconf 81' lang='lat' dir='ltr'>origo</span> <span class='ocrx_word' id='word_1_93' title='bbox 739 1348 792 1421; x_wconf 80' lang='lat' dir='ltr'>sit3</span> <span class='ocrx_word' id='word_1_94' title='bbox 818 1346 920 1406; x_wconf 90' lang='lat' dir='ltr'>deinde</span> <span class='ocrx_word' id='word_1_95' title='bbox 939 1347 1008 1421; x_wconf 91' lang='lat' dir='ltr'>quid</span> <span class='ocrx_word' id='word_1_96' title='bbox 1028 1348 1168 1408; x_wconf 90' lang='lat' dir='ltr'>eiusmodi</span> 
     </span>
     <span class='ocr_line' id='line_1_13' title="bbox 119 1430 1171 1505; baseline 0.001 -14"><span class='ocrx_word' id='word_1_97' title='bbox 119 1432 240 1491; x_wconf 90' lang='lat' dir='ltr'>societas</span> <span class='ocrx_word' id='word_1_98' title='bbox 253 1430 283 1489; x_wconf 82' lang='lat' dir='ltr'>vi</span> <span class='ocrx_word' id='word_1_99' title='bbox 296 1447 366 1490; x_wconf 91' lang='lat' dir='ltr'>suae</span> <span class='ocrx_word' id='word_1_100' title='bbox 379 1438 499 1491; x_wconf 88' lang='lat' dir='ltr'>naturae</span> <span class='ocrx_word' id='word_1_101' title='bbox 515 1448 615 1492; x_wconf 83' lang='lat' dir='ltr'>revera</span> <span class='ocrx_word' id='word_1_102' title='bbox 629 1436 755 1505; x_wconf 77' lang='lat' dir='ltr'>spectet,</span> <span class='ocrx_word' id='word_1_103' title='bbox 779 1448 832 1491; x_wconf 91' lang='lat' dir='ltr'>seu</span> <span class='ocrx_word' id='word_1_104' title='bbox 851 1430 969 1505; x_wconf 87' lang='lat' dir='ltr'>quinam</span> <span class='ocrx_word' id='word_1_105' title='bbox 983 1432 1046 1491; x_wconf 89' lang='lat' dir='ltr'>eius</span> <span class='ocrx_word' id='word_1_106' title='bbox 1060 1432 1096 1490; x_wconf 90' lang='lat' dir='ltr'>sit</span> <span class='ocrx_word' id='word_1_107' title='bbox 1111 1448 1171 1492; x_wconf 82' lang='lat' dir='ltr'>aco</span> 
     </span>
     <span class='ocr_line' id='line_1_14' title="bbox 118 1516 1170 1591; baseline 0.003 -17"><span class='ocrx_word' id='word_1_108' title='bbox 118 1531 191 1591; x_wconf 88' lang='lat' dir='ltr'>pus;</span> <span class='ocrx_word' id='word_1_109' title='bbox 210 1516 310 1589; x_wconf 89' lang='lat' dir='ltr'>tertio,</span> <span class='ocrx_word' id='word_1_110' title='bbox 335 1516 441 1591; x_wconf 86' lang='lat' dir='ltr'>quibus</span> <span class='ocrx_word' id='word_1_111' title='bbox 454 1518 601 1578; x_wconf 87' lang='lat' dir='ltr'>clementis</span> <span class='ocrx_word' id='word_1_112' title='bbox 616 1518 788 1577; x_wconf 86' lang='lat' dir='ltr'>intrinsecus</span> <span class='ocrx_word' id='word_1_113' title='bbox 803 1521 930 1591; x_wconf 89' lang='lat' dir='ltr'>constet,</span> <span class='ocrx_word' id='word_1_114' title='bbox 954 1532 1005 1577; x_wconf 87' lang='lat' dir='ltr'>seu</span> <span class='ocrx_word' id='word_1_115' title='bbox 1028 1532 1170 1591; x_wconf 89' lang='lat' dir='ltr'>quaenam</span> 
     </span>
     <span class='ocr_line' id='line_1_15' title="bbox 120 1601 1084 1663; baseline 0.007 -4"><span class='ocrx_word' id='word_1_116' title='bbox 120 1601 182 1659; x_wconf 89' lang='lat' dir='ltr'>eius</span> <span class='ocrx_word' id='word_1_117' title='bbox 196 1601 336 1661; x_wconf 85' lang='lat' dir='ltr'>namrulis</span> <span class='ocrx_word' id='word_1_118' title='bbox 351 1608 494 1663; x_wconf 88' lang='lat' dir='ltr'>structura</span> <span class='ocrx_word' id='word_1_119' title='bbox 508 1603 555 1663; x_wconf 88' lang='lat' dir='ltr'>sit.</span> <span class='ocrx_word' id='word_1_120' title='bbox 1080 1610 1084 1617; x_wconf 86' lang='lat'>&#39;</span> 
     </span>
    </p>
   </div>
   <div class='ocr_carea' id='block_1_3' title="bbox 531 1773 738 1835">
    <p class='ocr_par' dir='ltr' id='par_1_3' title="bbox 531 1773 738 1835">
     <span class='ocr_line' id='line_1_16' title="bbox 531 1773 738 1835; baseline 0 -2"><span class='ocrx_word' id='word_1_121' title='bbox 531 1773 702 1835; x_wconf 81' lang='lat' dir='ltr'>hurrcurus</span> <span class='ocrx_word' id='word_1_122' title='bbox 718 1774 738 1835; x_wconf 94' lang='lat' dir='ltr'>I.</span> 
     </span>
    </p>
   </div>
   <div class='ocr_carea' id='block_1_4' title="bbox 385 1940 905 2007">
    <p class='ocr_par' dir='ltr' id='par_1_4' title="bbox 385 1940 905 2007">
     <span class='ocr_line' id='line_1_17' title="bbox 385 1940 905 2007; baseline 0 -2"><span class='ocrx_word' id='word_1_123' title='bbox 385 1942 423 2007; x_wconf 83' lang='lat' dir='ltr'>De</span> <span class='ocrx_word' id='word_1_124' title='bbox 437 1946 576 2007; x_wconf 84' lang='lat' dir='ltr'>naturali</span> <span class='ocrx_word' id='word_1_125' title='bbox 590 1944 720 2007; x_wconf 81' lang='lat' dir='ltr'>hominis</span> <span class='ocrx_word' id='word_1_126' title='bbox 734 1940 905 2005; x_wconf 81' lang='lat' dir='ltr'>socialitate.</span> 
     </span>
    </p>
   </div>
   <div class='ocr_carea' id='block_1_5' title="bbox 64 2111 1173 3697">
    <p class='ocr_par' dir='ltr' id='par_1_5' title="bbox 64 2111 1173 3697">
     <span class='ocr_line' id='line_1_18' title="bbox 177 2111 1170 2193; baseline 0.002 -18"><span class='ocrx_word' id='word_1_127' title='bbox 177 2111 237 2176; x_wconf 74' lang='lat' dir='ltr'>lta</span> <span class='ocrx_word' id='word_1_128' title='bbox 263 2117 395 2177; x_wconf 77' lang='lat' dir='ltr'>ductores</span> <span class='ocrx_word' id='word_1_129' title='bbox 420 2115 479 2176; x_wconf 89' lang='lat' dir='ltr'>lere</span> <span class='ocrx_word' id='word_1_130' title='bbox 499 2132 597 2175; x_wconf 89' lang='lat' dir='ltr'>omues</span> <span class='ocrx_word' id='word_1_131' title='bbox 616 2121 820 2191; x_wconf 82' lang='lat' dir='ltr'>protestantes,</span> <span class='ocrx_word' id='word_1_132' title='bbox 839 2115 890 2193; x_wconf 88' lang='lat' dir='ltr'>qul</span> <span class='ocrx_word' id='word_1_133' title='bbox 909 2117 944 2175; x_wconf 90' lang='lat' dir='ltr'>do</span> <span class='ocrx_word' id='word_1_134' title='bbox 962 2116 1026 2177; x_wconf 90' lang='lat' dir='ltr'>iure</span> <span class='ocrx_word' id='word_1_135' title='bbox 1046 2114 1170 2178; x_wconf 87' lang='lat' dir='ltr'>naturali</span> 
     </span>
     <span class='ocr_line' id='line_1_19' title="bbox 120 2199 1171 2275; baseline 0.002 -15"><span class='ocrx_word' id='word_1_136' title='bbox 120 2201 314 2275; x_wconf 85' lang='lat' dir='ltr'>scripserunt,</span> <span class='ocrx_word' id='word_1_137' title='bbox 330 2201 471 2272; x_wconf 80' lang='lat' dir='ltr'>originem</span> <span class='ocrx_word' id='word_1_138' title='bbox 486 2199 578 2259; x_wconf 83' lang='lat' dir='ltr'>civilis</span> <span class='ocrx_word' id='word_1_139' title='bbox 593 2202 735 2261; x_wconf 89' lang='lat' dir='ltr'>societatis</span> <span class='ocrx_word' id='word_1_140' title='bbox 751 2202 868 2261; x_wconf 87' lang='lat' dir='ltr'>alibero</span> <span class='ocrx_word' id='word_1_141' title='bbox 882 2202 1033 2261; x_wconf 91' lang='lat' dir='ltr'>homiuum</span> <span class='ocrx_word' id='word_1_142' title='bbox 1048 2218 1171 2263; x_wconf 87' lang='lat' dir='ltr'>conveu-</span> 
     </span>
     <span class='ocr_line' id='line_1_20' title="bbox 121 2284 1171 2361; baseline 0.006 -19"><span class='ocrx_word' id='word_1_143' title='bbox 121 2284 198 2343; x_wconf 89' lang='lat' dir='ltr'>tione</span> <span class='ocrx_word' id='word_1_144' title='bbox 211 2290 352 2355; x_wconf 88' lang='lat' dir='ltr'>repetunt.</span> <span class='ocrx_word' id='word_1_145' title='bbox 375 2284 446 2341; x_wconf 90' lang='lat' dir='ltr'>ilino</span> <span class='ocrx_word' id='word_1_146' title='bbox 460 2284 641 2357; x_wconf 84' lang='lat' dir='ltr'>hypothesim</span> <span class='ocrx_word' id='word_1_147' title='bbox 654 2294 751 2343; x_wconf 81' lang='lat' dir='ltr'>stolus</span> <span class='ocrx_word' id='word_1_148' title='bbox 770 2294 917 2359; x_wconf 80' lang='lat' dir='ltr'>noturus,</span> <span class='ocrx_word' id='word_1_149' title='bbox 936 2292 967 2345; x_wconf 89' lang='lat' dir='ltr'>ul</span> <span class='ocrx_word' id='word_1_150' title='bbox 981 2288 1081 2361; x_wconf 88' lang='lat' dir='ltr'>aiunt,</span> <span class='ocrx_word' id='word_1_151' title='bbox 1097 2304 1171 2348; x_wconf 90' lang='lat' dir='ltr'>com·</span> 
     </span>
     <span class='ocr_line' id='line_1_21' title="bbox 118 2367 1173 2445; baseline 0.007 -20"><span class='ocrx_word' id='word_1_152' title='bbox 118 2368 328 2440; x_wconf 90' lang='lat' dir='ltr'>miniscuutur,</span> <span class='ocrx_word' id='word_1_153' title='bbox 350 2384 408 2441; x_wconf 90' lang='lat' dir='ltr'>qua</span> <span class='ocrx_word' id='word_1_154' title='bbox 424 2367 509 2427; x_wconf 90' lang='lat' dir='ltr'>lromo</span> <span class='ocrx_word' id='word_1_155' title='bbox 525 2374 606 2426; x_wconf 80' lang='lat' dir='ltr'>extra</span> <span class='ocrx_word' id='word_1_156' title='bbox 620 2367 796 2428; x_wconf 89' lang='lat' dir='ltr'>consortium</span> <span class='ocrx_word' id='word_1_157' title='bbox 811 2375 970 2429; x_wconf 82' lang='lat' dir='ltr'>ceterorum</span> <span class='ocrx_word' id='word_1_158' title='bbox 984 2372 1079 2445; x_wconf 76' lang='lat' dir='ltr'>nivat3</span> <span class='ocrx_word' id='word_1_159' title='bbox 1096 2389 1173 2432; x_wconf 90' lang='lat' dir='ltr'>earn·</span> 
     </span>
     <span class='ocr_line' id='line_1_22' title="bbox 120 2452 1173 2527; baseline 0.006 -17"><span class='ocrx_word' id='word_1_160' title='bbox 120 2469 176 2526; x_wconf 89' lang='lat' dir='ltr'>que</span> <span class='ocrx_word' id='word_1_161' title='bbox 195 2452 252 2525; x_wconf 76' lang='lat' dir='ltr'>alii</span> <span class='ocrx_word' id='word_1_162' title='bbox 268 2461 300 2512; x_wconf 94' lang='lat' dir='ltr'>ut</span> <span class='ocrx_word' id='word_1_163' title='bbox 314 2452 422 2511; x_wconf 91' lang='lat' dir='ltr'>lactum</span> <span class='ocrx_word' id='word_1_164' title='bbox 441 2452 536 2527; x_wconf 86' lang='lat' dir='ltr'>reale,</span> <span class='ocrx_word' id='word_1_165' title='bbox 563 2452 612 2511; x_wconf 93' lang='lat' dir='ltr'>alii</span> <span class='ocrx_word' id='word_1_166' title='bbox 631 2459 663 2511; x_wconf 94' lang='lat' dir='ltr'>ut</span> <span class='ocrx_word' id='word_1_167' title='bbox 683 2453 774 2512; x_wconf 89' lang='lat' dir='ltr'>solam</span> <span class='ocrx_word' id='word_1_168' title='bbox 791 2454 935 2513; x_wconf 83' lang='lat' dir='ltr'>liudonem</span> <span class='ocrx_word' id='word_1_169' title='bbox 954 2456 1109 2515; x_wconf 80' lang='lat' dir='ltr'>scientifice</span> <span class='ocrx_word' id='word_1_170' title='bbox 1129 2474 1173 2516; x_wconf 88' lang='lat' dir='ltr'>re·</span> 
     </span>
     <span class='ocr_line' id='line_1_23' title="bbox 120 2537 1172 2613; baseline 0.002 -18"><span class='ocrx_word' id='word_1_171' title='bbox 120 2538 255 2611; x_wconf 91' lang='lat' dir='ltr'>quisitam</span> <span class='ocrx_word' id='word_1_172' title='bbox 277 2543 449 2612; x_wconf 86' lang='lat' dir='ltr'>proponunt.</span> <span class='ocrx_word' id='word_1_173' title='bbox 474 2538 528 2597; x_wconf 86' lang='lat' dir='ltr'>Sed</span> <span class='ocrx_word' id='word_1_174' title='bbox 550 2537 720 2612; x_wconf 89' lang='lat' dir='ltr'>posteriores</span> <span class='ocrx_word' id='word_1_175' title='bbox 740 2538 792 2597; x_wconf 88' lang='lat' dir='ltr'>hos</span> <span class='ocrx_word' id='word_1_176' title='bbox 817 2538 947 2596; x_wconf 89' lang='lat' dir='ltr'>relellere</span> <span class='ocrx_word' id='word_1_177' title='bbox 970 2555 1028 2597; x_wconf 90' lang='lat' dir='ltr'>uun</span> <span class='ocrx_word' id='word_1_178' title='bbox 1042 2546 1172 2613; x_wconf 86' lang='lat' dir='ltr'>oportet,-</span> 
     </span>
     <span class='ocr_line' id='line_1_24' title="bbox 120 2621 1172 2697; baseline 0 -16"><span class='ocrx_word' id='word_1_179' title='bbox 120 2623 209 2682; x_wconf 90' lang='lat' dir='ltr'>nimis</span> <span class='ocrx_word' id='word_1_180' title='bbox 223 2623 300 2682; x_wconf 89' lang='lat' dir='ltr'>enim</span> <span class='ocrx_word' id='word_1_181' title='bbox 324 2629 421 2697; x_wconf 89' lang='lat' dir='ltr'>aperte</span> <span class='ocrx_word' id='word_1_182' title='bbox 436 2623 524 2682; x_wconf 90' lang='lat' dir='ltr'>claret</span> <span class='ocrx_word' id='word_1_183' title='bbox 540 2622 696 2697; x_wconf 88' lang='lat' dir='ltr'>pessimam</span> <span class='ocrx_word' id='word_1_184' title='bbox 712 2637 773 2682; x_wconf 86' lang='lat' dir='ltr'>esse</span> <span class='ocrx_word' id='word_1_185' title='bbox 793 2621 1011 2697; x_wconf 90' lang='lat' dir='ltr'>philosophandi</span> <span class='ocrx_word' id='word_1_186' title='bbox 1034 2623 1172 2683; x_wconf 89' lang='lat' dir='ltr'>rationem</span> 
     </span>
     <span class='ocr_line' id='line_1_25' title="bbox 120 2706 1170 2768; baseline -0.002 -1"><span class='ocrx_word' id='word_1_187' title='bbox 120 2707 284 2767; x_wconf 86' lang='lat' dir='ltr'>fictionibus</span> <span class='ocrx_word' id='word_1_188' title='bbox 304 2708 397 2768; x_wconf 89' lang='lat' dir='ltr'>utiad</span> <span class='ocrx_word' id='word_1_189' title='bbox 412 2723 508 2767; x_wconf 88' lang='lat' dir='ltr'>rernm</span> <span class='ocrx_word' id='word_1_190' title='bbox 533 2713 667 2767; x_wconf 89' lang='lat' dir='ltr'>naturam</span> <span class='ocrx_word' id='word_1_191' title='bbox 696 2713 724 2767; x_wconf 90' lang='lat' dir='ltr'>et</span> <span class='ocrx_word' id='word_1_192' title='bbox 747 2707 900 2766; x_wconf 88' lang='lat' dir='ltr'>relationes</span> <span class='ocrx_word' id='word_1_193' title='bbox 928 2706 1170 2765; x_wconf 88' lang='lat' dir='ltr'>internoscendas.</span> 
     </span>
     <span class='ocr_line' id='line_1_26' title="bbox 121 2791 1172 2865; baseline -0.003 -12"><span class='ocrx_word' id='word_1_194' title='bbox 121 2792 225 2853; x_wconf 85' lang='lat' dir='ltr'>Poterit</span> <span class='ocrx_word' id='word_1_195' title='bbox 239 2792 336 2865; x_wconf 88' lang='lat' dir='ltr'>ulique</span> <span class='ocrx_word' id='word_1_196' title='bbox 351 2806 433 2851; x_wconf 90' lang='lat' dir='ltr'>meus</span> <span class='ocrx_word' id='word_1_197' title='bbox 446 2792 635 2851; x_wconf 85' lang='lat' dir='ltr'>abstractione</span> <span class='ocrx_word' id='word_1_198' title='bbox 646 2808 699 2851; x_wconf 92' lang='lat' dir='ltr'>sua</span> <span class='ocrx_word' id='word_1_199' title='bbox 713 2796 875 2865; x_wconf 89' lang='lat' dir='ltr'>respectum</span> <span class='ocrx_word' id='word_1_200' title='bbox 894 2806 984 2849; x_wconf 90' lang='lat' dir='ltr'>uuum</span> <span class='ocrx_word' id='word_1_201' title='bbox 1000 2792 1036 2849; x_wconf 87' lang='lat' dir='ltr'>ab</span> <span class='ocrx_word' id='word_1_202' title='bbox 1053 2791 1109 2851; x_wconf 91' lang='lat' dir='ltr'>alio</span> <span class='ocrx_word' id='word_1_203' title='bbox 1129 2808 1172 2850; x_wconf 93' lang='lat' dir='ltr'>se·</span> 
     </span>
     <span class='ocr_line' id='line_1_27' title="bbox 122 2874 1173 2950; baseline -0.001 -15"><span class='ocrx_word' id='word_1_204' title='bbox 122 2890 257 2950; x_wconf 76' lang='lat' dir='ltr'>cernere,</span> <span class='ocrx_word' id='word_1_205' title='bbox 283 2881 369 2948; x_wconf 89' lang='lat' dir='ltr'>alque</span> <span class='ocrx_word' id='word_1_206' title='bbox 383 2891 401 2932; x_wconf 89' lang='lat' dir='ltr'>a</span> <span class='ocrx_word' id='word_1_207' title='bbox 415 2876 504 2948; x_wconf 88' lang='lat' dir='ltr'>priori</span> <span class='ocrx_word' id='word_1_208' title='bbox 519 2876 719 2949; x_wconf 83' lang='lat' dir='ltr'>cogitationem</span> <span class='ocrx_word' id='word_1_209' title='bbox 740 2875 883 2934; x_wconf 82' lang='lat' dir='ltr'>evocando</span> <span class='ocrx_word' id='word_1_210' title='bbox 898 2876 928 2934; x_wconf 92' lang='lat' dir='ltr'>iu</span> <span class='ocrx_word' id='word_1_211' title='bbox 943 2874 998 2933; x_wconf 90' lang='lat' dir='ltr'>aiio</span> <span class='ocrx_word' id='word_1_212' title='bbox 1023 2876 1173 2934; x_wconf 83' lang='lat' dir='ltr'>dumtaxat</span> 
     </span>
     <span class='ocr_line' id='line_1_28' title="bbox 122 2958 1169 3034; baseline 0.002 -17"><span class='ocrx_word' id='word_1_213' title='bbox 122 2960 324 3034; x_wconf 88' lang='lat' dir='ltr'>perscrutando</span> <span class='ocrx_word' id='word_1_214' title='bbox 346 2958 438 3016; x_wconf 89' lang='lat' dir='ltr'>aciem</span> <span class='ocrx_word' id='word_1_215' title='bbox 461 2960 566 3032; x_wconf 72' lang='lat' dir='ltr'>ligere,</span> <span class='ocrx_word' id='word_1_216' title='bbox 591 2960 678 3033; x_wconf 87' lang='lat' dir='ltr'>idque</span> <span class='ocrx_word' id='word_1_217' title='bbox 698 2960 893 3018; x_wconf 86' lang='lat' dir='ltr'>necessarium</span> <span class='ocrx_word' id='word_1_218' title='bbox 915 2960 1083 3034; x_wconf 87' lang='lat' dir='ltr'>plerumque</span> <span class='ocrx_word' id='word_1_219' title='bbox 1108 2966 1169 3033; x_wconf 90' lang='lat' dir='ltr'>est,</span> 
     </span>
     <span class='ocr_line' id='line_1_29' title="bbox 123 3042 1172 3117; baseline 0.002 -16"><span class='ocrx_word' id='word_1_220' title='bbox 123 3042 326 3115; x_wconf 89' lang='lat' dir='ltr'>adobiectum,</span> <span class='ocrx_word' id='word_1_221' title='bbox 343 3043 379 3101; x_wconf 91' lang='lat' dir='ltr'>de</span> <span class='ocrx_word' id='word_1_222' title='bbox 392 3058 449 3117; x_wconf 92' lang='lat' dir='ltr'>quo</span> <span class='ocrx_word' id='word_1_223' title='bbox 459 3042 560 3115; x_wconf 81' lang='lat' dir='ltr'>agitur,</span> <span class='ocrx_word' id='word_1_224' title='bbox 578 3044 719 3115; x_wconf 83' lang='lat' dir='ltr'>gradatim</span> <span class='ocrx_word' id='word_1_225' title='bbox 734 3044 958 3103; x_wconf 87' lang='lat' dir='ltr'>examinandum</span> <span class='ocrx_word' id='word_1_226' title='bbox 970 3051 998 3103; x_wconf 88' lang='lat' dir='ltr'>et</span> <span class='ocrx_word' id='word_1_227' title='bbox 1008 3045 1172 3104; x_wconf 89' lang='lat' dir='ltr'>distinctius</span> 
     </span>
     <span class='ocr_line' id='line_1_30' title="bbox 123 3126 1170 3203; baseline 0.002 -17"><span class='ocrx_word' id='word_1_228' title='bbox 123 3127 429 3201; x_wconf 84' lang='lat' dir='ltr'>comprehendendum.</span> <span class='ocrx_word' id='word_1_229' title='bbox 446 3128 480 3185; x_wconf 80' lang='lat' dir='ltr'>lt</span> <span class='ocrx_word' id='word_1_230' title='bbox 502 3126 614 3185; x_wconf 89' lang='lat' dir='ltr'>labellis</span> <span class='ocrx_word' id='word_1_231' title='bbox 629 3128 763 3187; x_wconf 91' lang='lat' dir='ltr'>delectari</span> <span class='ocrx_word' id='word_1_232' title='bbox 779 3135 808 3186; x_wconf 91' lang='lat' dir='ltr'>et</span> <span class='ocrx_word' id='word_1_233' title='bbox 822 3129 993 3203; x_wconf 76' lang='lat' dir='ltr'>hypotheses</span> <span class='ocrx_word' id='word_1_234' title='bbox 1017 3130 1170 3203; x_wconf 85' lang='lat' dir='ltr'>inducere,</span> 
     </span>
     <span class='ocr_line' id='line_1_31' title="bbox 64 3211 1172 3287; baseline 0.002 -18"><span class='ocrx_word' id='word_1_235' title='bbox 64 3230 67 3235; x_wconf 94' lang='lat'>·</span> <span class='ocrx_word' id='word_1_236' title='bbox 121 3227 195 3285; x_wconf 90' lang='lat' dir='ltr'>quae</span> <span class='ocrx_word' id='word_1_237' title='bbox 210 3212 420 3270; x_wconf 89' lang='lat' dir='ltr'>commentitiae</span> <span class='ocrx_word' id='word_1_238' title='bbox 434 3227 550 3286; x_wconf 90' lang='lat' dir='ltr'>prorsus</span> <span class='ocrx_word' id='word_1_239' title='bbox 561 3211 619 3270; x_wconf 92' lang='lat' dir='ltr'>siut</span> <span class='ocrx_word' id='word_1_240' title='bbox 629 3217 656 3270; x_wconf 91' lang='lat' dir='ltr'>et</span> <span class='ocrx_word' id='word_1_241' title='bbox 671 3220 790 3271; x_wconf 88' lang='lat' dir='ltr'>naturae</span> <span class='ocrx_word' id='word_1_242' title='bbox 801 3220 1008 3287; x_wconf 61' lang='lat' dir='ltr'>repugnantem</span> <span class='ocrx_word' id='word_1_243' title='bbox 1024 3214 1052 3272; x_wconf 93' lang='lat' dir='ltr'>id</span> <span class='ocrx_word' id='word_1_244' title='bbox 1066 3214 1172 3272; x_wconf 88' lang='lat' dir='ltr'>nedum</span> 
     </span>
     <span class='ocr_line' id='line_1_32' title="bbox 122 3296 1173 3371; baseline 0.002 -18"><span class='ocrx_word' id='word_1_245' title='bbox 122 3296 210 3354; x_wconf 89' lang='lat' dir='ltr'>ullam</span> <span class='ocrx_word' id='word_1_246' title='bbox 239 3296 390 3355; x_wconf 88' lang='lat' dir='ltr'>utilitatem</span> <span class='ocrx_word' id='word_1_247' title='bbox 412 3296 512 3370; x_wconf 85' lang='lat' dir='ltr'>aliert,</span> <span class='ocrx_word' id='word_1_248' title='bbox 539 3296 589 3355; x_wconf 89' lang='lat' dir='ltr'>sed</span> <span class='ocrx_word' id='word_1_249' title='bbox 609 3296 713 3355; x_wconf 89' lang='lat' dir='ltr'>obiecti</span> <span class='ocrx_word' id='word_1_250' title='bbox 741 3298 956 3371; x_wconf 84' lang='lat' dir='ltr'>vestigationem</span> <span class='ocrx_word' id='word_1_251' title='bbox 977 3298 1126 3357; x_wconf 81' lang='lat' dir='ltr'>confundit</span> <span class='ocrx_word' id='word_1_252' title='bbox 1144 3303 1173 3356; x_wconf 89' lang='lat' dir='ltr'>et</span> 
     </span>
     <span class='ocr_line' id='line_1_33' title="bbox 123 3379 1172 3455; baseline 0.003 -17"><span class='ocrx_word' id='word_1_253' title='bbox 123 3381 209 3438; x_wconf 88' lang='lat' dir='ltr'>lalsas</span> <span class='ocrx_word' id='word_1_254' title='bbox 226 3379 365 3453; x_wconf 81' lang='lat' dir='ltr'>illationes</span> <span class='ocrx_word' id='word_1_255' title='bbox 384 3388 510 3455; x_wconf 85' lang='lat' dir='ltr'>generat.</span> <span class='ocrx_word' id='word_1_256' title='bbox 532 3382 628 3441; x_wconf 84' lang='lat' dir='ltr'>Restat</span> <span class='ocrx_word' id='word_1_257' title='bbox 644 3382 734 3455; x_wconf 76' lang='lat' dir='ltr'>igitur</span> <span class='ocrx_word' id='word_1_258' title='bbox 757 3388 790 3440; x_wconf 92' lang='lat' dir='ltr'>ut</span> <span class='ocrx_word' id='word_1_259' title='bbox 809 3398 909 3441; x_wconf 89' lang='lat' dir='ltr'>eorum</span> <span class='ocrx_word' id='word_1_260' title='bbox 928 3388 1039 3441; x_wconf 88' lang='lat' dir='ltr'>tautum</span> <span class='ocrx_word' id='word_1_261' title='bbox 1060 3392 1172 3441; x_wconf 90' lang='lat' dir='ltr'>senteu-</span> 
     </span>
     <span class='ocr_line' id='line_1_34' title="bbox 124 3464 1172 3541; baseline 0.004 -19"><span class='ocrx_word' id='word_1_262' title='bbox 124 3464 193 3525; x_wconf 88' lang='lat' dir='ltr'>tiam</span> <span class='ocrx_word' id='word_1_263' title='bbox 207 3464 415 3539; x_wconf 81' lang='lat' dir='ltr'>examinemus,</span> <span class='ocrx_word' id='word_1_264' title='bbox 432 3468 604 3541; x_wconf 83' lang='lat' dir='ltr'>quistotum</span> <span class='ocrx_word' id='word_1_265' title='bbox 619 3466 700 3526; x_wconf 94' lang='lat' dir='ltr'>illum</span> <span class='ocrx_word' id='word_1_266' title='bbox 717 3474 845 3525; x_wconf 78' lang='lat' dir='ltr'>notarat</span> <span class='ocrx_word' id='word_1_267' title='bbox 860 3483 918 3526; x_wconf 90' lang='lat' dir='ltr'>nou</span> <span class='ocrx_word' id='word_1_268' title='bbox 944 3474 1087 3541; x_wconf 89' lang='lat' dir='ltr'>tamquam</span> <span class='ocrx_word' id='word_1_269' title='bbox 1103 3468 1172 3526; x_wconf 91' lang='lat' dir='ltr'>licti-</span> 
     </span>
     <span class='ocr_line' id='line_1_35' title="bbox 124 3548 1172 3627; baseline 0.004 -20"><span class='ocrx_word' id='word_1_270' title='bbox 124 3548 206 3620; x_wconf 91' lang='lat' dir='ltr'>tium,</span> <span class='ocrx_word' id='word_1_271' title='bbox 222 3549 270 3607; x_wconf 89' lang='lat' dir='ltr'>sed</span> <span class='ocrx_word' id='word_1_272' title='bbox 288 3554 433 3624; x_wconf 87' lang='lat' dir='ltr'>tamquam</span> <span class='ocrx_word' id='word_1_273' title='bbox 447 3551 614 3613; x_wconf 89' lang='lat' dir='ltr'>historicum</span> <span class='ocrx_word' id='word_1_274' title='bbox 629 3552 826 3627; x_wconf 89' lang='lat' dir='ltr'>protulernut;</span> <span class='ocrx_word' id='word_1_275' title='bbox 845 3552 920 3611; x_wconf 89' lang='lat' dir='ltr'>inter</span> <span class='ocrx_word' id='word_1_276' title='bbox 934 3568 1005 3626; x_wconf 90' lang='lat' dir='ltr'>quos</span> <span class='ocrx_word' id='word_1_277' title='bbox 1020 3552 1172 3627; x_wconf 91' lang='lat' dir='ltr'>praecipue</span> 
     </span>
     <span class='ocr_line' id='line_1_36' title="bbox 124 3634 588 3697; baseline 0.004 -2"><span class='ocrx_word' id='word_1_278' title='bbox 124 3635 252 3696; x_wconf 86' lang='lat' dir='ltr'>eminent</span> <span class='ocrx_word' id='word_1_279' title='bbox 265 3634 377 3695; x_wconf 84' lang='lat' dir='ltr'>llobbes</span> <span class='ocrx_word' id='word_1_280' title='bbox 392 3642 420 3695; x_wconf 90' lang='lat' dir='ltr'>et</span> <span class='ocrx_word' id='word_1_281' title='bbox 434 3637 588 3697; x_wconf 84' lang='lat' dir='ltr'>Rousseau.</span> 
     </span>
    </p>
   </div>
   <div class='ocr_carea' id='block_1_6' title="bbox 0 0 1395 4492">
    <p class='ocr_par' dir='ltr' id='par_1_6' title="bbox 0 0 1395 4492">
     <span class='ocr_line' id='line_1_37' title="bbox 0 0 1395 4492; baseline 0 0"><span class='ocrx_word' id='word_1_282' title='bbox 0 0 1395 4492; x_wconf 95' lang='lat' dir='ltr'> </span> 
     </span>
    </p>
   </div>
  </div>
 </body>
</html>
