2767 4492
521 346 601 391 rums
618 344 760 391 uernam
1109 338 1160 397 teti

119 431 240 505 gendam
260 428 437 506 propensior.
460 428 506 489 Sic
520 428 642 489 mirilico
657 444 797 505 unapars
817 430 959 509 supplebit
980 434 1055 510 quod
1078 434 1160 496 alteri

119 518 207 589 deest,
222 524 251 575 et
265 516 406 575 auxilium
422 514 600 574 relevamen
614 514 733 576 alterius
747 516 804 575 liet.

153 602 280 676 Denique
294 607 389 675 partes
400 599 453 658 viri
462 615 530 673 erga
540 615 662 659 uxorem
675 606 768 674 erunt,
783 601 861 660 illam
877 602 1012 677 dirigere,
1036 605 1155 678 nutrire,

117 687 279 758 defendere,
300 686 451 757 instruere,
467 690 552 759 atque
567 699 601 744 eo
615 686 708 758 magis
721 685 828 745 bonore
843 688 986 761 prosequi,
1002 704 1058 762 quo
1073 690 1101 749 vi
1115 705 1157 749 se·

117 790 173 832 urus
190 771 331 831 iulirmior
345 770 394 829 illa
408 778 460 829 est.
476 768 607 828 Vicissim
621 776 716 843 partes
732 770 830 829 uxoris
845 777 937 845 erunt,
958 787 1094 844 sponsum
1109 789 1157 847 pa·

116 858 186 916 riter
197 870 293 915 amare
304 870 338 914 ac
352 854 486 925 revereri,
498 853 616 927 eiusque
630 854 735 928 piacita
751 854 836 914 veluti
851 854 927 928 leges
942 855 1026 915 alteo
1041 854 1095 917 sibi
1104 856 1156 915 lm·

116 941 221 1016 positus
235 941 380 1015 accipere;
396 938 438 997 rel
446 938 590 996 familiari
604 943 633 996 et
650 938 753 999 tutelae
772 938 894 999 liliorum
910 940 1074 1013 diligentem
1093 956 1166 1015 opes

115 1040 178 1085 ram
197 1026 372 1099 impendere,
393 1021 558 1081 domesticis
574 1022 769 1096 penetralibus
784 1024 918 1084 custodiri
937 1025 1018 1097 velle,
1031 1025 1158 1085 extemis
1202 1064 1206 1075 ·

113 1108 235 1184 negotiis
249 1108 434 1179 defetigatum
449 1105 541 1164 virum
561 1106 622 1165 suis
636 1106 714 1166 curis
734 1107 851 1167 relicere
866 1122 900 1165 sc
915 1107 1017 1167 levare.
1035 1110 1156 1185 Uterque

113 1199 209 1254 summ
224 1200 283 1251 tam
297 1198 375 1249 arcto
398 1190 553 1250 iunctionis
567 1191 681 1250 viuculo
706 1206 737 1251 se
750 1198 850 1251 mutue
866 1194 955 1251 teneri
977 1193 1153 1266 intelligant,

8 1289 9 1343 1
112 1285 145 1339 ut
158 1295 234 1337 uuus
248 1275 363 1336 animus
380 1275 411 1334 iu
432 1275 544 1334 duobus
559 1275 596 1334 sit
614 1276 789 1349 corporibus,
811 1291 844 1335 ae
863 1278 981 1351 proinde
1001 1277 1078 1336 idem
1093 1292 1155 1337 sen·

8 1375 9 1412 1
112 1364 184 1421 tiant
202 1367 231 1420 et
248 1361 351 1431 velint,
367 1375 470 1434 resque
487 1358 604 1419 alterius
617 1359 654 1418 ad
666 1358 786 1419 altemm
804 1362 945 1433 pertinere
963 1362 1152 1436 arbitrentur,

8 1493 9 1501 ,
111 1452 208 1520 utpote
222 1444 272 1519 qui
287 1444 415 1503 eiusdem
431 1444 559 1503 lortunae
578 1450 646 1503 sunt
666 1444 747 1503 socii.
765 1444 843 1513 Quod
859 1444 942 1505 iecile
956 1446 1019 1519 erit,
1036 1446 1060 1505 si
1077 1461 1153 1505 nmo·

8 1531 9 1600 ξ
110 1546 172 1591 rem
182 1528 262 1602 illud,
278 1529 356 1587 uude
372 1529 505 1603 primitus
520 1530 556 1587 nd
571 1529 787 1589 matrimonium
808 1531 966 1593 ineundum
982 1530 1052 1589 moti
1066 1536 1146 1605 sunt,

8 1609 9 1628 ¹
111 1615 215 1689 iugiter
229 1629 343 1675 servare
357 1628 391 1673 ac
405 1614 501 1673 lovere
515 1614 655 1674 studeant.
703 1662 707 1667 .

515 1783 684 1843 tumemus
698 1784 741 1857 lll,

364 1954 402 2014 De
415 1953 672 2014 indemutabilitate
690 1954 889 2013 matrimonii.
914 1944 918 1950 ’

141 2130 191 2188 tte
216 2128 266 2195 Oui
283 2126 511 2202 protestantismo
526 2125 682 2183 adhaerent
700 2125 877 2199 philosophi,
895 2127 1026 2199 quumvis
1047 2132 1075 2185 et
1093 2127 1149 2200 ipsi

103 2214 287 2271 divortiorum
305 2211 449 2269 licentiam
462 2209 679 2282 reprehendant,
705 2215 799 2267 tamen
824 2206 980 2280 generatim
1003 2212 1148 2271 matrimo

102 2298 185 2354 nisum
199 2296 315 2353 dissolvi
330 2310 412 2368 posse
423 2294 512 2364 aiuut,
532 2299 646 2367 propter
661 2292 855 2352 intolerandos
874 2293 1036 2353 alterutrius
1051 2297 1148 2355 coniu-

32 2374 35 2379 ’
101 2380 145 2453 gis
160 2395 252 2438 mores
267 2386 316 2436 aut
329 2378 408 2451 gravi
424 2378 480 2435 alia
494 2392 590 2447 causa,
603 2377 695 2449 qualis
709 2384 783 2435 esset
799 2377 986 2449 adulterium,
1006 2379 1147 2438 malitioso

101 2464 233 2536 desertio,
250 2469 299 2522 aut
314 2463 451 2537 quidquid
466 2462 544 2520 eliud
555 2460 604 2519 lini
620 2460 744 2533 coniugii
763 2462 937 2518 uviversutur.
951 2462 1058 2519 birreos
1070 2475 1144 2537 vero,

100 2564 185 2623 quem
200 2562 284 2622 saepe
295 2548 491 2615 meminimus,
509 2547 612 2605 letetur
635 2546 752 2620 quidem
770 2544 905 2617 coniunges
930 2544 983 2602 hec
1003 2544 1145 2603 volumtate

99 2634 180 2692 initio
195 2634 339 2707 coniungi,
356 2638 387 2692 ut
401 2638 536 2707 perpetuo
554 2632 584 2689 iu
599 2631 741 2703 societate,
758 2645 844 2704 quam
861 2634 1072 2701 contraxerunt,
1085 2645 1144 2687 mu-

98 2725 187 2778 ueaut
211 2720 326 2793 (quippe
351 2720 510 2793 oppositum
536 2717 680 2777 conciliari
704 2732 760 2775 non
778 2720 877 2791 posset
893 2729 959 2773 cum
984 2715 1142 2789 dilectione,

97 2819 171 2876 quae
189 2804 362 2862 matrimonii
374 2803 588 2861 fundumentum
603 2803 665 2873 est);
681 2806 711 2858 at
727 2802 800 2859 lacta
814 2800 948 2872 deinceps
972 2799 1144 2858 intervenire

97 2902 179 2961 pesse
193 2887 304 2959 asserit,
321 2903 395 2959 quae
408 2885 532 2958 coniugii
547 2884 761 2943 dissolutionem
780 2888 933 2957 provocent
949 2885 973 2941 l.
992 2884 1051 2952 Quo
1074 2900 1142 2959 cusu

96 2972 231 3044 coniuges
245 2970 350 3029 liberos
367 2986 481 3029 manere
496 2969 565 3027 dicit
581 2975 640 3027 tum
658 2968 804 3027 moraliter
820 2975 880 3027 tum
901 2968 1019 3030 iuridice
1044 2970 1080 3028 ad
1096 2986 1143 3029 uo-

95 3053 227 3115 vescum
242 3056 298 3115 alis
313 3070 434 3130 persona
452 3054 566 3128 nuptias
585 3053 803 3111 contrahendus.

54 3162 58 3167 ⁴
130 3142 164 3199 tt
177 3142 249 3200 baec
264 3141 345 3199 valde
360 3140 571 3200 inconsiderate
586 3139 740 3197 dictasunt
753 3144 782 3196 et
795 3138 967 3213 irupietetem
984 3140 1138 3199 continent.

94 3226 127 3285 ln
145 3226 247 3299 primis
262 3225 350 3298 enim,
367 3240 434 3283 cum
448 3240 507 3283 non
521 3225 556 3281 de
570 3240 601 3283 re
612 3224 753 3283 abstracte
764 3223 812 3281 sed
826 3223 860 3281 de
871 3224 1060 3297 nuntrimonie,
1072 3240 1139 3299 quu-

94 3310 122 3371 le
139 3326 215 3367 niune
235 3310 320 3383 viget,
335 3311 585 3369 sermocinandum
594 3310 640 3381 sit,
657 3308 688 3367 in
702 3324 792 3383 eoque
806 3308 1019 3367 determinando
1044 3310 1141 3379 diviua

92 3402 217 3470 potestas
231 3410 261 3453 se
271 3396 436 3468 ingesserim
455 3411 514 3454 non
528 3396 568 3454 ita
582 3411 619 3454 eu
633 3395 696 3453 iure
712 3397 821 3451 tuntum
836 3398 955 3452 naturae
978 3394 1139 3455 delinienda

92 3478 219 3554 quaestio
228 3485 280 3552 est,
296 3486 329 3537 ut
343 3479 378 3538 de
391 3480 512 3553 positivo
526 3480 581 3539 bac
595 3479 626 3537 in
641 3495 672 3537 re
688 3478 736 3537 Dei
752 3483 900 3550 praecepto
914 3478 1030 3537 omniuo
1046 3486 1136 3539 tecea-

92 3570 147 3622 tur.
164 3563 270 3621 Deinde
284 3563 521 3636 distinguendum
540 3570 583 3623 est
602 3563 757 3621 divortium
773 3561 978 3636 imperfectum,
995 3578 1044 3623 scu
1059 3580 1137 3639 sepu-

91 3648 164 3706 retio
178 3649 331 3722 coniugum
344 3649 438 3722 quoad
453 3648 691 3708 cottabitutionem
710 3648 867 3719 dumtaxat,
893 3654 1025 3707 manente
1039 3650 1135 3709 viucu-

90 3732 129 3805 lo,
146 3733 295 3793 ndiuortio
309 3735 442 3808 perlecto,
460 3734 691 3807 quodvinculum
702 3732 789 3791 etium
800 3732 952 3807 abrumpat
966 3748 999 3793 ac
1014 3740 1133 3809 potesta·

135 3911 147 3957 l
166 3913 237 3975 Opere
250 3914 304 3963 ullus
318 3916 384 3965 tituto
397 3932 447 3981 pag.
464 3915 511 3964 lid
524 3920 547 3964 et
561 3931 607 3981 req.
