2767 4492
509 391 583 436 auus
600 389 693 438 eurus
1020 425 1023 431 ,
1090 375 1124 440 25

87 471 133 528 aut
146 468 229 531 animi
238 469 341 532 modus
355 477 405 532 aut
419 473 580 534 subtectum
594 475 689 551 ipsum
702 474 832 550 mgitans
840 474 999 552 attingitur.
1016 473 1063 538 Sic
1076 494 1126 538 no·

90 553 196 630 tionem,
219 572 276 632 qua
299 572 364 618 raa
385 557 547 634 quamlibet
562 558 615 620 tibi
633 558 827 621 mammeam
840 563 973 638 percipie,
988 562 1128 622 directam

88 637 167 712 dices3
182 641 322 702 reflexam
336 657 413 716 vero,
430 659 489 718 qua
504 652 589 704 tuam
602 645 702 722 ipsam
710 647 914 722 capitationem
924 647 1125 723 apprehendis,

120 723 210 799 Sena,
227 726 258 786 in
272 726 383 786 realem
394 735 420 787 et
434 729 569 804 lopioooa.
591 729 642 790 ille
655 730 801 791 obiectum
823 738 906 791 extra
925 737 1053 792 mentem
1076 731 1127 809 sli-

87 810 255 881 quaratione
268 811 396 872 existens
410 813 455 872 vei
470 813 611 874 existendi
625 829 727 890 capax,
743 815 797 874 bae
807 815 951 876 obieamm
959 831 1125 892 repraesen-

86 895 229 966 telamoni
246 911 328 956 mens
343 897 501 972 dumtaxat,
527 899 622 974 aliquo
643 906 740 960 nmen
758 900 943 960 fundamento
965 901 1050 975 nixa,
1067 902 1127 961 exi·
1232 912 1235 920 ⁴

84 978 215 1121 stentliam
230 981 337 1042 tribuit.
354 982 399 1043 Sia
416 983 482 1043 idea
496 983 626 1048 boariair
643 985 730 1045 realis
744 991 797 1060 est,
807 985 1000 1061 ideapeaeris
1015 985 1128 1061 velapa-

83 1078 250 1210 meliisoa'iiiae¹
267 1151 356 1227 ideae,
371 1170 442 1230 quas
457 1156 615 1214 associatos
630 1156 782 1232 appellant,
802 1171 854 1216 seu
868 1172 943 1231 quae
955 1156 1066 1218 ratione
1081 1172 1130 1216 ne·

81 1248 133 1292 xus
143 1233 272 1310 alieuius,
290 1255 347 1312 quo
362 1237 541 1312 colligantur,
552 1255 583 1298 se
596 1241 726 1300 uicissim
737 1248 881 1300 revocant.
893 1241 1038 1316 beddplex
1048 1241 1128 1300 adest
1240 1257 1245 1266 ·

79 1319 272 1380 associationis
281 1322 370 1380 buius
379 1322 452 1382 lons:
469 1323 643 1390 similitudo,
655 1323 842 1397 malignitas,
852 1325 1046 1391 colanutttia,
1061 1341 1128 1385 aare

78 1403 194 1476 salitas,
210 1409 239 1464 et
257 1406 417 1478 generatim
432 1421 630 1480 quaecumque
650 1406 756 1464 relatio
763 1413 813 1466 eut
830 1408 979 1482 oppositio.
999 1409 1044 1467 Sic
1058 1424 1131 1481 quae

13 1563 15 1572 Ι
77 1485 186 1546 similia
195 1488 271 1548 inter
285 1505 316 1548 se
331 1494 407 1562 sunt,
424 1505 497 1564 quae
508 1489 625 1548 effectus
639 1495 669 1549 et
683 1505 786 1550 causae
793 1496 955 1564 respectum
966 1491 1084 1564 babent,
1100 1499 1129 1550 et

79 1571 244 1646 generalius
253 1588 327 1646 purae
342 1573 438 1648 aliqua
450 1573 588 1634 relatione
596 1579 646 1634 aut
656 1574 833 1648 oppositione
851 1569 975 1634 invicem
994 1590 1026 1634 ee
1040 1577 1129 1650 respi·

78 1657 167 1731 ciunt,
181 1657 231 1716 tali
244 1657 319 1718 inter
333 1673 364 1718 se
378 1659 491 1718 vinculo
505 1657 598 1733 quoad
616 1658 817 1734 cogitationem
826 1665 967 1733 unenutr,
986 1665 1026 1733 ut,
1042 1659 1129 1720 unius

79 1741 233 1802 ideanobis
245 1748 420 1817 occurrente,
438 1743 494 1803 alia
503 1744 599 1804 setim
610 1743 760 1804 excitetur.
772 1743 908 1817 Exemplo
915 1744 973 1806 sint
982 1743 1127 1819 ideaepa·

78 1827 168 1886 uentis
182 1827 284 1901 attilii,
294 1828 417 1887 virtutis
427 1835 457 1888 et
470 1829 548 1896 oitii,
560 1827 707 1888 oooottotis
723 1833 753 1887 et
763 1828 853 1901 obus,
866 1827 1014 1903 possibilie
1029 1835 1057 1888 et
1070 1833 1126 1887 iaet-

75 1911 233 1986 posribilis,
249 1912 379 1986 aliaeque
393 1913 586 1986 quamplures.

112 1997 241 2071 benique
255 1997 425 2056 anonnuilis
435 1997 525 2056 diuidi
538 1997 626 2056 etiam
637 1997 708 2057 solet
722 1997 789 2057 idea
800 1998 832 2058 in
847 1997 1021 2064 ianiabat,
1033 1998 1129 2073 pltea·

76 2083 212 2142 tosticum
223 2088 251 2140 et
259 2081 484 2156 iatellipibileoo.
495 2082 590 2141 Prima
599 2088 652 2155 est,
665 2097 739 2156 qnae
753 2097 816 2141 rem
829 2082 961 2142 sensibus
968 2082 1126 2142 subiectam

77 2167 173 2240 refert,
190 2182 238 2226 ex.
255 2181 297 2240 gr.
314 2166 378 2225 idea
393 2166 461 2227 solis
476 2173 525 2225 aut
545 2166 671 2242 corporis
693 2167 911 2241 cuiuscumque.
928 2167 1060 2227 Smunda
1082 2175 1126 2227 est

79 2265 236 2325 quaeram
256 2265 314 2308 uon
329 2250 460 2310 sensibus
475 2248 643 2326 subiectam,
671 2251 722 2310 sed
736 2251 767 2310 in
788 2251 993 2326 imaginatione
1015 2257 1126 2312 tantem

78 2337 253 2396 existentem
267 2334 374 2408 obiicit,
390 2340 422 2394 ut
435 2335 460 2394 si
474 2335 539 2409 quis
561 2341 688 2396 monam
715 2351 836 2418 aureum
858 2337 1004 2411 eogitaret.
1025 2337 1127 2404 Onam·

78 2419 124 2478 uis
148 2417 267 2478 nomine
285 2418 366 2478 ideae
386 2419 581 2494 phantasticae
604 2421 775 2496 quandoque
799 2435 834 2479 ea
852 2419 1031 2495 intelligitur,
1054 2435 1128 2494 quae

79 2502 324 2564 commentitiasit
339 2503 411 2562 etin
427 2503 637 2563 chimaeramm
651 2520 781 2564 numero.
804 2503 871 2564 idea
885 2504 1002 2564 demum
1026 2503 1129 2562 intelli·

79 2588 175 2662 gibilis
189 2587 355 2648 nominatur
369 2603 442 2662 quae
456 2603 518 2648 rem
532 2605 587 2649 neo
604 2589 738 2649 sensibus
751 2604 806 2648 nec
820 2587 1024 2663 imaginatione
1046 2603 1128 2647 usur·

77 2679 174 2748 petam
190 2673 282 2745 offert,
299 2673 459 2734 cuiusmodi
473 2679 547 2733 esset
561 2673 626 2734 idea
640 2673 768 2749 spiritus.
785 2675 819 2732 At
833 2673 951 2734 omnino
969 2673 1025 2732 bae
1049 2672 1080 2731 in
1094 2689 1126 2732 re

78 2759 237 2819 notandum
251 2762 294 2816 est
307 2757 411 2831 ideam,
427 2757 515 2817 etiam
529 2774 596 2818 ctum
611 2757 755 2818 sensibilis
769 2763 820 2816 aut
832 2757 1012 2832 phantastica
1030 2757 1126 2832 appel-

78 2842 161 2918 latur,
185 2859 244 2902 non
263 2843 327 2903 ideo
343 2843 396 2902 boo
411 2843 527 2902 nomine
542 2842 696 2916 designari,
708 2842 784 2914 quod
802 2856 862 2900 non
876 2843 913 2900 ad
929 2847 1057 2901 mentem
1076 2842 1126 2899 sed

79 2927 115 2986 ad
129 2927 357 3000 sensibilitatem,
374 2933 423 2985 aut
436 2926 672 3000 imaginationem
685 2923 836 2996 pertimet.
847 2924 913 2982 idea
926 2925 1005 2982 enim
1015 2939 1129 2995 semper

79 3017 159 3072 aetus
172 3011 280 3070 mentis
295 3015 338 3068 est
354 3015 383 3068 ot
396 3010 571 3068 elementum
586 3005 697 3077 iudicii3
709 3019 857 3077 nunquam
866 3021 934 3064 vero
944 3006 1070 3064 senentio
1079 3014 1129 3063 aut

78 3097 263 3170 phantasma,
279 3093 354 3165 quod
368 3093 400 3150 in
414 3093 497 3150 bruto
513 3091 600 3149 etiam
616 3086 772 3160 animante,
789 3087 935 3149 iudicandi
958 3088 988 3147 vi
1004 3103 1127 3162 ,prorsus

80 3184 211 3255 experte,
227 3177 379 3251 reperitur.
396 3177 450 3234 Sed
464 3175 572 3236 idcirco
587 3174 737 3234 dumtaxat
751 3171 896 3254 sensibilis
912 3175 962 3232 aut
973 3171 1128 3246 phantasti-

81 3281 114 3324 oa
137 3263 314 3336 nominatur,
335 3261 403 3336 quia
414 3259 491 3320 circa
509 3259 621 3320 obieeta
638 3273 775 3319 sensuum
784 3262 834 3318 aut
842 3256 1055 3332 imaginationis
1063 3273 1126 3319 uer-

81 3355 169 3408 satur.

116 3435 191 3494 Haec
205 3425 302 3493 omnia
316 3436 383 3492 sunt
398 3431 550 3508 diligenter
563 3429 754 3504 advertenda,
775 3445 810 3489 aa
832 3429 930 3490 subtili
943 3429 1048 3492 mentis
1062 3431 1124 3492 acie

82 3519 112 3577 in
125 3533 223 3578 rerum
238 3517 474 3594 contemplatione
499 3516 720 3592 distinguenda,
746 3513 816 3575 siin
830 3515 1013 3590 percipiendo
1027 3516 1124 3576 mniu-

83 3603 209 3678 sionem,
231 3603 261 3662 'm
275 3603 426 3665 iudicando
441 3603 614 3676 falsitatem,
642 3601 673 3662 in
686 3599 883 3668 adornando
897 3615 1047 3666 erroneam
1061 3599 1123 3664 illa·

86 3687 190 3751 tionem
205 3704 306 3750 cavere
324 3687 405 3752 velis.
