2767 4492
202 327 205 334 Δ
229 349 281 412 3-28
671 351 833 406 acaunum

227 449 340 524 armeta,
352 449 401 508 aot
414 443 479 522 alie,
491 459 548 523 quo
562 444 650 520 lubet,
665 445 783 523 nomine
796 435 1126 518 namcupanturllomen
1136 453 1225 517 saepe
1233 439 1277 502 di·

226 551 341 594 uersum
351 541 409 609 est3
426 533 475 592 sed
489 549 535 592 res
553 531 669 592 nomine
684 531 774 589 latens
791 544 904 603 semper
913 533 957 587 est
966 528 1159 603 eademquae
1173 529 1206 588 in
1218 529 1275 588 hoe

225 622 310 679 unice
319 619 437 679 uertitur
451 624 483 678 ut
497 616 637 677 eiusmodi
648 615 780 675 homines
795 613 910 688 publica
923 613 1062 673 tractandi
1072 614 1186 687 negotia
1196 614 1276 687 apud

225 711 337 764 exteras
351 711 448 778 gentes
462 717 568 762 munus
583 699 749 777 suscipiant,
761 714 795 759 ac
805 707 954 774 propterea
968 698 1112 775 propriam
1125 699 1275 759 nationem

225 795 275 848 aut
289 789 447 864 principem
461 787 533 863 apud
550 787 613 847 illas
626 790 851 861 repraesentent.

260 875 448 934 Nihilominus
458 873 630 934 consuetudo
646 877 673 931 et
688 887 750 932 mos
763 871 892 944 gentium
903 871 996 932 varim
1007 872 1108 930 horum
1119 869 1274 930 hominum

224 958 355 1019 distinxit
369 959 490 1032 ordines,
503 957 607 1032 quibus
617 957 730 1018 diuersa
740 956 849 1029 munia,
861 956 988 1016 diuersas
998 955 1219 1030 praerogativas,
1232 955 1274 1014 di·

224 1059 339 1104 uersum
349 1043 598 1119 representatienis
613 1041 731 1101 modum
746 1040 891 1114 attribuit3
908 1057 982 1115 qnae
992 1041 1097 1111 omnia,
1108 1055 1176 1098 cum
1186 1055 1274 1098 nona

191 1190 197 1200 ,
223 1130 389 1188 natumsed
407 1145 425 1188 a
443 1127 561 1202 positivo
572 1128 634 1187 iure
645 1127 1021 1201 gentiumdeterminentur,
1038 1124 1273 1184 extraambitum

222 1221 335 1273 nostrae
356 1213 529 1274 tractationis
550 1218 715 1286 evagantur.
737 1211 776 1270 lla
800 1211 921 1286 proinde
941 1211 988 1270 hic
1003 1209 1270 1284 praetermittimus3

222 1288 556 1373 quamadmodumet'iam
566 1297 776 1370 nilrildicimus
785 1297 820 1355 de
829 1295 997 1362 rebusaliis,
1006 1310 1080 1369 quae
1089 1295 1184 1370 quoad
1193 1309 1273 1368 prae

222 1389 330 1441 senmm
346 1383 494 1442 materiam
509 1399 526 1441 a
540 1382 686 1441 conuentis
702 1381 833 1456 gentium
845 1380 1026 1441 introductae
1040 1389 1115 1453 sunt,
1132 1379 1274 1438 nimirum

222 1471 254 1526 ut
270 1468 408 1527 eiusmodi
422 1467 508 1542 legati
524 1467 662 1526 stabiliter
675 1466 819 1526 resideant
834 1466 913 1540 apud·
925 1473 1042 1540 gentes,
1059 1465 1094 1523 ad
1116 1481 1189 1539 quas
1206 1466 1274 1524 mit·

221 1557 335 1627 tuntur3
351 1559 383 1610 ut
396 1556 521 1626 tempore
535 1551 602 1611 belli
624 1566 682 1610 nou
704 1549 870 1625 mittantur,
886 1551 943 1609 nisi
964 1559 1030 1610 ante
1045 1565 1095 1625 per
1114 1549 1273 1609 tubicinem

223 1643 272 1701 aut
286 1636 534 1711 tympanotrilram,
547 1643 692 1710 tamquam
706 1652 758 1711 per
773 1636 968 1695 internuncios
982 1634 1109 1693 absolute
1119 1635 1272 1694 inviolabi-

222 1721 281 1796 les,
299 1722 497 1796 negotiationis
511 1721 653 1781 inchoatio
670 1727 857 1796 proponatur,
867 1735 900 1780 ac
916 1720 999 1779 uenia
1016 1720 1148 1779 mittendi
1162 1720 1270 1794 legatos

220 1806 396 1881 obtimatum
413 1813 497 1881 atque
511 1808 551 1866 ita
566 1807 601 1865 da
617 1807 679 1864 aliis
694 1808 808 1881 generis
823 1807 960 1867 eiusdem.

256 1889 318 1950 ⁶226.
335 1892 375 1949 ad
390 1907 424 1949 ea
438 1891 523 1964 igitur
538 1897 658 1962 tantum,
674 1906 748 1963 auae
762 1908 800 1950 ex
818 1892 880 1950 iuro
898 1901 1017 1949 naturae
1031 1889 1265 1964 proficiscuntur,

220 1975 349 2034 animum
360 1981 534 2046 revocantes,
543 1974 599 2033 duo
609 1975 758 2032 dumtaxat
772 1976 936 2047 innuamus,
949 1975 1054 2049 quibus
1063 1973 1160 2033 olticia
1170 1976 1270 2034 omnia

219 2067 249 2119 et
262 2060 325 2119 iura
333 2060 499 2131 legatorum,
516 2066 661 2133 tamquam
676 2059 706 2118 in
717 2060 823 2133 radice,
841 2061 1031 2118 continentur.

256 2144 381 2202 Primum
400 2147 443 2200 est
461 2142 588 2202 debitum
604 2143 775 2204 sinceritatis
790 2151 818 2203 et
832 2145 993 2218 fidelitatis,
1010 2159 1066 2219 quo
1084 2143 1114 2202 iri
1134 2149 1271 2204 tenentur

218 2233 348 2301 respectu
360 2228 465 2302 proprii
477 2230 602 2288 muneris
613 2231 775 2289 exercendi.
788 2231 847 2291 Non
856 2232 934 2289 eninr
944 2231 1027 2290 aliter
1041 2246 1071 2289 se
1086 2231 1269 2289 considerare

218 2313 331 2385 dehent,
348 2311 403 2370 uisi
419 2319 565 2388 tamquam
579 2330 685 2389 organa
701 2316 841 2389 quaedam
856 2314 1085 2374 intercatienalia
1101 2330 1151 2388 pro
1166 2322 1270 2374 mutua

218 2396 345 2468 gentium
356 2399 620 2472 communicatione,
628 2405 656 2458 et
668 2407 812 2474 tamquam
823 2407 1067 2473 repraesentantes
1075 2401 1207 2474 propriae
1216 2417 1269 2458 na·

219 2483 311 2556 tionis,
323 2499 405 2558 aqua
414 2485 582 2543 mandatum
592 2484 747 2558 accipiunt.
760 2484 831 2544 Hine
845 2485 1062 2556 adstringuntur
1071 2485 1270 2544 nihilellicere

218 2570 292 2642 ιμιοιι
307 2568 467 2641 reciprocae
478 2571 541 2644 paci
551 2575 579 2628 et
594 2569 737 2648 amicitiae
747 2571 923 2642 adversetur,
940 2577 990 2628 aaut
1000 2571 1091 2628 iustae
1105 2570 1269 2643 quaerimo-

215 2653 282 2711 niae
297 2653 473 2712 occasionem
487 2653 638 2727 praebeam
654 2655 704 2712 sed
719 2654 813 2728 petius
823 2656 902 2713 omni
913 2655 978 2713 nisu
992 2656 1118 2713 carratmi
1133 2657 1219 2727 suntf,
1236 2661 1269 2713 ut

215 2742 333 2796 mutuus
343 2751 422 2796 amer
431 2737 535 2810 iugiter
549 2743 693 2811 augescat,
706 2746 736 2797 et
745 2737 879 2812 utrinque
889 2755 945 2798 nen
962 2739 1167 2813 impedimenta
1177 2740 1269 2812 politi·

217 2837 267 2880 cae
281 2821 422 2880 felicitatis
437 2825 486 2880 sed
501 2823 666 2882 adiumenta
677 2829 705 2880 et
721 2824 862 2898 praesidia
877 2823 1102 2898 suppeditentur.
1119 2824 1229 2882 Natura
1240 2841 1268 2882 e

215 2905 276 2962 nim
287 2921 345 2964 non
354 2911 467 2980 propter
476 2907 617 2980 privatam
631 2907 718 2966 unias
727 2908 820 2981 gentis
831 2908 992 2975 militatem,
1005 2909 1053 2966 sed
1065 2915 1181 2981 propter
1190 2923 1268 2967 com-

215 3005 303 3049 mune
318 2991 424 3050 bonum
439 2991 588 3050 nationum
603 2997 631 3050 et
644 2999 778 3050 mutuum
797 2994 963 3059 earumdem
977 2993 1172 3065 praesidium,
1189 2993 1266 3052 eius·

214 3075 292 3133 modi
314 3075 475 3134 societatem
491 3085 519 3134 et
534 3077 821 3135 communicationem
835 3077 965 3136 intendit.
978 3077 1069 3145 Quem
1082 3083 1201 3135 mutuae
1216 3077 1267 3136 he-

217 3159 393 3219 nerolcntiae
407 3161 494 3220 linem
510 3176 575 3234 prae
590 3161 680 3220 oculis
695 3177 808 3236 semper
824 3162 974 3220 habiturus
985 3157 1071 3233 estis,
1088 3161 1138 3235 qni
1148 3168 1267 3234 gentem

217 3245 342 3320 aliquam
361 3247 436 3320 apud
457 3245 526 3304 alias
541 3248 751 3319 repraesentem
770 3261 852 3305 secus
864 3246 986 3304 maneri
1001 3261 1052 3304 sao
1066 3246 1194 3319 deesset,
1209 3263 1267 3306 nec

216 3337 326 3388 tanturn
345 3330 409 3388 aliis
429 3330 565 3390 iniuriam
580 3331 715 3403 inferret,
738 3331 939 3390 verumetiam
958 3329 1103 3404 propriam
1116 3330 1266 3390 nationem

218 3415 303 3473 velasti
314 3415 451 3489 proderet,
464 3415 581 3490 eiusque
592 3415 725 3490 dignitati
736 3422 765 3474 et
775 3416 881 3489 gloriae
891 3415 1033 3474 maculam
1044 3430 1102 3474 non
1110 3415 1265 3475 delendam

217 3504 386 3574 aspergeret.
400 3500 477 3568 Oarod
490 3500 587 3559 sedulo
598 3499 721 3573 cogitare
732 3500 837 3558 debent
847 3499 878 3572 ii,
891 3500 940 3574 qui
948 3499 1091 3573 opinionis
1101 3514 1198 3557 errore
1212 3515 1265 3558 au·

217 3584 421 3644 tramantlruius
431 3585 569 3658 implendi
582 3586 711 3644 muneris
722 3585 888 3644 fidelitatem
904 3587 939 3643 ad
954 3586 1007 3643 lroc
1021 3584 1165 3656 restringi,
1178 3592 1211 3642 ut
1221 3586 1265 3643 iu·

217 3683 250 3727 ra
264 3675 293 3728 et
306 3669 420 3729 honoris
430 3670 511 3742 signa
520 3670 649 3744 propriae
660 3671 738 3743 genti
748 3669 946 3728 convenientia
955 3668 1105 3741 diligenter
1116 3661 1264 3742 tueantur,

217 3753 335 3828 eiusque
356 3754 469 3812 utilitati
489 3755 574 3814 uarice
593 3755 802 3829 promovendae
821 3753 1031 3828 impensissime
1050 3753 1210 3812 intendant.
1233 3753 1265 3813 Id

217 3836 334 3908 quidem
348 3837 471 3898 studiose
480 3839 639 3898 curandum
651 3845 707 3912 est,
724 3854 824 3898 reram
835 3839 875 3897 ita
889 3846 922 3898 ut
934 3838 998 3896 aliis
1012 3838 1099 3897 etiam
1109 3839 1267 3914 prospicia-

155 3925 159 3938 '
218 3923 265 3980 tur
279 3923 308 3978 et
324 3933 393 3979 cura
406 3921 474 3980 boni
487 3922 590 3998 privati
605 3922 691 3988 unius
706 3923 799 4000 gentis
813 3937 879 3986 cum
892 3923 1013 3988 utilitate
1029 3922 1156 4000 alterius,
1172 3924 1268 3993 immo
