2767 4492
410 437 484 528 iiis
497 453 848 530 uisu-isidorum

517 649 686 709 durrcunus
705 649 736 707 ll.

479 819 517 878 lia
530 817 665 892 formula
679 812 779 876 ideali.

144 991 205 1064 til.
220 975 377 1050 Novissime
391 986 469 1046 aliud
483 992 608 1061 systema
629 973 776 1060 proposuit
794 983 850 1058 vel,
877 984 902 1044 si
922 981 1010 1058 luliet,
1030 1000 1149 1044 renova·

106 1074 148 1132 vlt
172 1073 337 1132 Vincentius
357 1069 497 1144 Globerti,
523 1075 555 1128 ut
579 1067 840 1143 psychologismum
859 1074 1010 1142 everteret,
1037 1084 1074 1126 ex
1094 1084 1150 1142 quo

106 1159 203 1218 omnia
216 1157 302 1229 mala,
318 1159 455 1230 quotquot
470 1154 603 1212 scientias
623 1153 842 1226 commaculant,
864 1153 987 1212 derivari
1001 1151 1147 1228 opinatum

105 1246 189 1316 atque
205 1241 315 1300 animus
331 1237 367 1297 ad
382 1237 602 1316 outologismum
616 1242 771 1310 revocaret,
789 1252 826 1296 ex
842 1252 897 1312 quo
912 1232 989 1297 bona
1002 1235 1108 1310 omnia,
1125 1237 1150 1296 si

105 1325 216 1397 superis
228 1323 330 1396 placet,
347 1325 505 1395 emergunt.
517 1321 601 1380 Porro
615 1319 702 1380 huius
718 1319 879 1394 systematis
894 1336 1008 1380 summa
1021 1319 1067 1381 his
1082 1337 1148 1381 con·

107 1407 191 1466 lineri
204 1407 328 1466 videtur.

108 1541 111 1546 .
140 1489 288 1564 Duplicem
302 1488 450 1563 distinguit
470 1487 669 1562 cogitationem
687 1487 719 1546 iu
740 1488 852 1547 animo:
869 1486 988 1546 alteram
1002 1480 1148 1548 immedia-

105 1579 163 1632 tum
180 1578 208 1633 et
222 1573 368 1646 duacum,
386 1587 473 1647 quam
490 1572 636 1632 intuitum
656 1572 793 1648 appellat;
814 1572 933 1631 alteram
951 1569 1105 1630 mediatam
1122 1578 1151 1632 et

102 1658 253 1731 reflexam,
273 1672 330 1731 qua
340 1657 433 1718 reditu
447 1657 570 1731 quodam
584 1657 689 1715 mentis
699 1655 842 1715 obiectum
858 1661 923 1714 aute
933 1661 1098 1730 perceptum
1107 1670 1149 1715 re

102 1743 225 1816 legimus
244 1745 273 1800 et
287 1741 473 1816 explicamus,
491 1755 612 1814 eamque
626 1739 796 1813 simpliciter
810 1739 996 1812 reflexionem
1010 1739 1149 1800 nominat.

101 1827 288 1887 Posteriorem
309 1825 438 1886 exerceri
460 1841 517 1884 nou
537 1840 620 1900 posse
640 1823 694 1898 ait,
721 1823 778 1883 nisi
798 1824 945 1897 signorum
965 1823 1149 1897 adminiculo,

103 1925 181 1985 quae
199 1909 257 1970 sint
277 1909 355 1969 velut
372 1909 604 1983 instmmeutum,
620 1924 675 1983 quo
689 1908 780 1967 utitur
794 1908 907 1967 animus
920 1908 957 1965 ad
971 1907 1061 1965 ideale
1075 1907 1153 1981 opili-

102 1993 178 2052 cium
196 1993 397 2067 reteiseudum3
419 1999 503 2068 atque
522 1993 627 2052 exinde
648 1992 849 2051 necessitatem
873 1992 1013 2051 sermonis
1032 1990 1149 2050 aliunde

102 2077 235 2150 suscepti,
255 2077 394 2136 nimirum
418 2092 471 2150 ope
490 2075 685 2148 revelationis,
702 2075 827 2134 derivari
845 2069 999 2134 contendit.
1016 2077 1050 2132 llt
1068 2091 1151 2149 supe·

100 2161 160 2219 rior
174 2160 316 2232 cogitatio,
329 2158 466 2218 nimirum
478 2159 618 2231 intuitus,
630 2158 742 2217 homini
751 2159 911 2218 innascitur
920 2159 978 2218 iam
989 2157 1071 2217 initio
1081 2175 1150 2219 suae

101 2243 176 2302 vitae
190 2241 401 2314 intellectualis,
413 2241 531 2316 eiusque
542 2240 685 2300 obiectum
701 2242 899 2302 immediatum
913 2249 955 2302 est
970 2243 1049 2312 idco,
1066 2259 1145 2302 nem·

99 2343 137 2402 pe
151 2339 253 2384 rerum
267 2324 429 2384 absolutum
438 2329 467 2384 et
481 2321 638 2400 aeternum,
651 2327 727 2400 quod
742 2342 808 2385 cum
819 2328 889 2387 llnte
899 2344 1032 2403 supremo
1047 2334 1076 2388 et
1085 2346 1147 2390 rea·

99 2410 131 2483 li,
150 2409 207 2468 lieo
232 2408 338 2482 optimo
355 2408 499 2483 maximo,
524 2424 615 2468 unum
633 2408 766 2485 idemque
790 2412 836 2471 sit.
861 2413 930 2472 llum
948 2413 1036 2485 igitur
1054 2414 1148 2486 prima

98 2493 191 2554 animi
205 2495 421 2569 contemplantis
435 2495 501 2554 idea
519 2509 585 2554 cunt
600 2495 697 2570 'primo
713 2496 783 2556 linte
802 2499 1008 2568 confundatum
1025 2496 1148 2554 eflicitur

97 2584 131 2638 ut
145 2580 284 2653 primsom
294 2579 536 2656 psyodoloqisom
551 2580 627 2639 idem
640 2579 677 2639 sit
690 2596 725 2640 ac
735 2581 874 2656 primum
888 2578 1094 2652 cosonqtouu,
1107 2582 1148 2636 at·

98 2679 156 2738 que
166 2679 204 2724 ex
214 2670 334 2739 utroque
344 2679 434 2726 unum
444 2666 622 2742 simplexque
632 2667 759 2741 primum
769 2666 917 2739 condetur,
927 2664 1000 2738 quod
1007 2664 1146 2739 primum

95 2747 333 2825 philosophiam
346 2752 486 2811 nominat.
501 2751 560 2810 lam
574 2766 642 2810 vero
657 2751 714 2810 lius
728 2751 890 2808 absolutum
905 2754 935 2807 et
953 2749 1143 2822 immetatum,

96 2833 174 2908 quod
191 2839 328 2907 perpetuo
349 2833 513 2908 cogitationi
530 2839 645 2891 nostrae
661 2833 838 2904 obversatur,
856 2847 873 2890 a
893 2831 978 2890 uobis
998 2831 1148 2903 attingitur

68 2923 76 2936 ¹
95 2919 182 2990 prout
199 2921 250 2972 est.
267 2915 315 2972 list
334 2921 429 2974 autem
445 2918 511 2972 actu
525 2929 626 2973 creans
644 2927 691 2970 res
707 2913 777 2970 alias
792 2914 889 2972 duitas
909 2928 972 2972 ase
986 2911 1144 2973 distinctas.

96 2998 145 3058 Sic
159 2996 246 3068 igitur
260 3011 278 3054 a
292 2997 374 3054 nchls
389 2996 626 3070 deprehenditur3
645 3000 731 3067 atque
745 2995 852 3056 idcirco
866 2995 1018 3056 intuitione
1033 2996 1091 3071 illa,
1109 2998 1146 3058 de

96 3095 156 3156 qua
170 3078 241 3146 dixi,
259 3083 316 3148 tres
335 3078 421 3137 simul
436 3077 582 3138 melltates
604 3077 790 3150 deteguntur:
807 3079 863 3138 lius
877 3095 1053 3154 supremum,
1070 3083 1146 3155 quod

94 3165 126 3224 vi
143 3161 274 3238 propriae
287 3167 407 3220 naturae
417 3165 526 3233 exstat3
544 3160 634 3220 libera
648 3161 764 3234 creatio,
782 3178 839 3236 qua
853 3163 909 3223 llus
918 3163 1065 3223 inlinitum
1079 3180 1144 3238 ope·
1160 3181 1167 3190 ·

95 3253 178 3308 ratur
192 3247 335 3319 exterius3
351 3261 398 3305 res
418 3250 529 3304 ceterae
544 3245 641 3304 linitae
654 3248 683 3305 at
696 3245 841 3321 relativae,
858 3263 931 3320 quae
950 3248 980 3307 vi
993 3246 1145 3306 creationis

96 3332 234 3392 existrmt.
252 3331 343 3398 Quare
362 3329 414 3388 has
438 3329 524 3390 etiam
545 3345 603 3390 uon
623 3329 655 3390 in
677 3343 709 3390 se
726 3331 776 3390 sed
794 3331 896 3391 inliso
914 3331 1104 3406 perspicimus
1117 3338 1146 3390 et

97 3415 334 3490 contemplamur,
349 3419 465 3489 propter
484 3413 636 3473 creationis
657 3414 807 3489 intuitum3
824 3421 909 3490 atque
923 3414 1030 3474 idcirco
1043 3414 1144 3474 idealis

96 3500 228 3575 formula,
246 3501 331 3559 totius
348 3499 484 3569 scientiae
501 3499 729 3574 tundamentum,
746 3501 783 3560 ad
801 3516 888 3576 mam
902 3501 998 3560 omnis
1018 3501 1142 3575 cognitio

6 3575 9 3590 '
95 3585 224 3644 numana
240 3585 399 3658 revocatur,
420 3586 473 3644 ltac
492 3585 682 3659 propositione
705 3587 880 3646 continetur:
896 3586 963 3660 ,Eos
982 3593 1061 3645 creat
1081 3585 1140 3645 cci·

94 3670 228 3729 otentico.

132 3754 304 3826 Argumenta
317 3765 394 3829 raro,
407 3755 512 3830 qulbus
526 3771 610 3816 suum
620 3761 746 3832 systema
760 3757 862 3816 fulcire
878 3761 1006 3830 conatm,
1023 3756 1078 3816 tria
1091 3772 1141 3831 po·

95 3834 239 3896 mnarum
253 3843 327 3913 sunt,
348 3839 380 3898 nt
395 3840 486 3899 latter.
507 3840 642 3915 Primum,
663 3841 815 3916 quiaordo
837 3841 1008 3914 cognitionis
1027 3855 1142 3915 respon·

95 3917 164 3980 dele
177 3917 262 3981 debet
278 3921 371 3982 ordini
384 3935 499 3998 rammi
513 3923 658 3996 inordina
675 3930 772 3984 autern
786 3936 883 3984 rerum
898 3941 958 3986 non
970 3941 989 3986 a
1002 3924 1140 3984 creaturis

96 4003 135 4068 ad
151 4005 251 4084 Deum,
271 4005 323 4072 sed
341 4021 360 4068 a
379 4005 436 4070 lieo
452 4007 490 4070 ad
512 4013 656 4074 creaturas
674 4008 708 4070 lit
729 4009 844 4086 medus.
860 4009 1051 4086 Podssimun,
1070 4008 1140 4086 qus
