2767 4492
235 246 288 306 192
559 255 767 304 rmrsnmrsion
780 251 944 323 antrannis

227 343 379 419 proximo,
394 353 462 404 cnm
473 349 587 419 praeter
606 343 778 404 activitatem
796 342 892 402 omnia
909 339 1012 400 adsunt
1024 339 1179 416 requisita,
1196 353 1269 416 quae

229 428 310 496 illam
323 429 548 504 adoperandum
562 430 727 504 expediunt.

638 574 807 633 durrouuus
826 572 859 632 11.

399 757 402 762 -
450 716 489 778 Dc
502 718 649 778 octioitotc
662 732 826 777 murorum
839 713 1047 776 secundarium.

266 861 312 920 59,
327 860 375 919 list
387 859 666 922 occasionalistarum
680 857 793 931 dogma,
810 857 881 915 duce
892 823 1017 914 ⁸brnoldo
1032 855 1151 914 lleulinx
1166 858 1271 930 etpost

229 945 325 1020 ipsum
342 945 474 1005 llicholao
492 944 705 1016 malebranche,
722 947 866 1000 creaturas
887 940 966 999 omni
985 940 1127 1000 activitate
1145 939 1270 1014 privari,

230 1031 281 1090 sed
299 1045 393 1089 meras
412 1030 574 1090 occasiones
594 1044 673 1102 esse,
694 1042 816 1101 quarum
834 1025 940 1084 intuitu
958 1025 1032 1084 Deus
1050 1025 1135 1084 unice
1155 1025 1270 1097 omnia,

231 1131 304 1190 quae
319 1116 392 1174 fiunt
410 1115 440 1174 in
461 1130 557 1174 rernm
575 1113 778 1185 universitate,
794 1116 919 1186 peragat.
936 1110 1020 1170 Porro
1039 1109 1273 1168 occasionalistae

229 1199 262 1258 in
272 1199 414 1274 duplicem
423 1205 533 1274 partem
543 1197 710 1257 abieredlii
721 1196 798 1256 enirn
808 1195 941 1254 omnibus
950 1195 1067 1254 omnino
1078 1194 1177 1254 creatis
1187 1209 1274 1267 agen-

231 1284 326 1358 tibus,
343 1301 379 1343 ne
398 1283 544 1358 spiritibus
562 1283 679 1357 quidem
698 1281 843 1354 exceptis,
860 1280 920 1354 vim
934 1273 1070 1354 operandi
1083 1279 1269 1346 ademerunt,

230 1373 316 1443 atque
335 1369 442 1428 idcirco
462 1369 619 1443 ripidiorcs
639 1371 795 1438 vocantur3
816 1365 864 1424 alii
886 1380 953 1424 vcro
973 1364 1138 1438 corporibus
1162 1367 1274 1421 tanturn

231 1453 372 1512 actionem
386 1468 501 1514 omnem
514 1453 699 1526 denegarunt,
712 1451 778 1510 solis
793 1450 939 1524 spiritibus
953 1452 1161 1522 concesseruut,
1174 1453 1203 1506 et
1212 1463 1275 1522 pro-

230 1540 329 1610 pterea
349 1537 481 1596 mitiores
502 1537 645 1598 dicuntur.
671 1535 757 1595 Nobis
778 1535 913 1594 adversus
934 1540 1068 1608 utrosque
1088 1533 1275 1607 pugnandum

231 1622 300 1694 erit,
317 1627 346 1680 et
357 1627 508 1696 postquam
522 1620 679 1694 generatim
695 1620 754 1678 sive
770 1618 887 1692 spiritus
902 1619 962 1677 sive
976 1633 1106 1692 corpora,
1123 1617 1206 1676 modo
1221 1616 1276 1676 sibi

179 1759 185 1770 .
232 1711 546 1778 consentaneo,.veras
565 1720 628 1764 esse
646 1719 748 1763 causas
768 1701 1124 1778 probaverimus,.lhesim
1145 1702 1219 1760 banc
1240 1700 1276 1760 313

234 1790 363 1864 ipsorum
377 1789 495 1863 argutiis
510 1789 728 1848 vindicabimus

270 1875 314 1933 61).
331 1873 471 1948 Principio
485 1875 601 1948 quidem
615 1879 714 1934 contra
729 1875 958 1935 occasionalistas
971 1873 1077 1948 rigidos
1087 1873 1227 1948 impetum
1236 1872 1277 1930 la·

234 1958 345 2029 cimus,
362 1959 571 2033 asserimusque
585 1959 702 2033 spiritus
719 1975 789 2019 vera
806 1961 913 2035 perfrui
929 1959 1088 2032 activitate,
1106 1974 1139 2017 ac
1153 1957 1276 2031 proprio-

234 2058 300 2101 rum
315 2042 468 2102 effectuum
478 2060 536 2103 non
549 2055 612 2103 esse
626 2044 790 2104 occasiones
805 2046 854 2104 sed
869 2060 978 2103 causas.
995 2044 1107 2102 Constat
1121 2043 1150 2101 id
1165 2042 1277 2101 eviden-

213 2153 216 2159 v
233 2132 279 2186 ter
292 2128 338 2187 331
351 2143 389 2187 ex
403 2128 491 2188 solius
505 2130 695 2190 eonscientiae
710 2131 880 2202 testimoium
897 2145 969 2204 quae
985 2129 1165 2204 exploratum
1175 2127 1277 2201 cuique

235 2212 304 2269 lacit
321 2212 450 2271 animum
463 2228 564 2272 revera
578 2229 671 2289 agere.
697 2215 818 2288 Quisque
833 2215 911 2273 enim
925 2213 1041 2272 indubio
1056 2212 1234 2287 persentiscit
1248 2227 1279 2269 so

234 2294 275 2355 ita
292 2297 463 2356 intrinsecus
481 2299 590 2359 moveri
608 2305 692 2374 atque
714 2300 778 2373 agi,
796 2304 828 2357 ut
846 2299 876 2357 id
894 2313 950 2357 non
971 2313 1007 2356 ex
1027 2297 1168 2356 activitate
1184 2297 1279 2356 aliena

235 2385 410 2457 externoque
423 2382 567 2456 impulsu,
584 2384 680 2443 sodex
694 2383 724 2442 31
738 2383 794 2441 sibi
808 2383 922 2457 propria
942 2383 1093 2456 animoque
1107 2383 1194 2442 insita
1208 2382 1279 2441 oria·

236 2472 292 2525 tur.
310 2467 356 2527 Sic
370 2468 439 2526 dum
453 2468 592 2542 volumus,
604 2469 729 2542 dumque
749 2469 943 2542 intelligimus,
961 2473 1010 2526 aut
1023 2469 1098 2526 vires
1113 2468 1184 2533 alias
1198 2482 1279 2540 quas-

235 2566 358 2625 cumque
374 2552 463 2612 animi
476 2552 537 2611 3133
551 2553 759 2626 cognoscendi,
777 2553 837 2612 sive
858 2553 1024 2626 appetendi,
1041 2553 1101 2612 3133
1122 2552 1208 2612 etiam
1222 2567 1280 2610 mo
1312 2615 1318 2622 .

236 2637 323 2695 rendi
338 2652 441 2711 corpus
455 2651 637 2710 exercemus3
655 2652 792 2711 perquam
806 2637 900 2696 vivide
915 2637 1088 2712 experimur,
1105 2636 1282 2711 operationes

237 2721 378 2780 eiusmodi
392 2738 450 2780 non
467 2723 552 2781 modo
567 2723 598 2781 in
618 2722 722 2792 nobiS,
739 2738 840 2783 rerum
855 2723 941 2782 etiam
956 2723 1069 2782 anobis
1083 2722 1180 2797 gigni,
1197 2727 1281 2796 atque

236 2803 278 2863 ita
291 2821 343 2866 nos
357 2806 490 2880 afficere,
506 2812 539 2865 ut
552 2822 570 2865 a
584 2806 723 2881 principio
747 2808 783 2865 ad
796 2813 928 2866 naturam
951 2808 1044 2882 ipsam
1058 2812 1184 2866 nostram
1197 2807 1282 2882 perti-

236 2897 323 2950 nente
337 2891 562 2966 proficiscantur.
579 2892 658 2961 Quod
674 2892 867 2952 conscientiae
887 2893 1079 2952 testimonium
1098 2891 1217 2966 infringi
1231 2907 1281 2951 ne-

237 2975 300 3048 quit
317 2981 367 3034 aut
386 2976 544 3050 debilitari,
565 2976 634 3051 quin
653 2976 739 3036 simul
759 2977 902 3037 evidentia
924 2977 1017 3036 omnis
1039 2982 1122 3051 atque
1144 2977 1282 3036 certitudo

235 3075 295 3118 una
309 3061 415 3134 pariter
428 3061 601 3135 repudietur.
626 3062 685 3120 Nisi
700 3061 787 3136 igitur
807 3063 948 3122 rationem
962 3063 1059 3137 ipsam
1068 3077 1173 3136 exuere
1188 3068 1238 3120 aut
1250 3061 1282 3119 in

236 3143 421 3203 delirantium
433 3160 552 3205 numero
566 3146 666 3205 baberi
681 3147 821 3221 velimus,
837 3147 961 3206 inficiari
981 3163 1039 3207 non
1057 3161 1208 3222 possumus
1223 3145 1283 3204 ani·

237 3243 320 3286 mum
333 3235 464 3288 nostrum
478 3229 577 3304 (idque
594 3246 646 3305 pro
660 3231 762 3290 ceteris
777 3232 863 3291 etiam
878 3232 952 3291 33131
963 3231 1122 3306 spiritibus)
1137 3245 1205 3289 vera
1218 3245 1284 3303 per-

237 3311 458 3455 1313113311311313,
469 3313 724 3388 operationumque
732 3319 895 3375 nostrarum
904 3332 963 3376 non
973 3316 1150 3376 occasionem
1159 3329 1211 3374 nos
1220 3329 1285 3374 esso

238 3411 270 3455 se
307 3411 425 3456 causam
458 3441 465 3455 .

284 3608 296 3653 1
315 3609 346 3656 ue
360 3609 440 3679 33133313
454 3609 588 3673 reliquorum
603 3607 721 3658 hominurn
735 3609 776 3660 boo
790 3617 868 3676 potans
882 3618 914 3661 331
926 3649 932 3678 ,
949 3613 1056 3677 siqnidem
1073 3614 1208 3663 consimilem
1222 3612 1289 3660 3331313
1380 3587 1381 3656 1

238 3686 338 3730 maturam
352 3685 451 3750 habent3
467 3686 593 3734 3131331333
607 3693 685 3733 natura
700 3687 841 3750 331333,,1131
855 3688 913 3736 idam
927 3690 1033 3737 iudicium
1048 3691 1076 3738 do
1089 3691 1201 3738 attributis
1215 3689 1288 3736 133333-
1380 3691 1381 3738 3

234 3757 289 3804 dum
302 3767 342 3806 331.
358 3761 391 3808 Do
403 3763 517 3825 spiritibus
530 3779 581 3811 vero
595 3763 788 3810 excellentioribus
808 3771 959 3828 argumentum
973 3767 1011 3815 1131
1028 3783 1041 3814 3
1058 3767 1285 3816 miserandorum.
1380 3779 1381 3784 ’

234 3833 297 3889 Quod
307 3836 367 3882 enim
379 3837 519 3899 perfectiouis
532 3845 573 3902 eat,
589 3840 609 3886 31
623 3840 649 3885 in
661 3841 746 3888 naturis
769 3841 827 3903 ripst
841 3842 998 3908 inferioribus,
1014 3844 1037 3891 id
1051 3843 1120 3891 multo
1135 3843 1287 3904 3339133333-
1380 3871 1381 3892 ;

234 3911 338 3976 rioribus,
352 3912 396 3959 nisi
411 3913 494 3974 aliquid
508 3915 587 3970 obstet,
601 3914 750 3964 tribuendum
766 3918 815 3964 erit.
1380 3915 1381 3934 ¹
