2767 4492
278 307 336 374 29⁰
679 315 681 322 ⁴
724 315 886 365 summanr

275 407 414 470 ctoritatis
425 401 547 480 imperio
565 401 655 466 vetari
669 416 763 478 pesse.
778 403 838 464 Hoc
848 407 1013 464 tamennon
1022 402 1158 479 mmmm
1171 406 1333 478 quominus

275 491 436 554 contrarius
453 497 534 552 tener
548 489 688 552 habentur
698 488 776 564 apud
784 484 1018 562 illassecietates,
1029 503 1105 564 quae
1115 487 1154 548 ob
1166 491 1333 550 carentiam

272 579 362 638 unius
375 581 407 638 et
419 591 503 636 verae
517 573 664 650 religionis
677 573 788 634 nullam
806 578 915 634 certam
928 579 1014 648 atque
1032 573 1264 634 determinatam
1286 576 1331 636 do

274 663 397 722 ctrinam
410 661 570 736 generatim
580 665 609 720 et
618 658 734 735 publice
744 659 925 735 profitentur.
938 658 1006 718 uun
1015 657 1095 718 enim
1104 658 1146 718 ibi
1155 658 1241 720 cirea
1256 675 1330 720 eom·

273 749 357 808 muni
380 747 492 808 viuculo
515 747 547 808 iu
570 746 719 808 sentiendo
741 749 876 819 careaut;
901 759 1004 806 norme
1025 744 1116 817 deest,
1137 743 1229 804 iuxta
1248 762 1332 820 quau

275 833 367 892 civilis
380 837 504 907 potestas
518 833 695 892 coactionem
709 845 845 893 exercere
860 830 959 905 pessit,
974 829 1048 912 quun
1075 828 1254 894 violentiam
1273 847 1334 894 oen

277 917 415 984 scientiae
430 921 458 984 et
471 917 629 984 intellectui
643 917 826 980 moditornm
839 915 954 978 inierat.

638 1090 774 1164 CAPUT
795 1089 962 1162 sustuli

593 1273 636 1326 nn
659 1273 829 1326 sociarant
842 1269 1010 1323 amorosa

312 1433 382 1492 ilum
395 1429 624 1494 deseeietntibus
640 1429 800 1502 eompletis,
824 1429 945 1504 quaein
966 1427 1082 1502 proprio
1108 1426 1226 1487 ordine
1253 1432 1336 1488 totum

275 1518 424 1578 hominem
436 1517 589 1591 attingunt,
600 1515 796 1582 disseramus:
812 1527 860 1572 res
878 1513 942 1586 ipsa
963 1511 1088 1586 postulat
1113 1516 1148 1570 ut
1167 1513 1337 1573 societatem

275 1603 363 1661 etiam
376 1598 539 1674 religuosam
549 1603 766 1674 pertractemus.
783 1597 818 1656 llt
832 1595 912 1655 euim
926 1595 985 1656 iam
998 1595 1081 1654 initio
1096 1595 1246 1669 diximus,
1269 1599 1337 1656 baec

275 1685 359 1746 tertia
373 1691 416 1745 est
430 1685 596 1744 societatum
611 1683 804 1758 petractamus
813 1682 933 1755 speeies,
949 1695 1022 1754 quae
1029 1680 1209 1740 domesticae
1224 1687 1255 1740 et
1272 1683 1339 1742 eiri—
1361 1723 1362 1739 ι

275 1772 297 1832 li
312 1771 534 1844 adnumeratum
551 1773 649 1842 utpote
664 1782 739 1842 quae
758 1771 894 1825 enatura
909 1764 1083 1840 praecipitur
1112 1770 1142 1824 et
1167 1765 1338 1828 universam
1359 1745 1362 1829 l

276 1855 450 1914 nativitatem
465 1853 590 1912 hominis
616 1851 795 1924 aliquatenus
818 1849 875 1910 sibi
894 1849 1019 1910 subiicit.
1042 1850 1112 1908 Fine
1133 1851 1230 1924 euim,
1254 1860 1362 1926 quem

275 1939 418 2014 proponit,
435 1941 565 1996 centrum
580 1935 723 2010 quoddam
737 1935 847 1996 bomini
861 1935 988 2007 exhibet,
1008 1933 1045 1992 ud
1059 1933 1136 2008 quod
1151 1936 1257 1994 omnis
1280 1938 1339 1995 eius
1360 1886 1363 1997 ⁴

278 2111 314 2169 lis
329 2108 448 2168 societas
462 2107 546 2180 plene
560 2107 693 2180 cognosci
707 2107 816 2182 nequit,
832 2105 890 2166 uisi
909 2105 1018 2180 aliquid
1032 2106 1123 2164 etium
1141 2105 1179 2166 dc
1202 2107 1341 2168 societme

222 2195 224 2200 '
276 2194 410 2266 religiosa
424 2191 544 2252 dicatur.
557 2193 680 2262 Quinam
691 2193 771 2252 enim
780 2191 890 2266 relatio,
904 2207 978 2267 quae
991 2192 1066 2252 iuter
1077 2191 1199 2252 civilem
1213 2200 1247 2254 et
1257 2195 1343 2254 eccle
1360 2226 1361 2259 l

277 2279 597 2352 siastieumpotestutem
607 2277 768 2350 intercedit,
779 2277 905 2336 discerni
915 2281 1016 2352 potest,
1027 2276 1084 2336 nisi
1102 2282 1172 2338 anto
1185 2281 1343 2355 utriusque

278 2363 395 2423 termini
405 2363 552 2424 sullicieus
566 2363 667 2425 uotitia
679 2363 869 2437 procuretur?
882 2362 1010 2435 lienique
1025 2366 1202 2437 temporum,
1222 2365 1257 2424 in
1271 2383 1341 2441 quae

277 2449 442 2521 incidimus,
458 2449 636 2524 perturbatio
657 2448 693 2506 ad
715 2447 856 2507 eiusmodi
880 2447 1099 2520 vestigationem
1122 2448 1339 2510 instituendam

279 2535 463 2596 vehementer
476 2533 606 2608 impellit.
623 2533 672 2592 lot
685 2533 764 2591 euim
778 2547 889 2592 ermres
903 2532 980 2590 banc
996 2531 1070 2592 iuris
1080 2537 1198 2606 partem
1215 2551 1341 2596 comma

278 2621 385 2695 eulaut,
402 2635 436 2680 ac
451 2617 602 2678 uonmodo
616 2617 648 2675 in
662 2615 765 2675 libellis
780 2615 831 2674 sed
849 2620 878 2676 et
900 2616 932 2676 iu
951 2616 1160 2676 conventiculis
1179 2618 1292 2695 etiam,
1317 2623 1341 2680 iu
1359 2630 1360 2695 l

283 2708 354 2778 iore,
372 2709 400 2764 et
408 2719 481 2780 pene
496 2702 620 2762 dixerim
632 2701 663 2760 iu
675 2701 766 2760 triviis
775 2700 897 2760 rotundo
911 2715 960 2761 ere
978 2701 1168 2776 abraduntur,
1192 2708 1233 2763 ut
1251 2698 1360 2766 necea*

279 2791 387 2850 sarium
411 2787 528 2850 omuino
546 2787 583 2846 sit
599 2786 631 2846 iu
654 2784 814 2858 elementIs,
841 2800 914 2859 guae
934 2785 971 2844 ad
986 2785 1151 2845 docendum
1169 2789 1341 2857 trademur,

278 2871 608 2948 tautum'impudeutiam
632 2871 793 2950 retundere,
810 2875 839 2938 et
851 2870 995 2945 principia
1009 2870 1112 2932 saltem
1125 2871 1266 2936 breviter
1282 2879 1343 2937 ado

278 2959 451 3020 lescoutibus
467 2957 603 3031 iudicare,
620 2958 725 3032 quibus
739 2957 845 3016 falsum
859 2972 877 3016 n
890 2971 958 3016 vero
982 2956 1147 3017 discernere
1169 2961 1298 3033 possint
1320 2970 1359 3027 et}

281 3045 317 3104 ab
331 3043 485 3118 impiorum
500 3042 649 3101 conatibus
664 3057 695 3100 se
711 3041 793 3101 tueri.
806 3041 848 3100 lin
862 3042 936 3101 ratio
951 3035 1003 3102 eur
1016 3041 1126 3116 nliqtud
1141 3042 1179 3102 de
1202 3047 1344 3106 societate

277 3127 419 3202 religiosa,
436 3141 510 3202 quae
524 3127 942 3201 etiamllcclesiauuncupatur,
954 3127 1081 3186 delibare
1100 3127 1244 3190 animum
1263 3133 1344 3192 iudu-

278 3212 476 3286 ulmus3ouod
487 3211 648 3287 praestituri
657 3227 758 3271 sumus
768 3211 860 3271 tribus
870 3211 1007 3285 articulis,
1028 3209 1133 3286 mribus
1163 3213 1236 3274 eius
1263 3225 1344 3276 nam

283 3311 356 3374 vam,
372 3296 446 3374 iura,
472 3313 506 3360 ac
528 3297 680 3360 relationes
699 3312 766 3357 cum
784 3297 864 3358 Statu
887 3295 1003 3373 pelitiee
1030 3296 1298 3374 investigabimus.

276 2025 354 2084 vitoe
373 2039 438 2098 pars
448 2022 586 2097 peculiari
602 2021 726 2095 quadam
740 2022 851 2081 ratione
866 2022 997 2080 retertur.
1013 2021 1170 2080 Praeterea
1187 2021 1261 2096 ipsa
1278 2024 1341 2082 eivi-
1360 2064 1363 2215 ι

703 3444 872 3524 duuvcuuus
887 3443 911 3506 Ι.

556 3585 595 3648 be
608 3593 723 3648 butero
736 3585 879 3648 emittetis
894 3586 1058 3664 religiosae.
1091 3625 1098 3632 -

323 3733 384 3795 199.
399 3733 433 3795 Ut
446 3735 549 3793 untma
564 3733 651 3794 huius
666 3730 809 3792 societatis
833 3732 1026 3808 dignoscatur,
1048 3731 1112 3791 eius
1135 3733 1244 3811 origo,
1262 3732 1358 3798 tinia*

283 3826 389 3894 partes,
405 3826 548 3881 structura
570 3820 691 3894 intelligi
706 3819 820 3878 debent.
842 3819 876 3878 lt
888 3835 956 3880 vero
970 3819 995 3878 si
1010 3819 1082 3878 baec
1093 3822 1153 3892 'pro
1167 3823 1287 3884 merito
1303 3841 1357 3884 ex·¹

289 3903 406 3974 planare
415 3905 561 3978 vellemus,
577 3907 685 3966 nedum
698 3908 784 3979 eaput
793 3905 844 3965 ssd
858 3920 896 3966 ue
910 3905 1056 3980 integrum
1069 3904 1188 3980 qudem
1204 3909 1346 3971 volumen
