2767 4492
533 307 613 356 lours
630 311 773 357 stannus
1124 301 1173 362 ltt

130 411 228 456 eorum
243 396 358 470 iuriam,
376 411 449 471 quae
463 393 621 454 conflictari
637 395 777 454 videntur.
795 395 840 455 Sic
849 412 896 458 ex.
908 412 951 473 gr.
963 413 1030 458 cum
1044 400 1091 459 ius
1104 399 1173 458 divi·

129 498 199 542 num
215 482 322 556 aliquid
338 481 492 554 prohibens
506 495 634 554 pugnare
649 479 803 553 aliquando
822 481 935 542 videtur
951 500 1018 544 oum
1039 486 1102 544 iure
1121 485 1174 544 bu·

128 583 223 640 manto,
240 567 314 640 quod
329 567 399 624 forte
413 566 590 624 contrarium
603 563 710 636 iubeat,
728 563 824 638 pugna
839 567 889 625 illa
909 571 1004 643 speeie
1020 577 1102 630 tenus
1114 579 1173 630 tuu-

130 657 191 710 tum
205 657 307 710 exstat.
324 651 400 708 Tuuu
417 651 493 710 enim
509 665 609 709 revera
623 648 735 707 nullum
745 650 791 708 ius
802 651 852 708 sed
863 654 1014 712 arbitrium
1025 657 1175 714 dumtaxat

128 737 261 808 hominis,
278 737 305 794 vi
321 752 436 810 prorsus
451 736 627 808 destitutum,
640 734 793 809 imperium
806 736 863 795 sibi
881 746 1003 811 arrogat.
1017 739 1085 797 Cum
1096 742 1172 799 enim
1219 736 1223 742 “

128 837 186 880 non
197 822 234 879 sit
244 821 405 894 auctoritas,
417 821 472 880 uisi
484 820 580 893 aileu,
592 821 692 893 nequit
702 833 764 879 esse
780 820 898 880 effeetus
910 838 992 880 verae
1001 825 1174 884 auctoritatis

130 905 160 964 id
174 906 249 980 quod
264 909 403 980 repugnat
418 905 579 964 auctoritati
602 905 735 978 divinae,
760 921 833 979 quae
855 907 918 964 lons
941 902 1100 966 reterarrim
1120 914 1172 968 est.

131 991 217 1062 Unde,
230 991 265 1048 ad
277 1006 339 1048 rem
350 990 425 1072 quod
438 995 555 1063 spectat,
566 1005 633 1048 vera
644 989 751 1048 iuriam
766 990 875 1049 collisio
885 1006 1032 1070 nunquam
1044 992 1173 1066 babetur,

130 1075 178 1133 sed
193 1075 253 1133 sola
262 1074 367 1133 iurium
378 1074 581 1146 subordinate,
591 1089 657 1148 qua,
666 1090 723 1132 uno
737 1075 931 1148 praevalente,
941 1077 1116 1134 contrarium
1125 1093 1175 1151 per

131 1175 162 1218 se
175 1165 275 1218 cessat.
284 1160 336 1218 Sed
345 1159 379 1217 ad
393 1159 422 1216 id
436 1159 488 1216 sub
504 1158 632 1217 sensibili
647 1159 771 1232 quadam
786 1161 878 1218 forma
892 1162 1172 1234 repraesentantium,

132 1245 238 1317 optime
258 1243 415 1316 concipitur
429 1247 529 1300 mutua
544 1243 684 1316 qrraedam
701 1244 959 1317 puguaetoollisi03
973 1260 1118 1318 perquam
1134 1246 1173 1318 id,

130 1325 205 1400 ¹quod
222 1327 410 1400 praestantius
425 1333 484 1394 est,
507 1327 636 1386 inferiori
650 1328 821 1401 praevaleat.
839 1327 900 1395 Qua
919 1328 948 1385 iu
968 1345 999 1385 re
1021 1329 1175 1388 similitudo

131 1412 292 1470 desumitur
306 1427 323 1469 a
341 1411 523 1483 meoltaniea,
546 1411 576 1468 in
591 1426 648 1485 qua
663 1426 678 1468 e
694 1410 807 1470 duabus
822 1411 959 1485 oppositis
973 1413 1083 1470 viribus
1097 1414 1174 1471 inae-

134 1496 265 1570 qualibus
280 1495 338 1568 illa,
351 1511 425 1568 quae
439 1495 578 1554 intensior
592 1500 644 1567 est,
663 1495 856 1554 remissiorem
872 1495 961 1554 elidit.
973 1497 1006 1556 Ut
1017 1503 1110 1554 autem
1128 1498 1175 1556 de·

131 1579 247 1637 finiatur
264 1579 407 1652 quodnam
426 1579 522 1638 iussit
538 1580 735 1653 praestantius,
753 1580 789 1637 ad
805 1580 934 1638 ordinem
949 1587 1067 1638 naturae
1078 1581 1176 1639 adver·

131 1664 216 1722 tenda
230 1669 273 1722 est
288 1664 429 1736 cogitatio.
442 1663 520 1731 Quod
536 1663 612 1722 enim
631 1664 724 1736 magis
743 1679 810 1722 cum
832 1665 931 1722 ordine
950 1665 1126 1723 eonnectitur
1145 1665 1176 1722 in

128 1764 217 1822 eoque
232 1748 361 1807 altiorem
377 1747 470 1806 looum
486 1751 621 1820 occupat,
638 1747 839 1820 praestabilius
855 1755 940 1821 atquo
953 1749 1098 1807 efficacius
1113 1763 1177 1821 pro

131 1833 204 1890 lecto
219 1833 282 1905 erit,
300 1848 333 1890 ao
347 1832 466 1905 proinde
481 1832 511 1892 in
527 1830 672 1890 collisione
691 1831 848 1912 superabit.

165 1917 289 1975 Tandem
298 1916 369 1975 iuris
379 1916 520 1988 limitatio,
530 1931 580 1974 seu
589 1915 791 1975 determinatio
801 1916 998 1986 terminorum,
1011 1922 1093 1976 extra
1102 1934 1175 1992 quos

132 2001 246 2074 evagari
261 2001 380 2076 nequit,
401 2001 554 2060 iudicanda
573 2005 615 2058 est
630 2005 692 2057 tum
706 2016 744 2057 er
759 2005 860 2059 natura
875 2002 937 2075 ipsa
951 2002 1073 2073 obiecti,
1100 2003 1177 2061 eirea

131 2086 208 2159 quod
219 2085 265 2144 ius
279 2091 417 2158 versatur,
431 2081 491 2141 tum
506 2101 543 2142 ex
556 2083 670 2155 ollieiis,
686 2083 792 2156 quibus
809 2085 969 2144 subiectum
980 2087 1173 2159 adstringitur.

130 2171 218 2228 Homo
233 2170 310 2228 euim
325 2169 356 2226 iu
371 2174 481 2227 lantum
494 2167 604 2226 iuribus
619 2173 747 2241 ornatum
759 2169 790 2226 in
801 2175 940 2242 quantum
951 2171 1039 2228 finem
1049 2171 1175 2244 aliquem

131 2255 243 2326 assequi
257 2253 350 2325 debet,
368 2253 404 2310 ad
419 2267 504 2326 qtrem
519 2269 590 2310 usus
605 2267 702 2310 rerum
717 2254 918 2313 nonnullarum
934 2253 1112 2314 necessarius
1122 2259 1173 2328 ost,

130 2338 176 2397 tel
190 2337 287 2396 saltem
304 2342 488 2410 opportunus,
506 2353 596 2410 eaque
612 2338 726 2410 propria
740 2343 769 2396 et
783 2338 956 2412 primigenia
978 2340 1056 2413 origo
1071 2345 1114 2398 est
1133 2339 1176 2398 iu·

131 2423 206 2480 num
222 2422 423 2480 bumanorum.
438 2421 521 2495 Atqui
537 2421 639 2494 bomo,
665 2428 750 2496 prout
768 2423 856 2481 linem
875 2429 992 2495 spectat,
1010 2424 1112 2482 olliciis
1128 2424 1176 2481 ad·

133 2506 289 2579 stringitur.
299 2503 369 2578 Ergo
380 2506 474 2565 oilioia
483 2507 513 2564 iu
521 2504 636 2564 bomine
645 2507 897 2587 laudamentumet
905 2506 991 2564 veluti
1000 2507 1176 2565 substratum

131 2591 241 2650 iuribus
256 2591 317 2650 eius
332 2591 522 2665 suppeditant.
539 2591 826 2664 Hinoundeeumque
840 2591 986 2663 peculiare
1002 2589 1116 2662 aliquod
1131 2591 1176 2647 ius

130 2676 264 2735 advenire
278 2675 418 2750 videatur,
436 2691 584 2750 uunquam
599 2677 716 2735 exandi
731 2679 822 2749 potest
836 2674 871 2732 ad
887 2674 929 2746 id,
947 2673 1021 2746 quod
1037 2673 1130 2731 officio
1145 2673 1176 2731 in

131 2775 265 2834 praesens
281 2761 420 2833 obliganti
435 2761 620 2819 contradicat.
642 2761 720 2818 Tunc
739 2759 817 2817 euim
837 2773 895 2816 non
917 2757 1000 2815 modo
1021 2755 1092 2814 iuris
1111 2757 1175 2814 lons

131 2845 249 2916 deesset,
262 2844 311 2900 sed
326 2843 412 2902 etiam
422 2844 496 2902 aetio
512 2844 685 2917 turpitudine
695 2846 872 2916 grasmetur.
883 2841 925 2898 ld
934 2845 1014 2914 turpe
1025 2847 1118 2899 autem
1130 2841 1175 2898 ius

130 2925 242 2984 nullum
252 2931 303 2998 est,
316 2925 458 2998 siquidem
472 2926 512 2985 vis
522 2925 584 2985 eius
594 2926 687 2984 omnis
698 2941 736 2984 ex
754 2924 852 2984 ordine
866 2925 965 2999 etlege
975 2925 1172 2999 proficiscitur.

539 3095 709 3158 derisurus
725 3097 757 3159 ll.

362 3263 400 3329 or
420 3275 535 3330 notura
549 3277 576 3330 ot
586 3261 941 3346 partitioos'osfioioauut.

165 3435 209 3502 70.
227 3431 432 3514 obligationem
446 3441 534 3516 illam,
557 3457 613 3517 qua
629 3439 697 3502 ordo
712 3458 729 3500 a
743 3441 853 3501 ratione
867 3443 1029 3517 propositus
1044 3443 1171 3502 volunta

130 3531 188 3585 lem
208 3525 372 3599 adstringit,
398 3526 530 3601 officium
545 3527 769 3586 nominavimus.
786 3527 861 3585 Haeo
877 3535 971 3586 autom
991 3527 1124 3600 obligatio
1142 3529 1174 3586 in

116 3611 231 3692 morali
245 3611 368 3685 quadam
383 3611 551 3672 necessitate
568 3613 707 3685 consistit,
720 3628 771 3670 seu
781 3613 810 3670 in
820 3611 1173 3686 impossibilitatemaueu·

131 3695 161 3753 di
174 3696 205 3754 iu
219 3696 319 3755 ordine
329 3711 362 3754 ao
372 3696 442 3770 legis
451 3699 620 3767 reverentia,
631 3697 807 3757 eontrarium
821 3697 893 3770 eius,
906 3697 979 3770 quod
993 3696 1065 3756 ratio
1075 3698 1171 3773 dietat,

41 3815 44 3820 -
129 3781 280 3852 operando.
292 3781 337 3840 Sic
347 3795 413 3840 cum
423 3781 570 3841 hominem
582 3783 617 3841 ad
631 3798 688 3841 nou
701 3781 897 3840 mentiendum
906 3781 1000 3840 oilieio
1011 3782 1172 3841 veracitatis

133 3861 221 3922 teneri
234 3865 372 3940 dicimus3
384 3881 442 3926 nou
451 3866 528 3929 aliud
539 3867 701 3941 significare
712 3865 852 3941 volumus,
865 3865 921 3924 nisi
936 3881 1002 3927 eum
1013 3867 1066 3928 bae
1076 3881 1172 3928 neees-
1212 3939 1215 3950 Ι
