2767 4492
246 305 301 366 186
566 305 776 362 nemetes
790 304 956 350 semime
973 305 977 312 '

236 411 334 465 tamen
349 402 392 460 est
404 398 573 458 relationem
586 409 604 454 a
617 393 812 464 tundamento,
828 390 905 449 unde
914 389 1042 462 monitat,
1053 388 1175 450 minime
1185 391 1284 454 distin-

238 490 307 565 gui;
326 487 377 546 sed
391 492 457 544 esse
469 481 688 542 tundamentum
702 476 798 550 ipsum
812 479 895 549 prout
910 489 968 533 non
982 473 1110 535 absolute
1124 476 1282 551 mgilstur,

237 575 288 634 sed
302 571 472 636 subiectam,
484 565 532 625 cui
545 565 629 635 inest,
645 561 683 620 ad
699 559 851 618 terminum
865 559 961 617 refert.
978 558 1023 618 Sio
1037 558 1137 619 relatio
1153 561 1285 622 similitu·

238 657 334 730 dinis,
351 669 426 729 quas
439 654 514 711 inter
528 650 584 708 duo
592 647 664 718 ¹alba
677 659 796 719 corpora
809 643 973 716 intercedit,
990 643 1027 702 ab
1042 643 1175 704 albedine
1186 662 1287 706 revera

238 757 297 802 nou
310 740 422 812 didert3
439 737 488 798 sed
503 732 558 794 boc
572 732 657 792 unice
671 729 766 802 addit,
782 729 857 804 quod
872 727 972 786 albedo
986 729 1073 788 nnius
1087 730 1214 804 eorporis
1228 747 1287 791 nen

240 826 368 886 absolute
382 823 432 884 sed
447 820 590 881 inordina
604 818 640 876 ad
654 814 818 876 albedinem
832 813 949 872 alterius
965 812 1143 887 respiciatur.
1160 815 1231 875 ilino
1244 822 1288 876 est

238 918 272 971 nt
285 911 345 970 sola
363 906 504 984 positione
527 901 708 963 ttrndamenti
727 899 827 960 relatio
842 903 986 973 emergat,
1006 898 1090 958 modo
1104 899 1179 960 adsit
1192 901 1287 961 termi-

241 1012 306 1069 nus,
323 995 360 1053 ad
375 1005 460 1067 quem
475 988 637 1049 subiectum
650 985 752 1046 reterri
767 985 861 1044 debet.

219 1101 223 1108 ·
276 1080 321 1138 tt.
336 1077 444 1138 ltelatio
456 1073 639 1150 potissimum
658 1071 805 1131 reducitur
819 1070 855 1129 ad
874 1069 1104 1130 convenientiam
1122 1071 1169 1130 vel
1182 1071 1285 1132 imme

237 1164 383 1240 pontiam,
399 1175 473 1235 quae
484 1160 559 1219 inter
572 1158 655 1233 plura
667 1157 746 1216 entia
764 1154 931 1229 intercedit,
949 1159 998 1214 ant
1012 1155 1048 1214 ad
1062 1154 1284 1229 dependendam

121 1283 125 1291 ·
242 1249 360 1308 effectam
373 1251 402 1305 el
414 1259 526 1304 musas.
546 1242 591 1302 Sic
605 1241 762 1302 similitudo
776 1240 822 1300 vel
837 1239 994 1315 aequalitas
1011 1239 1127 1314 ponitur
1139 1240 1169 1299 in
1183 1256 1285 1301 conve·

240 1332 349 1392 nientia
362 1328 506 1404 qualitatis
519 1328 565 1387 vel
579 1326 755 1401 quantitatis
773 1339 860 1385 secus
868 1325 1018 1384 diversitas
1033 1324 1078 1384 vel
1088 1325 1285 1400 inaequalitas.

241 1417 288 1477 Sic
304 1417 391 1475 etiam
404 1413 504 1473 relatio
518 1413 607 1488 patris
622 1413 652 1472 in
666 1413 774 1484 illitam,
790 1417 820 1472 et
834 1410 972 1484 uoissim,
988 1411 1111 1470 babetm
1123 1411 1234 1472 ratione
1246 1412 1287 1471 vi-

241 1509 302 1576 lae3
315 1515 402 1576 quarn
416 1499 484 1558 bnic
497 1499 545 1558 ille
558 1499 741 1573 generatione
755 1496 875 1571 largitus
888 1502 940 1570 est,
954 1497 1003 1556 hic
1017 1503 1115 1556 eontra
1129 1495 1166 1555 ab
1182 1496 1230 1556 illo
1243 1512 1287 1556 re

242 1585 326 1660 cepit.
348 1584 475 1657 Denique
489 1582 635 1641 observari
657 1583 742 1641 debet
763 1581 931 1640 relationem
951 1580 1037 1642 aliam
1056 1595 1117 1640 esse
1137 1587 1287 1656 mutuam,

243 1669 331 1727 adam
345 1683 414 1726 vero
426 1681 485 1725 non
498 1669 636 1724 mutuam.
653 1665 699 1725 Sic
713 1665 813 1725 relatio
828 1665 1007 1739 aequalitatis
1021 1680 1067 1724 ex.
1076 1681 1119 1740 gr.
1128 1665 1203 1724 inter
1216 1666 1289 1726 duas

244 1751 376 1825 aequales
390 1748 562 1824 quantitates
580 1754 679 1808 mutua
698 1754 759 1822 est,
781 1749 881 1810 relatio
895 1749 969 1812 inter
984 1755 1143 1809 creatuam
1156 1755 1186 1808 et
1198 1749 1287 1810 ileum

243 1841 345 1894 mutua
360 1849 420 1892 non
434 1839 485 1894 est.
507 1833 578 1892 Nam
591 1832 658 1891 lieet
671 1839 801 1894 aestua
820 1834 927 1894 realem
947 1835 1114 1894 relationem
1133 1833 1238 1894 babeat
1251 1836 1288 1894 ad

245 1921 355 1993 ileum,
370 1918 445 1977 Dens
459 1923 555 1976 amen
576 1917 690 1976 nonnisi
709 1919 827 1978 radonis
845 1919 1011 1980 relationem
1026 1919 1114 1979 habet
1128 1920 1164 1978 ad
1178 1925 1287 1978 creatu·

245 2019 303 2063 ras.
316 2002 424 2062 drealio
438 2002 527 2074 enim,
538 2017 612 2076 qnae
625 2001 710 2061 buius
720 2003 864 2064 relationis
874 2005 1091 2064 tundamentum
1102 2009 1154 2078 est,
1166 2019 1223 2064 non
1237 2005 1288 2064 ali·

246 2089 316 2163 quid
328 2087 395 2146 novi
409 2088 441 2147 in
455 2087 511 2145 ileo
524 2086 614 2160 ponit,
630 2086 680 2144 sed
695 2087 726 2145 in
741 2089 876 2149 creaturis
893 2095 1010 2163 tantum,
1026 2094 1059 2148 ut
1073 2104 1124 2148 suo
1138 2089 1200 2149 loco
1213 2089 1288 2150 dice

246 2180 302 2232 tur.
326 2171 496 2230 tumeliam
510 2169 609 2229 relatio
627 2177 726 2232 mutue
744 2170 790 2231 vel
804 2179 846 2232 est
862 2174 990 2234 eiusdem
1009 2173 1225 2250 appellationis,
1241 2177 1288 2236 vel

247 2259 385 2318 diversae.
402 2257 447 2316 Sio
460 2257 558 2316 relatio
572 2257 661 2331 patris
675 2262 704 2315 et
721 2257 773 2316 lilii
787 2265 830 2318 est
843 2267 943 2320 mutua
957 2259 1082 2334 quidem,
1100 2261 1150 2320 sed
1164 2262 1289 2336 appella-

248 2343 333 2402 tionis
347 2342 483 2415 diversae;
500 2341 599 2400 relatio
613 2341 806 2402 similitudinis
820 2343 894 2404 inter
911 2345 982 2406 duos
995 2345 1075 2407 albos
1088 2346 1211 2422 pariete
1224 2360 1288 2406 mu·

250 2431 399 2489 tuaestet
412 2425 609 2503 appellationis
622 2425 760 2486 eimdem.
1006 2461 1011 2468 -

600 2619 733 2692 CAPUT
754 2621 934 2696 TERTIUM

671 2851 715 2896 DE
735 2851 865 2898 causis.

284 3023 452 3098 disceptatio
466 3021 502 3081 do
515 3021 611 3082 carnis
623 3021 660 3082 ad
673 3021 844 3096 onblogiam
857 3023 984 3083 maxime
997 3027 1132 3102 pertinet,
1149 3032 1209 3087 mm
1222 3043 1289 3103 pro-

246 3115 310 3186 pter
323 3108 530 3168 connexionem
539 3122 626 3182 quam
639 3107 726 3167 babet
735 3123 801 3167 oum
812 3108 885 3168 entis
895 3115 1032 3186 conceptu
1044 3111 1138 3186 (omne
1146 3113 1223 3172 enim
1235 3127 1291 3171 ens

249 3200 298 3253 ant
315 3209 403 3253 eausa
417 3199 473 3266 est,
490 3198 539 3251 aut
552 3193 653 3252 saltem
667 3207 805 3251 excausa
819 3193 954 3268 gignier)
965 3215 975 3266 ,·
988 3201 1048 3254 lum
1063 3197 1147 3256 etiam
1162 3201 1229 3272 quia
1243 3213 1291 3256 ce·

249 3284 326 3338 teme
341 3278 485 3351 sciendae,
498 3291 620 3351 quanam
632 3276 775 3352 principia
784 3279 898 3338 traotmi
914 3278 960 3338 bic
969 3280 1081 3355 debent,
1093 3281 1121 3339 in
1137 3295 1291 3340 oaumrnrn

247 3363 414 3438 praesertim
429 3362 645 3435 investigatione
658 3366 815 3421 versantur.
831 3363 925 3437 Longe
939 3365 1016 3424 euim
1028 3364 1170 3424 sumusab
1179 3364 1224 3438 iis,
1235 3366 1289 3439 qui

249 3463 401 3508 causarum
414 3445 539 3505 studium
552 3462 571 3504 a
582 3445 761 3519 pbilosophis
772 3447 888 3506 exuare
897 3447 1003 3523 volunt
1021 3449 1227 3526 siquidemveri
1236 3465 1290 3510 no·
1379 3447 1380 3454 ’

248 3533 336 3592 minis
351 3532 469 3591 scientia
483 3529 591 3605 acquiri
605 3530 714 3603 nequit,
730 3530 785 3588 nisi
800 3546 896 3590 rerum
910 3547 1012 3594 causae
1025 3535 1200 3609 domnum.
1215 3535 1289 3603 tiua-

250 3632 282 3673 re
295 3617 398 3675 irarum
412 3615 557 3689 neglectius
570 3614 707 3689 pervertit
721 3628 764 3688 ea,
776 3629 848 3688 quae
861 3621 929 3674 sunt
942 3618 1078 3678 scientiae
1093 3620 1286 3692 fundamenta,

189 3718 195 3730 ·
252 3704 281 3758 et
292 3705 410 3758 naturae
422 3699 586 3773 reluctatur,
601 3714 685 3773 quae,
701 3704 734 3758 ut
746 3698 839 3773 inquit
853 3700 968 3776 Seneca,
985 3706 1137 3763 cormeum
1151 3703 1232 3763 nobis
1247 3703 1290 3760 in-

251 3783 367 3857 genium
382 3783 473 3852 dedit,
488 3784 561 3862 idest
574 3797 675 3842 musae
689 3783 798 3844 sciendi
812 3786 955 3860 cupidum.
975 3789 1016 3848 lle
1029 3795 1124 3847 autem
1142 3786 1290 3848 brevitatis

252 3867 388 3928 terminos
403 3868 609 3943 transiliamus,
620 3873 714 3945 ,tobm
728 3870 921 3944 quaestionem
938 3872 1028 3936 tribuis
1050 3872 1230 3935 absolvemus
1243 3885 1289 3930 ar·
