2767 4492
442 335 843 386 praesuma-cosneiosn
1116 329 1170 389 ll*

143 425 298 485 Novissima
313 421 632 497 transcendentalismus
640 421 817 497 Germaniae,
830 423 1033 498 espinosismo
1043 426 1092 484 vix
1103 433 1152 487 aut

108 525 146 568 ne
157 509 210 568 riu
224 507 339 581 quidem
352 506 501 579 abludens,
512 505 591 565 idem
605 511 730 580 systema
744 523 816 568 noro
831 513 969 583 apparatu
980 509 1011 568 in
1024 511 1151 571 medium

106 592 232 667 protulit.
248 591 344 651 Flcbte
358 591 437 650 enim
450 591 549 650 statuit
567 589 728 650 subiectum
742 592 870 664 aegium
883 608 934 666 per
948 608 979 652 sc
994 601 1152 669 spectatum

107 682 172 734 ante
194 690 308 734 omnem
327 675 496 749 empiricam
516 676 808 749 repraesentationem
822 677 836 748 (
843 675 861 733 l'
870 676 902 734 lo
923 679 1018 752 puro)
1033 679 1150 739 unicam

105 774 167 818 esse
182 759 352 832 realitatem3
369 751 522 833 quaecum
534 760 648 818 infinita
661 760 699 818 sit
713 765 742 818 et
757 759 850 834 quoad
863 761 998 820 virtutem
1013 764 1099 824 nullis
1115 765 1150 826 li-

103 843 223 903 mitibus
237 844 462 918 circumscrlpta,
479 859 510 902 se
524 843 659 918 deinceps
673 844 858 917 conceptione
873 843 1047 904 obiectonun
1062 848 1151 908 deter-

103 927 195 987 minet
208 932 238 987 et
252 929 364 986 linitam
378 928 477 1003 faciat,
493 934 641 1003 propterea
655 929 731 1003 quod
746 942 804 986 non
817 927 899 986 aliter
911 929 1022 988 obiecta
1037 931 1147 1006 cogitet,

102 1028 192 1086 quam
208 1018 299 1072 semet
313 1013 343 1070 in
358 1013 479 1073 dirersis
492 1012 580 1073 veluti
594 1013 784 1088 positionibus
799 1013 1004 1074 constituendo.
1021 1014 1081 1083 Qua
1090 1018 1149 1090 opi·

101 1096 190 1155 nione
204 1097 454 1182 pestileraidealis
467 1097 603 1172 quidam,
619 1102 648 1156 et
660 1097 835 1156 subiectivus
848 1098 1046 1170 pantheismns
1061 1101 1149 1161 conli-

102 1187 200 1242 netur.

137 1267 194 1326 Sed
214 1269 349 1342 Spinoaae
368 1270 528 1329 doctrinam
545 1268 629 1340 longe
648 1268 813 1341 expressius
837 1269 1039 1344 redintegrauit
1058 1273 1150 1332 Sobel-

101 1351 173 1426 ling,
185 1353 236 1425 qui
249 1357 401 1425 postquam
420 1351 635 1426 pantheismum
655 1352 826 1425 apotolicum
834 1351 936 1412 Fichtil
950 1353 1094 1426 protessus
1107 1372 1150 1416 es
1247 1351 1251 1360 '

99 1442 153 1507 set,
170 1435 221 1493 illo
235 1434 338 1493 deinde
352 1435 471 1508 eiurato,
487 1449 593 1494 novum
607 1435 746 1508 procudit.
767 1433 835 1494 tium
850 1435 928 1494 enim
943 1439 1148 1497 transcendens

97 1519 180 1577 illius
205 1519 510 1590 idestismusgomnem
533 1519 691 1578 realitatem
712 1520 941 1593 proscripsisset,
960 1520 1101 1596 schelling
1115 1523 1151 1580 ad

98 1603 197 1676 ipsam
211 1603 415 1663 resumendam
425 1605 561 1662 inurimm
573 1603 687 1661 induxit
699 1603 818 1663 rationis
831 1604 981 1662 cuiusdam
991 1604 1147 1680 absolutae,

99 1702 176 1760 qliae
191 1689 353 1746 necessaria
378 1693 471 1762 esset,
487 1695 622 1759 aeterna,
639 1703 673 1746 ac
688 1688 791 1746 linium
805 1690 920 1748 omnino
937 1704 1049 1763 expers.
1072 1691 1150 1750 Hanc

98 1785 186 1844 porro
200 1772 351 1831 dumtaxat
363 1773 470 1831 realem
485 1787 557 1844 esse,
570 1776 741 1831 ceterarero
751 1787 824 1845 quae
833 1773 922 1831 realia
931 1779 1078 1847 putantur,
1089 1774 1150 1833 slve

98 1855 262 1914 subiectum
276 1856 370 1929 ipsum
384 1858 442 1916 siut
456 1857 584 1930 cogitans
602 1855 662 1915 sive
682 1856 793 1914 obiecta
812 1871 885 1930 quae
899 1857 1074 1930 cogitantur,
1091 1872 1149 1916 non

99 1939 256 1998 aliudesse
272 1940 346 1998 dixit
359 1942 416 1999 nisi
430 1941 518 1999 veluti
539 1945 717 1999 transeuntes
736 1940 856 1998 rationis
875 1941 952 1999 illius
967 1942 1148 2000 transforma·

99 2023 191 2083 tiones
206 2030 235 2083 et
248 2026 331 2098 quasi
345 2025 551 2098 apparitiones,
568 2024 671 2097 ortibus
686 2024 855 2082 absolutum
871 2025 923 2097 (sic
937 2041 1001 2083 eam
1016 2024 1147 2099 appellat)

99 2109 193 2180 quoad
208 2107 399 2166 substantiam
408 2108 485 2167 idem
499 2123 619 2166 manens
632 2123 663 2165 se
672 2108 849 2168 multimodis
859 2109 911 2166 sub
923 2109 1013 2167 torma
1023 2114 1072 2167 aut
1082 2109 1148 2168 sub·

98 2189 166 2249 iecti
188 2197 239 2249 aut
259 2190 362 2248 obiecti
387 2191 567 2263 patefaceret.
588 2191 619 2249 ld
638 2197 734 2249 tamen
753 2207 838 2250 omue
858 2193 937 2250 fatali
956 2193 1079 2266 quadam
1099 2209 1148 2252 ne

9 2330 10 2359 ,
99 2276 234 2334 cessitate
248 2274 363 2334 evenire
379 2275 485 2333 statuit.
506 2276 575 2334 Nam
591 2275 652 2333 clus
666 2275 772 2335 iudicio
788 2276 916 2335 absoluta
931 2277 1002 2335 ratio
1017 2292 1147 2336 necessa-

96 2359 141 2418 rio
156 2365 224 2433 eget
236 2357 413 2417 manifestari
428 2359 482 2417 sub
498 2359 723 2433 apparitionibus
731 2359 797 2432 illis,
809 2364 839 2418 et
852 2375 918 2418 cum
932 2366 1011 2420 certa
1024 2361 1087 2433 loge
1096 2376 1145 2433 op-

97 2442 268 2516 positionis3
286 2441 428 2515 siquidem
441 2442 554 2501 linitum
568 2444 681 2502 nonnisi
696 2459 747 2517 per
761 2443 839 2502 aliud
853 2445 985 2517 linitum,
1003 2442 1078 2517 quod
1092 2443 1148 2515 ipsi

97 2527 284 2600 adversatam,
301 2527 412 2601 concipi
427 2527 524 2600 possit.
549 2528 620 2586 ilinc
634 2529 783 2588 dimanant
805 2530 860 2587 duo
876 2527 990 2587 ordines
1003 2526 1144 2600 oppositi:

98 2611 189 2669 ceolis
199 2609 352 2678 ettdeolle,
363 2612 488 2670 muudus
502 2627 654 2686 corporeus
669 2619 698 2672 et
711 2627 802 2686 mens;
819 2613 924 2686 quibus
938 2611 1077 2687 quidquid
1087 2625 1147 2669 rea-

98 2693 185 2754 litatis
203 2694 319 2768 subest,
337 2696 366 2755 id
384 2712 468 2756 omne
487 2697 523 2755 ad
541 2697 730 2766 substantiam
746 2697 826 2755 illam
840 2697 998 2756 absolutam
1012 2693 1145 2770 pertinet.

98 2779 174 2844 Quae
188 2781 349 2840 substantia
366 2797 433 2840 cum
444 2783 547 2854 iugiter
561 2782 597 2840 ad
607 2797 638 2840 se
646 2782 801 2855 perfectius
810 2781 1051 2839 manifestandam
1061 2795 1144 2852 spou-
1211 2797 1213 2800 ·

99 2868 126 2922 te
139 2866 268 2937 seratum
284 2865 391 2924 idcirco
405 2871 449 2924 est
462 2865 538 2937 qarod
551 2865 693 2935 mundus,
712 2868 772 2920 tum
785 2862 921 2935 physicus
935 2869 997 2920 tum
1011 2861 1144 2932 moralis,

98 2948 134 3007 ad
151 2947 333 3009 indefinitam
351 2947 557 3020 perlectionem
574 2953 603 3004 et
620 2960 803 3019 progressum
817 2943 942 3017 nitatur,
959 2945 990 3002 in
1011 2957 1152 3018 quocum

63 3218 65 3221 ·
97 3220 133 3249 aaa
147 3208 256 3266 conseptu
275 3201 370 3264 pendeat
387 3215 475 3248 neem
489 3205 538 3263 eet,
554 3214 604 3246 eum
616 3197 709 3247 allectus
725 3200 836 3245 uodonem
851 3215 943 3264 musae,
961 3201 1020 3248 uude
1033 3197 1146 3262 procedit,

98 3278 140 3325 eibi
154 3280 262 3343 implicet.
278 3277 334 3333 Quia
347 3292 399 3323 rere
413 3277 487 3339 plures
507 3275 642 3323 numantia
659 3274 758 3321 eiusdem
777 3274 895 3339 attributi,
910 3291 949 3322 seu
963 3291 1018 3337 quae
1032 3275 1056 3320 in
1070 3279 1148 3322 natata

99 3356 239 3417 conveniant,
257 3353 305 3400 dari
322 3367 367 3399 non
382 3356 482 3415 possunt,
498 3356 520 3399 et
534 3351 562 3397 ad
576 3351 711 3398 subeundae
726 3355 826 3397 naturam
841 3352 930 3397 omnino
946 3351 1041 3412 pertinet
1055 3349 1148 3398 erumn-

100 3428 142 3491 tie,
157 3431 240 3478 ideireo
254 3433 288 3476 est
301 3433 327 3475 ut
340 3439 384 3475 une
399 3432 484 3475 tantm
498 3428 528 3474 sit
541 3427 662 3474 substantia
676 3425 795 3488 eademque
809 3425 877 3472 nullis
892 3427 991 3474 torminis
1009 3425 1147 3472 circumscri-

100 3507 144 3562 pta.
159 3507 203 3552 Sed
218 3510 277 3552 extra
292 3521 338 3552 rem
352 3505 463 3551 inlinitum
481 3503 539 3551 nibil
556 3518 646 3566 prorsus
664 3503 759 3550 inveniri
778 3507 816 3549 aut
834 3503 923 3563 eogitari
943 3506 1021 3564 potest.
1045 3500 1146 3548 Ertensio

100 3575 165 3635 igitur
178 3586 201 3626 et
214 3582 324 3644 cogitatio,
340 3597 395 3644 ques
410 3580 506 3627 &lucide
519 3585 593 3627 moute
605 3595 726 3642 emamus,
743 3583 852 3640 tamquam
867 3577 928 3624 illius
942 3577 1046 3624 attributa
1065 3577 1146 3624 inulli-

102 3653 170 3708 penda
183 3663 242 3702 eunt.
260 3657 329 3703 Huius
343 3658 417 3719 itaque
430 3656 531 3704 infinitae
552 3655 686 3703 substantiae
707 3660 806 3702 extensae
826 3655 892 3702 simul
906 3645 932 3700 et'
941 3653 1056 3714 cogitantis
1070 3652 1145 3700 modos

103 3737 148 3770 etse
167 3736 251 3791 oportet
269 3737 339 3778 cetera
358 3733 450 3794 omnia,
465 3733 559 3794 quaein
574 3732 657 3778 mando
676 3737 747 3794 sunt;
763 3731 871 3796 siquidem
891 3730 1025 3777 substantiae
1043 3744 1090 3778 esse
1106 3744 1144 3776 ne·

102 3796 192 3864 meunt,
208 3820 247 3854 nee
260 3807 319 3854 inter
334 3807 467 3856 muntiis
481 3812 504 3854 et
516 3807 593 3855 medos
606 3808 696 3856 tertiam
711 3807 815 3870 quiddam
830 3806 932 3868 intermpi
945 3809 1024 3870 potest.
1137 3827 1140 3834 v
