2767 4492
333 315 918 404 rmsnannm-rnaonoammnumms
1096 337 1151 405 185

101 453 181 516 mus,
196 455 252 502 non
270 443 403 517 supponit
417 441 599 502 existentiam
612 440 717 499 obiecti
728 440 854 500 absolute
869 443 1007 515 futuram,
1018 442 1069 501 sed
1084 457 1151 502 oon-

4 585 5 592 ,
103 529 238 588 ditionate
254 527 403 586 dumtaxat
414 545 420 586 :
433 526 572 585 nimirum
586 525 676 598 exigit
689 530 721 582 ut
731 525 875 585 obiectum
885 526 1042 585 extiturum
1057 527 1094 586 sit
1104 527 1155 587 ali·

103 613 226 687 quando,
244 611 269 671 si
281 611 415 686 conditio,
428 625 515 686 quam
529 609 674 684 implicat,
691 613 823 682 ponatur.
836 608 1010 684 Quapropter
1023 616 1155 685 respectu

103 698 206 756 harum
219 695 342 755 duarum
356 695 553 763 scientiarum,
569 693 691 752 ideores
707 693 841 752 absolute
854 694 951 752 futura
965 711 1028 754 esse
1037 696 1093 754 dici
1107 712 1156 771 po

103 781 245 855 leatania
259 779 444 853 lleusscivit3
461 779 613 839 accedente
629 784 726 836 tamen
738 778 851 836 decreto
866 777 981 837 divinae
990 779 1153 856 voluntatis,

103 881 159 939 quo
174 865 248 924 Deus
260 866 338 926 illam
354 864 462 930 aelltsi
482 864 558 924 hona
572 869 630 938 est3
648 863 694 923 vel
711 866 821 922 tantum
837 861 995 936 permittat,
1012 862 1038 922 si
1054 865 1157 925 morali

102 950 214 1009 malitia
232 955 371 1024 turpatur.

139 1034 246 1093 Deinde
261 1033 366 1093 inferes
380 1047 432 1108 par
445 1033 594 1092 scientiam
612 1031 738 1091 mediam
752 1031 859 1106 optime
873 1030 1019 1091 conciliari
1045 1034 1158 1092 certitu·

105 1119 203 1178 dinem
213 1119 326 1178 divinae
337 1118 507 1192 cognitionis
517 1133 584 1176 cum
594 1118 685 1176 libera
698 1117 822 1176 nominis
832 1116 986 1176 voluntate.
997 1117 1071 1176 Dens
1081 1117 1160 1176 enim

105 1204 147 1263 sic
162 1203 267 1262 liberas
288 1209 484 1263 creaturarum
499 1203 607 1262 11111111
625 1203 818 1277 praeditarum
832 1203 941 1261 futuras
963 1203 1087 1262 actiones
1112 1202 1160 1262 de·

105 1289 206 1360 cernit,
224 1293 256 1345 ut
268 1288 351 1361 prius
364 1303 398 1346 11
413 1287 532 1345 scientia
546 1287 615 1360 quid
630 1292 733 1345 creata
749 1287 882 1345 voluntas
896 1302 947 1360 pro
958 1293 1118 1361 temporum
1132 1293 1161 1346 et

107 1372 308 1430 adiunctorum
319 1371 452 1430 varietate
465 1369 555 1429 libere
568 1371 678 1428 factura
688 1370 864 1429 sitdlstincte
874 1371 1034 1445 perspiciat.
1044 1371 1163 1431 llecnisi

106 1459 171 1528 post
180 1455 372 1528 cognitionem
382 1454 531 1527 eiusmodi,
562 1454 598 1512 ad
614 1459 725 1512 certum
734 1469 830 1514 rerum
840 1453 970 1513 ordinem
979 1453 1163 1527 deligendum

108 1539 226 1596 accedit.
250 1540 282 1596 lu
305 1554 361 1613 quo
385 1539 523 1612 quidquid
539 1543 616 1596 certo
631 1553 765 1596 casurum
789 1544 844 1610 esi,
863 1538 927 1596 ideo
942 1538 1048 1610 privari
1063 1539 1162 1612 nequit

108 1625 227 1695 eventu3
244 1623 312 1696 quia
326 1624 502 1682 conditiones
516 1623 581 1681 illae
596 1623 770 1695 contingent,
783 1621 889 1695 quibus
902 1621 1054 1694 stantibus,
1070 1621 1163 1680 libera

107 1707 239 1765 voluntas
252 1707 294 1766 sic
307 1708 402 1782 potius
417 1722 504 1782 quam
519 1707 601 1766 aliter
615 1712 767 1780 operatura
776 1719 839 1764 esse
857 1706 987 1778 praevisa
997 1712 1050 1764 est.
1064 1705 1157 1772 Quare

108 1792 285 1850 saecolorum
300 1806 433 1851 successu
448 1792 574 1851 actiones
589 1791 655 1850 illae
669 1790 802 1850 evenient
817 1791 916 1864 procul
932 1791 1038 1864 dubio,
1057 1796 1086 1848 at
1100 1805 1159 1849 non

109 1891 145 1933 ex
159 1875 328 1934 necessitate
343 1875 467 1950 quadam
482 1891 500 1934 a
514 1875 565 1934 llei
579 1875 700 1934 scientia
714 1882 763 1933 aut
777 1875 889 1932 decreto
903 1873 996 1947 illata,
1009 1874 1058 1932 sed
1071 1889 1109 1932 ox
1123 1874 1157 1932 li-
1199 1931 1212 1944 ,

108 1958 180 2032 luera⁸
196 1960 432 2020 determinatione
455 1965 602 2020 creatorae
617 1975 705 2034 uuam
718 1960 794 2018 Deus
807 1959 844 2017 ab
860 1964 975 2018 aeterno
991 1958 1154 2032 praescivit.

108 2042 196 2116 dique
206 2044 240 2102 de
254 2045 352 2104 divina
361 2046 488 2119 scientia,
505 2061 556 2120 pro
566 2045 741 2120 compendii,
754 2044 800 2104 cui
810 2045 974 2116 studemus,
993 2043 1155 2104 conditione

110 2127 178 2185 satis
194 2127 310 2200 quidem
325 2129 434 2188 dictum
451 2135 502 2189 est.

519 2299 688 2358 lnnronnus
703 2298 747 2359 Ill.

394 2469 397 2475 “
468 2468 507 2528 lle
521 2469 625 2530 diolco
639 2470 798 2530 voluntate.

151 2619 211 2682 165.
228 2624 259 2682 ln
273 2622 329 2685 lleo
343 2627 519 2688 volunlatem
533 2629 629 2688 inesse
644 2633 727 2688 extra
741 2642 856 2688 omnem
870 2625 1056 2686 dubitationis
1066 2627 1159 2687 aleam

110 2707 236 2780 positum
249 2713 301 2770 est.
319 2711 347 2770 Si
362 2713 441 2771 enim
456 2720 602 2773 creaturae
617 2714 771 2772 rationales
792 2710 926 2770 facultate
941 2711 995 2769 1111
1015 2713 1159 2771 instruun-

114 2796 167 2866 tur,
191 2809 281 2867 eaone
295 2797 499 2868 perfectionem
514 2797 648 2868 includit;
666 2811 683 2853 a
699 2809 833 2868 suprema
848 2795 977 2853 omnium
998 2811 1101 2867 causa,
1122 2811 1160 2856 ex

113 2891 170 2950 qua
184 2878 321 2950 quidquid
336 2881 405 2938 boni
420 2887 463 2938 cst
478 2882 508 2938 in
522 2895 568 2937 res
589 2885 700 2937 creatas
718 2879 923 2952 proficiscitur,
938 2880 1079 2939 remoueri
1100 2895 1161 2940 non

112 2962 214 3033 potest.
228 2961 375 3020 Praeterea
390 2964 414 3020 si
424 2963 507 3034 Deus,
521 2967 552 3020 ut
567 2962 753 3029 ostendimus,
766 2961 954 3034 intelligentia
963 2963 1077 3038 fruitur,
1094 2980 1160 3024 con-

113 3057 236 3116 sequens
250 3049 338 3102 estut
354 3044 495 3103 voluntate
511 3045 597 3106 etiam
611 3044 742 3116 gaudeat.
759 3045 893 3105 Voluntas
908 3048 986 3106 enim
999 3048 1161 3124 intelligen-

115 3127 184 3187 tiam
197 3126 612 3202 scqtritorabeaqueresulta13
629 3128 751 3188 sicutex
760 3129 858 3189 sensili
872 3133 1034 3205 cognitione
1048 3135 1161 3194 sensilis

113 3210 255 3285 appetitus
269 3213 398 3286 emergit.
943 3198 952 3222 ‘
1078 3285 1085 3296 .

149 3297 183 3355 lt
197 3311 265 3355 vero
283 3298 440 3357 notandum
462 3303 505 3358 est
525 3298 675 3373 diligenter
697 3301 771 3360 lianc
786 3301 962 3361 voluntatem
976 3303 1008 3362 in
1026 3303 1082 3362 lleo
1103 3317 1162 3362 non

114 3396 176 3441 esse
191 3381 417 3456 concipiendam,
434 3385 675 3458 quemadmodum
690 3385 838 3444 increatis
853 3386 1058 3460 intelligentiis,
1070 3387 1161 3445 instar
1221 3443 1225 3450 .

113 3467 256 3538 potentiae
269 3481 306 3524 ex
322 3461 504 3541 superaddita
518 3469 629 3527 actione
644 3469 817 3543 perficiatur.
834 3469 888 3528 Sed
901 3469 1051 3543 cogitanda
1070 3470 1161 3529 omni·

113 3563 151 3608 no
165 3555 209 3608 est
226 3554 370 3624 1111111111
384 3557 464 3610 actus
480 3551 719 3626 completissimus
734 3559 819 3627 atque
833 3552 945 3622 unicus,
958 3568 1014 3626 quo
1027 3553 1103 3612 lteus
1116 3569 1159 3613 se-

114 3633 209 3707 ipsum
223 3639 256 3692 ut
271 3634 413 3694 obiectum
429 3637 533 3695 amoris
549 3636 728 3710 primarium,
745 3637 802 3696 alia
816 3652 883 3696 sero
897 3653 915 3696 1
929 3652 960 3696 se
974 3636 1108 3697 disu'ncta
1126 3642 1159 3696 ut

115 3718 225 3778 obiecta
240 3720 408 3780 secundaria
422 3721 491 3780 uelit
505 3727 590 3796 atque
605 3727 694 3782 amet:
712 3722 766 3780 hoc
781 3727 875 3781 1111111
890 3720 1065 3794 discrimine,
1083 3721 1159 3796 quod

115 3803 240 3878 scipsum
260 3806 442 3880 necessario,
465 3811 559 3866 cetera
581 3813 678 3866 autem
701 3805 791 3866 libere
816 3809 939 3880 appetat.
966 3805 1053 3866 ouius
1079 3805 1158 3866 litte

114 3887 224 3954 rendae
243 3888 315 3952 ratio
335 3889 451 3954 evidens
473 3893 524 3953 est.
545 3891 616 3958 llam
638 3891 737 3956 (111111
755 3889 868 3954 nonita
889 3894 986 3964 upote
1005 3905 1080 3964 quae
1093 3889 1159 3952 infi-
