2767 4492
207 325 277 410 ,oie
408 307 409 312 ¹
551 339 779 393 moreremur
792 337 939 388 smmis

224 435 296 494 torte
308 429 397 492 libere
413 431 450 492 ad
464 429 652 492 deficiendum
672 443 703 489 se
721 429 900 496 determinet,
921 425 1053 502 impediri
1070 435 1129 486 non
1152 421 1267 486 debeat

221 517 329 578 Deinde
346 518 465 578 habetur
478 515 647 577 exercitium
664 514 850 590 plurimarum
867 514 1013 586 summm
1039 527 1112 587 quae
1130 510 1270 571 maximo

222 617 291 678 perc
309 604 466 663 humanam
479 606 611 661 naturam
624 601 779 672 decorent,
796 604 825 658 et
838 611 912 675 quae
924 613 963 658 ex
977 597 1054 658 malo
1071 596 1174 657 morali
1187 610 1270 656 oem-

224 689 334 748 slonem
358 690 483 747 sumunt.
505 687 564 748 llon
588 685 666 745 enim
690 684 839 744 claruisset
860 682 998 759 patientia
1021 688 1190 758 martyrum,
1210 682 1269 742 nisi

224 772 370 831 saevisset
383 773 461 832 furor
473 776 666 846 tyrannorum
683 784 737 830 nec
747 769 863 830 fortium
877 768 1004 828 virorum
1013 766 1045 827 in
1054 768 1197 843 proposito
1212 766 1271 826 vir·

226 857 292 916 tulis
306 857 463 916 consentia
479 856 649 930 laudaretur,
665 854 721 915 nisi
735 870 784 913 eos
798 853 992 928 improborum
1000 858 1119 912 vexaret
1126 852 1269 912 ferocitas.

223 941 346 1000 landem
365 957 402 1000 ne
418 941 500 1016 plura
514 946 670 1014 censentem
686 937 873 1015 permissione
887 937 957 997 mali
971 936 1087 997 moralis
1100 952 1159 996 non
1178 951 1273 1012 pauca

224 1026 275 1085 llci
285 1025 420 1085 attributa
439 1027 611 1099 elucescunt,
626 1039 699 1099 quae
713 1024 812 1084 mundi
822 1023 951 1084 ordinem
964 1022 1114 1082 etdivinas
1123 1022 1273 1107 perfectio

224 1126 276 1169 nes
291 1111 484 1184 maximopere
498 1113 708 1170 commendant.
726 1109 919 1168 lianiiestatur
932 1107 1011 1167 enim
1029 1107 1134 1166 exinde
1147 1116 1177 1166 et
1191 1122 1273 1166 exer-

225 1202 305 1254 cetur
317 1195 366 1254 llei
378 1196 475 1270 pietas,
492 1210 556 1255 cum
572 1201 700 1255 errantes
713 1195 749 1252 ad
768 1192 992 1268 resipiscendum
1006 1191 1116 1261 invitat,
1137 1198 1167 1251 et
1180 1191 1273 1251 modis

225 1278 358 1338 omuibus
373 1281 497 1339 suaviter
511 1279 635 1339 adducit.
652 1279 816 1338 Declaratur
830 1277 879 1336 liei
890 1277 1041 1336 clementia
1065 1276 1212 1351 animique
1222 1276 1273 1336 bo

224 1367 309 1440 niteo,
325 1381 389 1425 cum
405 1367 555 1424 adponam
577 1365 686 1438 irugem
703 1363 809 1437 excipit
825 1363 964 1437 veniaque
979 1362 1075 1420 donat.
1102 1361 1201 1420 Eluret
1224 1361 1273 1421 liei

225 1450 351 1524 iustitie,
369 1464 435 1509 cum
457 1451 607 1509 redeuntes
628 1450 663 1508 de
684 1447 834 1507 obstinatis
854 1462 889 1505 ac
908 1446 1045 1521 protervis
1060 1445 1170 1505 debitas
1186 1445 1274 1505 sumit

226 1551 347 1610 poenas:
363 1541 448 1609 atque
465 1535 504 1594 ito
519 1535 555 1594 de
569 1533 632 1592 aliis
647 1533 804 1593 rationibus
819 1532 931 1606 generis
946 1531 1091 1606 eiusdem,
1102 1531 1208 1605 quibus
1223 1531 1273 1590 ali·

227 1637 283 1695 quo
297 1619 380 1679 modo
392 1618 530 1693 explicari
545 1634 591 1677 res
601 1622 706 1692 posset.
728 1651 734 1666 ·

263 1705 390 1777 lienique
405 1705 441 1761 ad
457 1703 680 1776 impugnandam
697 1699 895 1760 [ieiunitatem
903 1704 1103 1775 argumentum
1120 1700 1274 1762 sumetior·

228 1793 301 1848 tasse
317 1787 458 1863 quispiam
474 1803 511 1846 ex
525 1787 693 1861 populorum
703 1801 854 1860 mesenen,
865 1787 957 1860 quiin
974 1787 1192 1861 polytheismum
1206 1801 1273 1846 con-

215 1887 342 1932 ¹uenere.
435 1920 438 1928 .

265 1959 298 2016 llt
316 1955 516 2032 respondeoin
538 1956 638 2032 primis
659 1962 758 2017 ronna
772 1956 947 2017 adversarios
963 1959 1119 2033 retorqueri
1134 1975 1215 2034 posse
1229 1973 1274 2019 ar·

229 2049 405 2117 pulmentum.
418 2043 496 2103 Nunc
505 2045 582 2103 enlm
593 2045 723 2103 omnium
735 2043 877 2102 cultarum
886 2045 1035 2106 nationum
1045 2047 1192 2118 sententia,
1205 2046 1274 2107 ber·

227 2127 306 2186 haris
320 2133 430 2186 tantum
444 2129 579 2203 exceptis,
596 2144 646 2204 pro
662 2128 710 2188 llei
728 2129 834 2187 unitate
849 2129 961 2188 militat.
979 2130 1104 2205 luemque
1119 2141 1272 2208 antequam

230 2211 390 2285 depravatis
400 2211 526 2271 muribus
540 2213 570 2272 in
586 2213 693 2274 cultum
713 2212 852 2271 idolorum
868 2213 998 2274 homines
1013 2212 1184 2289 laberentur,
1198 2231 1273 2275 uuus

217 2294 301 2356 'Deus
317 2297 521 2371 agnoscebatur
536 2299 572 2356 ab
597 2299 741 2371 omnibus,
757 2299 997 2372 quemadmodum
1016 2301 1119 2359 eruditi
1139 2302 1272 2360 intentu.

229 2382 299 2455 Ergo
314 2381 419 2456 duplici
435 2398 472 2441 ex
486 2390 565 2457 parte
579 2398 734 2442 consensus
753 2399 923 2446 consensum
937 2385 1026 2443 elidit.
1042 2385 1190 2445 Praeterea
1215 2383 1274 2459 pni-

226 2465 336 2540 losoplil
351 2466 508 2540 generatim
523 2467 550 2540 (e
564 2483 685 2541 quorum
700 2467 991 2527 sententiaindicium
1007 2473 1125 2527 naturae
1135 2484 1187 2543 pro
1204 2467 1275 2527 reri·
1374 2460 1382 2472 '

229 2557 285 2609 tato
300 2551 451 2625 aliquando
465 2551 636 2612 abstrusiore
648 2553 769 2625 petenda
782 2553 833 2624 est)
849 2552 879 2610 in
894 2552 943 2612 Ilei
961 2554 1141 2627 agnoscenda
1165 2555 1272 2614 unitate

229 2637 302 2694 mire
317 2651 432 2710 prorsus
447 2651 625 2696 consensere.
638 2635 717 2695 Unde
732 2635 801 2694 illud
811 2636 983 2696 Antisthenis
993 2638 1069 2713 apud
1079 2639 1211 2697 Tullium:
1225 2654 1276 2714 po·

226 2720 347 2796 putores
362 2720 430 2779 Deos
440 2719 557 2788 multos,
569 2720 848 2780 noturolcmunwm
860 2737 917 2779 cccc
932 2725 957 2781 t.
969 2723 1038 2781 'lum
1052 2722 1138 2781 etiam
1152 2725 1273 2798 polyllie

228 2806 296 2864 ismi
310 2805 448 2879 assignari
463 2813 581 2880 possunt
595 2805 750 2881 primordia
760 2813 788 2864 et
801 2821 914 2874 causae,
931 2822 1020 2880 eoque
1041 2806 1113 2866 nilril
1128 2823 1214 2866 sanae
1228 2824 1274 2866 re·
1294 2822 1300 2832 ·

231 2890 300 2948 iloni
317 2891 465 2949 adversum
480 2891 573 2964 magis
587 2890 773 2965 etabsonum,
790 2891 858 2965 fingi
873 2897 972 2965 potest.
990 2892 1113 2959 Ouarea
1135 2893 1272 2952 conditio

230 2974 315 3032 uilius
330 2974 445 3032 omnino
460 2974 600 3047 desciscit,
627 2990 698 3048 quas
722 2991 772 3050 pro
788 2991 926 3034 consensu
941 2983 1059 3036 naturae
1080 2976 1276 3036 constituendo

231 3057 416 3131 requirendas
430 3073 492 3118 esse
514 3059 545 3117 in
569 3059 670 3133 Loglcn
686 3061 813 3120 diximus
828 3062 853 3118 ².
873 3061 942 3119 liam
963 3077 1017 3120 nec
1041 3061 1212 3122 universalis
1234 3066 1278 3121 est

233 3158 287 3200 nec
301 3149 461 3217 perpetuus,
478 3158 530 3202 nec
549 3152 692 3204 crescente
706 3148 818 3204 cultura
831 3147 929 3219 crevit,
946 3147 996 3204 sed
1010 3153 1109 3206 contra
1119 3147 1212 3221 potius
1226 3147 1274 3206 de·

229 3227 305 3301 iecit,
322 3237 350 3285 et
363 3227 388 3286 si
404 3228 439 3286 ad
447 3227 581 3308 incudem
595 3230 713 3289 rationis
728 3238 884 3303 revocatur,
901 3231 1111 3290 absurdusesse
1125 3231 1276 3304 detegitur.

269 3313 372 3370 l'erurn
387 3311 441 3370 hoc
455 3312 549 3385 ipsum
563 3313 726 3373 inficiamur
741 3315 867 3388 populos,
882 3315 931 3387 qui
950 3317 1134 3390 polytlieistae
1142 3315 1280 3374 dicuntur

234 3412 324 3456 unum
339 3411 400 3456 esse
418 3397 505 3457 ileum
520 3397 598 3456 nulla
609 3399 717 3458 ratione
731 3401 863 3458 sensisse.
880 3401 950 3460 llam
964 3401 988 3459 si
1003 3417 1064 3459 rem
1085 3416 1140 3460 oon
1164 3400 1278 3474 vulgari

236 3481 399 3541 trutinascd
414 3481 532 3540 rationis
545 3484 643 3555 reqmla
657 3484 865 3558 examinamus,
882 3485 912 3542 in
935 3483 997 3558 ipso
1012 3485 1197 3560 polytheismo
1219 3500 1278 3544 mo

237 3569 428 3628 notheismum
438 3582 495 3627 non
506 3567 624 3628 obscure
634 3568 768 3627 latentem
778 3571 995 3644 comperiemus.
1006 3570 1047 3629 lta
1055 3572 1133 3629 enirn
1146 3571 1278 3630 ethnicae

239 3651 367 3711 nationes
383 3652 479 3728 pluies
493 3652 675 3711 adstruebant
689 3653 770 3727 ileos,
787 3661 819 3712 ut
832 3671 996 3730 supremum
1017 3654 1132 3730 aliquod
1156 3655 1277 3730 Numen,

284 3835 295 3881 l
316 3837 349 3882 De
363 3838 457 3885 datm
473 3841 543 3886 licor.
560 3837 577 3886 l.
593 3839 617 3902 l,
634 3854 654 3886 o.
673 3838 712 3886 ld.

284 3911 300 3960 2
317 3913 410 3970 iqua·
423 3929 481 3972 porr
496 3915 571 3962 ntum
586 3929 606 3962 e.
622 3916 646 3980 l,
662 3921 704 3964 art.
720 3915 745 3968 2.
