2767 4492
515 275 593 323 nrars
613 276 757 323 uacuam
1106 260 1157 321 lat

111 364 197 425 nimis
211 378 264 427 nec
283 376 398 438 semper
413 362 504 421 lacilis
519 371 594 420 esset
612 364 794 434 disceptatio,
816 360 839 420 si
856 358 890 421 dc
908 360 1041 420 omnibus
1059 362 1156 431 singli·
1215 396 1220 405 ·
1281 382 1285 389 ·

113 452 190 509 latim
205 450 345 508 disserere
361 450 513 519 vellemus,
530 450 603 521 qrmd
621 464 704 505 noso
721 448 871 519 brevitate,
890 463 976 521 otram
997 448 1156 521 sequimur,

112 535 193 607 louge
211 534 373 593 abduceret.
396 536 532 599 llrrocrrea
555 532 714 604 generatim
737 532 817 603 quasi
842 548 891 603 per
912 540 1092 591 transennam
1115 532 1158 590 in·

114 620 245 691 nuimus,
267 618 406 676 eiusmodi
421 620 539 690 gradus,
557 618 581 674 si
598 618 677 674 valde
695 616 816 688 proximi
838 616 937 675 sint-et
952 618 1102 675 relationes
1116 616 1157 690 gi

114 710 202 776 grant
216 702 403 771 relationibus
418 702 523 759 mutuis
539 702 695 768 coniurare
711 701 935 759 contradicentes
955 704 1085 773 omuino,
1098 702 1159 761 iuro

114 797 232 847 naturae
248 786 361 846 illicitas
384 788 500 844 reddere
521 788 650 858 nuptias3
667 786 710 843 ain
732 794 825 843 aulem
845 786 1030 843 relationibus
1047 787 1082 843 iis
1103 802 1160 845 non

117 890 232 947 prensus
251 878 443 947 opponantur,
462 888 517 929 non
534 874 603 928 satis
617 872 761 928 conlorme
777 869 879 929 rationi
894 872 1106 927 matrimonium
1120 870 1161 927 el-

117 958 202 1017 srcere
217 965 245 1015 et
260 959 289 1015 in
300 957 461 1029 particulari
480 956 657 1013 definiendus
673 972 734 1013 esso
749 956 785 1013 ab
800 957 848 1012 illa
863 955 1036 1027 auctoritate,
1053 955 1098 1011 cui
1112 969 1162 1027 per

116 1058 147 1101 se
164 1041 379 1100 matrimonium
395 1039 500 1097 submi
514 1039 782 1099 demonstrabimus.

64 1163 69 1171 .
155 1128 217 1184 lat.
243 1126 439 1184 Necessarium
468 1141 581 1197 ortoque
601 1134 644 1183 est
661 1132 692 1182 nt
711 1126 758 1197 oui
777 1124 957 1182 matrimonio
981 1123 1161 1196 copulantur,

117 1212 206 1269 nimia
220 1218 320 1267 aetatis
335 1209 497 1266 differentia
517 1226 574 1267 uon
590 1210 752 1282 discrepent
767 1210 839 1267 iuter
854 1226 893 1267 se.
915 1209 966 1268 Vin
983 1210 1059 1265 enim
1076 1208 1162 1267 credi·

117 1296 173 1353 bile
188 1303 230 1352 est
245 1302 376 1352 mutuum
391 1308 516 1351 amorem
527 1340 534 1366 ‚
547 1294 596 1367 qni
614 1296 831 1353 tundamentum
841 1294 975 1352 connubii
993 1301 1050 1363 cst,
1064 1294 1163 1352 baberi

119 1396 211 1453 posse,
228 1380 422 1451 autdeinceps
432 1380 598 1438 duraturam
610 1396 672 1438 esse
682 1381 757 1437 inter
772 1380 894 1437 vetulam
910 1379 1162 1451 etartnlesennem,

119 1465 161 1521 vel
176 1464 328 1521 vicoversa.
347 1464 481 1535 bemum,
504 1466 610 1521 attendi
631 1465 715 1521 etiam
733 1464 830 1535 debet,
848 1480 882 1521 an
902 1470 1009 1521 tantum
1026 1464 1066 1520 rei
1084 1463 1163 1521 lami·

121 1549 197 1606 liaris
212 1555 354 1620 suppetat,
368 1556 399 1605 nt
413 1564 500 1607 onera
516 1549 689 1607 matrimonii
702 1548 835 1606 sustineri
852 1551 972 1606 valeant.
985 1548 1070 1605 Secus
1084 1546 1165 1605 brevi

119 1632 297 1690 inmleranda
316 1640 484 1705 paupertas,
511 1632 738 1690 infelicissimum
757 1633 862 1691 elliciet
879 1632 958 1690 illum
977 1638 1098 1703 statum,
1116 1632 1165 1705 qui

120 1718 155 1774 ad
172 1717 299 1774 levamen
316 1717 408 1787 potius
420 1718 643 1789 conquirendum
661 1717 873 1789 felicioremque
885 1719 970 1774 vitam
985 1716 1166 1774 efficiendam

120 1801 283 1858 assumitur.
301 1801 374 1858 ilaec
387 1808 480 1858 tamen
497 1816 553 1859 non
571 1802 699 1859 absolute
715 1816 731 1859 a
747 1802 854 1859 ratione
873 1802 1022 1872 iubentur,
1040 1802 1089 1859 scd
1104 1806 1165 1859 tau·

121 1891 182 1942 tum
197 1886 385 1943 inculcantur.
403 1885 429 1942 Si
446 1886 511 1958 quis
530 1894 626 1943 antem
647 1894 746 1943 contra
763 1888 855 1944 lacere
872 1888 951 1960 velit,
974 1902 1025 1944 sun
1044 1883 1165 1944 iuranti

120 1980 225 2047 potest,
250 1981 279 2031 et
296 1974 465 2031 individuali
490 1972 613 2034 libertati
628 1976 734 2033 iniusta
755 1976 798 2033 vis
812 1976 980 2050 inlerrctur,
1005 1976 1030 2034 si
1045 1976 1164 2035 societas

122 2058 358 2130 impedimentum
377 2064 540 2131 apponeret.

160 2143 219 2200 128.
242 2144 318 2210 Quae
346 2144 422 2214 dixi,
446 2144 658 2201 matrimonium
680 2146 837 2203 ineundum
858 2152 1000 2219 spectant3
1019 2162 1053 2205 eo
1072 2152 1168 2205 autem

123 2226 193 2284 inito
218 2227 259 2283 sic
280 2228 415 2292 eoninees
440 2242 470 2283 se
493 2229 634 2297 respicere
658 2228 778 2301 debent,
804 2236 835 2288 ul
855 2233 973 2289 alterum
994 2232 1028 2288 ad
1048 2232 1168 2289 alterum

123 2313 240 2369 omnino
256 2312 397 2383 pertinere
411 2311 579 2380 inlellipant.
593 2312 663 2370 llinc
678 2314 792 2371 violatio
808 2315 872 2372 fidei
885 2316 1042 2387 coniugalis
1056 2332 1090 2375 cx
1107 2316 1169 2388 ipsa

123 2394 247 2452 essentia
260 2395 437 2452 matrimonii
447 2394 502 2452 iuri
520 2402 639 2453 naturae
653 2400 820 2465 pravissime
837 2406 984 2471 reprrpnat.
997 2400 1085 2456 immo
1098 2400 1167 2457 lbles

124 2480 262 2537 cirnmodi
281 2480 397 2538 omnino
417 2479 545 2552 requirit,
564 2488 665 2537 utnon
690 2484 772 2538 mulo
791 2481 871 2539 lactis
891 2483 1009 2540 minime
1029 2482 1167 2549 laedatur,

125 2566 174 2623 sed
190 2567 276 2623 etiam
291 2565 411 2638 affectn3
427 2580 482 2623 ncc
497 2564 603 2623 coniux
616 2580 743 2624 amorem
759 2567 873 2638 coniugi
884 2566 1010 2625 debitum
1025 2582 1089 2625 cnm
1104 2568 1170 2624 alic·

127 2665 163 2707 na
174 2666 294 2723 persona
304 2651 504 2709 crunmunicet.
516 2651 614 2708 Tutiam
626 2652 702 2709 enim
714 2651 795 2711 soilli
807 2652 935 2724 tradidit3
950 2650 1065 2723 proinde
1077 2652 1169 2724 qrroad

126 2736 253 2794 animum
268 2736 364 2808 etiam,
389 2737 438 2809 qni
456 2736 545 2808 potior
565 2735 592 2793 in
614 2736 728 2794 bomine
743 2744 785 2793 cst
804 2752 878 2809 pars.
897 2736 1001 2793 Deinde
1021 2735 1105 2793 simul
1120 2736 1168 2793 ba-

125 2819 216 2877 bitare
232 2827 379 2892 tenentur3
400 2820 428 2877 id
452 2820 529 2877 enim
549 2821 593 2878 ius
611 2820 798 2893 possessionis
818 2820 891 2893 (ruod
916 2819 986 2877 altor
1001 2822 1030 2877 in
1050 2820 1171 2877 alterum

126 2902 221 2974 babet,
238 2910 266 2960 ct
281 2903 536 2960 naturasocictatis
552 2904 614 2974 lert,
632 2920 690 2975 qua
704 2903 828 2960 invicem
845 2904 1059 2975 adstringuntur

162 2986 258 3053 Quoad
272 2986 399 3056 regimen
417 3001 481 3043 vero
507 2986 631 3044 familiae
647 2994 676 3044 et
689 2988 802 3060 negotia
817 2988 988 3060 delinienda,
1012 2988 1169 3061 generatim

126 3083 260 3143 suprema
280 3076 403 3141 potestas
418 3069 449 3127 in
465 3069 525 3127 riro
540 3068 660 3143 residel;
678 3072 760 3128 cuius
782 3074 926 3145 proprium
949 3078 991 3130 est
1006 3072 1171 3130 auctoritate

127 3168 313 3212 susurrorem
329 3168 434 3222 repere.
452 3153 511 3220 Qua
526 3153 554 3211 in
571 3170 602 3211 re
617 3154 700 3223 longe
716 3172 732 3215 a
749 3159 864 3215 veritate
874 3158 1022 3215 discedunt
1037 3156 1171 3215 recentio-

127 3254 174 3297 res
189 3238 240 3310 illi,
257 3237 377 3311 quinon
393 3238 630 3311 qtralemcumque
655 3241 704 3297 aed
720 3241 835 3298 omnino
852 3243 1004 3314 perlectam
1020 3242 1171 3314 aeqlralila·

130 3329 185 3381 tem
202 3323 275 3380 inter
296 3322 390 3380 virum
410 3329 438 3380 et
453 3339 574 3382 uxorem
588 3325 748 3383 arlslrunnt.
766 3326 840 3393 Oaros
860 3328 933 3385 inter
949 3327 1066 3399 librans
1085 3326 1171 3385 lirau·

128 3409 163 3467 sii
178 3407 336 3466 doctrinam
353 3415 498 3481 sequutus,
523 3409 588 3467 licet
614 3412 773 3469 functiones
789 3411 817 3469 in
834 3412 941 3469 familia
963 3412 1107 3471 obeundas
1122 3426 1172 3485 pro

129 3494 189 3553 viro
199 3495 324 3553 ctuxore
339 3492 465 3551 diversas
474 3498 597 3567 statuat3
610 3497 758 3569 utriusque
775 3504 867 3555 lamen
880 3498 1069 3557 conditionem
1081 3496 1171 3555 omni·

129 3596 166 3637 uo
181 3578 329 3652 aequalem
344 3594 405 3635 esse
421 3578 499 3651 dicit,
515 3580 556 3637 ita
574 3582 694 3639 utnulla
711 3582 821 3655 proprio
834 3583 860 3640 in
878 3583 965 3641 altero
985 3584 1021 3639 sit
1036 3582 1172 3639 maritalis

130 3672 262 3737 potestas.
281 3665 381 3737 dpcrte
395 3665 473 3721 enirn
487 3665 535 3737 ait,
557 3666 667 3725 admitti
683 3684 740 3725 nou
762 3684 841 3740 posse
856 3668 1005 3726 mulierem
1029 3667 1173 3726 moraliter

133 3754 161 3806 et
183 3750 301 3808 iuridice
323 3751 383 3808 viru
401 3749 566 3809 inferiorem
587 3766 663 3825 esse,
689 3768 723 3811 ac
741 3754 870 3826 potestati
889 3754 1062 3827 subiectam,
1078 3761 1172 3827 *quum
