2767 4492
243 320 296 387 otc
684 332 846 383 sarmul

242 426 370 485 eiuresre
388 421 425 482 ad
443 414 661 484 deliberandum
680 418 725 480 de
736 420 859 495 publicis
878 418 1000 496 negotiis
1020 417 1219 486 admittuntur.
1237 422 1294 485 lieo

241 509 407 584 exemptum
426 509 609 581 antiquarum
627 507 921 580 rerumpublicarum,
940 508 1095 583 inquibus
1115 510 1174 569 iere
1192 526 1292 571 omnes

241 594 320 655 eires
339 593 508 666 suffragium
524 593 555 653 iu
576 592 741 653 sanciendis
761 592 862 652 saltem
881 592 992 667 legibus
1011 594 1160 669 terebant,
1183 595 1291 671 aliquid

243 678 326 737 valet.
342 678 413 736 llam
428 679 502 750 illae,
520 676 546 736 si
559 678 688 736 funditus
705 678 932 751 considerentur,
953 693 1011 739 uon
1032 678 1125 737 solum
1143 681 1291 739 aristocra-

241 763 298 821 tiae
312 762 453 837 quaedam
468 768 558 835 erant,
577 777 678 821 rerum
696 762 785 823 etiam
800 762 982 836 eligarehiae.
994 763 1076 825 Cives
1093 765 1180 837 enim,
1197 766 1248 839 qui
1258 782 1292 825 eo

241 847 305 907 iure
320 848 492 922 gaudebant,
506 847 621 907 nonnisi
635 846 772 921 exiguam
784 848 881 922 populi
897 855 1007 921 partem
1018 850 1221 923 efformabant3
1234 867 1292 911 ma·
1368 900 1369 903 ,

136 968 140 974 ,
240 933 398 993 iurantem
419 932 517 1008 populi
535 947 693 1005 numerus,
714 948 813 993 eorum
835 948 939 1008 nempe
960 935 1009 1007 oui
1027 934 1163 1009 operibus
1180 936 1292 995 meoba·
1368 1000 1369 1005 γ

240 1018 314 1079 uicis
329 1026 358 1079 et
372 1019 503 1078 ruiturae
520 1032 655 1091 agrorum
669 1018 775 1077 addicti
789 1024 880 1091 erant,
899 1019 962 1079 iure
980 1020 1104 1080 civitatis
1120 1020 1291 1081 destitueba·
1368 1048 1369 1077 ι

240 1108 333 1163 toret
351 1102 382 1162 in
398 1103 609 1176 mancipiorum
628 1102 742 1163 infinita
761 1102 844 1163 turba
861 1103 983 1163 iacebat.

276 1188 379 1247 dirutae
393 1204 460 1247 vero
476 1188 583 1247 turmae
597 1187 742 1260 dicuntur,
759 1202 833 1260 quae
848 1204 887 1247 ex
901 1188 1077 1263 simplicium
1095 1194 1145 1250 aut
1162 1191 1291 1251 omnium

239 1279 291 1332 aut
305 1273 428 1333 doamm
444 1274 594 1332 dumtaxat
607 1271 753 1331 iunctione
770 1271 918 1333 resultant.
937 1274 1122 1335 communius
1136 1282 1232 1337 umen
1244 1279 1292 1336 ba·

240 1358 353 1431 benorr,
373 1373 438 1417 eum
458 1358 609 1432 princeps,
626 1358 781 1431 optimates
800 1363 829 1418 et
849 1358 970 1435 populus
990 1360 1030 1418 ita
1050 1360 1143 1434 quood
1161 1362 1290 1435 regimen

241 1447 436 1517 temperantur
451 1443 526 1501 inter
546 1458 591 1515 se3
613 1449 645 1501 ut
658 1458 790 1517 maeque
806 1459 873 1517 pars
887 1445 924 1503 ad
941 1444 1160 1518 mrbernandam
1178 1462 1291 1520 rempu-

239 1527 345 1586 blicam
364 1528 459 1601 alique
477 1528 562 1587 modo
577 1532 738 1600 concurrat,
757 1533 785 1586 et
799 1529 845 1588 ius
857 1530 985 1603 aliquod,
1007 1531 1176 1603 praesertim
1195 1546 1290 1604 respe

241 1619 289 1671 ctu
304 1612 399 1685 legum
419 1612 816 1687 condendarum,·possideat.
1253 1690 1258 1695 Ι

296 1698 356 1757 lot.
372 1698 474 1764 Quaeri
488 1698 536 1756 bic
553 1705 649 1771 posset
663 1712 806 1771 quaenam
824 1699 973 1773 regiminis
990 1700 1084 1761 forme
1101 1700 1175 1761 inter
1189 1715 1291 1761 omues
1368 1774 1369 1785 χ

240 1782 278 1841 sit
304 1783 558 1855 praestantissima.
588 1784 627 1842 lle
645 1783 677 1841 in
696 1785 890 1844 conbemrsia
911 1786 966 1845 hac
985 1785 1126 1846 abstracte
1155 1784 1290 1860 munda

239 1872 351 1941 tempus
365 1868 470 1925 frustra
489 1873 628 1939 teramum
646 1867 743 1942 aliqua
763 1870 979 1931 constabilimus
998 1877 1114 1945 puncta,
1126 1876 1291 1945 quoecerla
1368 1912 1369 1915 ,

239 1958 307 2011 suut
320 1956 349 2009 et
363 1950 496 2010 omnibus
510 1952 662 2011 utilitatem
682 1952 815 2013 afferunt.
1368 1948 1369 2023 Ξ

293 2039 313 2097 l.
334 2036 404 2096 lllod
429 2043 562 2112 constat,
589 2038 747 2111 quamlibet
768 2040 1081 2115 temulentorum,
1111 2041 1195 2101 modo
1214 2042 1290 2101 inste
1368 2088 1369 2119 ,

239 2122 399 2183 introducta
423 2123 460 2180 sit
473 2128 502 2180 et
515 2122 588 2182 iuste
602 2124 760 2197 gubernet,
788 2124 946 2198 legitimam
964 2142 1026 2185 esse
1042 2142 1136 2201 perse
1155 2138 1185 2185 et
1200 2126 1291 2187 ielici-

241 2208 291 2266 tati
307 2208 478 2283 populorum
491 2210 686 2283 procurandae
707 2210 850 2269 idoneam.
876 2210 932 2270 Etsi
948 2212 1025 2270 onim
1044 2212 1136 2285 prima
1150 2212 1230 2285 origo
1250 2213 1292 2270 ci·

238 2293 304 2351 vilis
318 2294 541 2353 auetoritatisex
551 2299 687 2368 potestate
701 2296 830 2366 dueatur,
850 2311 906 2369 qua
926 2296 1131 2370 paterfamilias
1145 2296 1190 2355 ius
1200 2296 1290 2355 babet
1368 2310 1369 2363 j

239 2380 363 2453 ponendi
384 2379 515 2438 ordinem
529 2380 560 2438 in
578 2396 613 2438 ea
632 2378 834 2453 multitudine,
859 2382 919 2439 sive
934 2397 1021 2455 parva
1036 2382 1073 2439 sit
1086 2382 1147 2440 sive
1161 2396 1288 2455 magua,
1368 2420 1369 2423 κ

237 2480 311 2538 qliae
326 2464 507 2539 addemum,
524 2465 569 2524 eui
584 2464 809 2537 independenter
823 2470 952 2537 praeest,
970 2465 1067 2539 aliqua
1081 2466 1189 2524 ratione
1201 2467 1292 2523 reler-

241 2556 306 2623 tur;
327 2550 462 2609 tamenin
479 2564 612 2623 processu
631 2565 687 2623 quo
708 2550 867 2623 explicatur
884 2555 959 2608 etex
970 2566 1028 2609 uno
1046 2550 1078 2608 in
1099 2550 1186 2608 alium
1199 2555 1293 2608 trans·

237 2634 385 2707 scinditur,
405 2635 570 2693 innumeras
589 2633 740 2692 varietates
768 2640 796 2691 et
820 2634 1045 2693 modificationes
1066 2635 1163 2693 subire
1183 2640 1289 2707 potest.

235 2720 316 2779 ilatio
333 2727 429 2779 autom
449 2720 576 2779 absolute
596 2733 654 2777 nou
680 2718 780 2785 iubet,
805 2724 834 2777 et
855 2719 960 2793 ubique
980 2726 1009 2777 et
1025 2735 1139 2793 semper
1155 2720 1289 2793 regimen

236 2804 335 2862 codem
359 2805 442 2863 modo
461 2810 647 2875 exerceatur3
666 2804 716 2862 sed
736 2804 764 2862 id
786 2810 896 2862 tantum
917 2804 1012 2877 dietat,
1034 2810 1066 2862 ut
1083 2804 1210 2877 regimen
1236 2806 1291 2863 ali·

235 2891 310 2963 quod
325 2892 370 2962 sit,
386 2892 422 2948 ad
441 2890 585 2962 publicam
601 2890 723 2957 saluum
740 2890 911 2961 ordinatum,
933 2895 961 2947 et
980 2894 1011 2947 ut
1028 2888 1190 2949 obedientia
1206 2904 1291 2963 prae-

235 2981 325 3034 stetur
343 2976 380 3047 el,
402 2976 451 3048 qui
470 2976 515 3033 ius
530 2974 647 3047 regendi
666 2973 794 3045 legitime
817 2974 949 3048 possidet.

288 3059 320 3117 ll.
339 3059 367 3116 Si
386 3059 513 3131 aptitudo
533 3058 703 3132 populorum
718 3060 934 3131 consideretur,
953 3057 1032 3117 nulla
1046 3064 1089 3117 est
1104 3058 1196 3117 iorma
1210 3072 1290 3131 mnae

236 3158 326 3217 oeque
349 3142 483 3201 omnibus
498 3143 672 3216 conveniat3
705 3144 755 3203 sed
775 3144 823 3201 illa
837 3145 945 3217 optima
964 3142 1096 3201 babendo
1118 3148 1184 3216 est,
1211 3158 1289 3217 quae
1368 3168 1369 3191 2

234 3244 303 3301 prae
320 3228 422 3286 ceberis
436 3230 587 3302 respondet
601 3228 865 3301 consuetudinibus,
884 3228 980 3301 indoli,
999 3230 1137 3301 culturae,
1155 3229 1289 3287 moribus

234 3314 373 3387 cuiusque
388 3315 490 3387 gentis.
507 3315 638 3388 Apposite
653 3314 882 3372 uurtamacbius:
902 3337 913 3363 a
938 3312 967 3371 Si
988 3314 1093 3387 petitur
1108 3328 1125 3370 a
1140 3326 1186 3370 me
1200 3328 1292 3385 quae-
1368 3332 1369 3367 r

239 3416 335 3459 «nam
355 3401 392 3458 sit
411 3400 518 3474 optima
533 3399 711 3473 gubernandi
738 3402 830 3457 forma
851 3417 858 3471 3
889 3398 1084 3473 respondebo,
1110 3411 1167 3456 nou
1188 3398 1292 3457 omnia

238 3484 343 3544 «bona
361 3486 501 3558 regimina
524 3486 657 3544 omnibus
676 3499 766 3558 aeque
790 3484 902 3559 populis
920 3485 1092 3543 convenire:
1110 3483 1160 3542 sed
1180 3482 1235 3541 bac
1256 3484 1292 3541 in

239 3585 298 3628 «re
318 3570 479 3628 babendum
503 3584 565 3628 esse
590 3569 730 3627 rationem
751 3574 811 3625 tum
837 3568 1032 3627 inclinationis
1055 3573 1084 3626 et
1110 3568 1292 3625 characteris

238 3654 444 3727 «singulorum
464 3654 649 3729 populorum,
670 3659 732 3733 tum
753 3652 949 3727 amplitudinis
968 3651 1088 3713 dominii
1107 3666 1163 3726 quo
1182 3652 1293 3711 fruun-

237 3758 250 3791 α
268 3743 315 3798 tur
329 3740 354 3799 l.
373 3763 385 3793 ι
407 3740 486 3799 ldem
506 3741 596 3800 terme
618 3739 720 3800 asserit
736 3736 930 3813 Montesquieu
948 3738 991 3799 sic
1008 3738 1158 3814 inquiens:
1179 3736 1294 3813 «liegi-

279 3912 574 3983 tuom-sueino.
