2767 4492
142 301 149 318 '
221 329 255 386 td
538 343 765 388 murmuremus
778 343 930 386 srecraurs

220 427 277 487 tiae
296 427 535 502 acquiescendum
553 435 610 501 est,
631 427 870 500 acquiescendum
889 433 933 486 est
955 426 1097 486 sensibus.
1118 427 1168 486 llis
1187 427 1266 486 enim

221 518 300 572 muta
312 513 502 588 perspicuitas
514 514 596 587 inest,
608 518 641 571 ut
649 528 716 570 eum
730 512 772 571 rei
786 512 907 572 alicuius
921 512 1094 572 evidentiam
1109 511 1265 587 amplitice-

220 613 253 657 re
266 598 408 672 volumus,
423 611 488 657 eam
498 597 580 656 cerni
594 596 683 656 oeubs
698 610 731 656 ec
747 597 881 658 menibus
895 598 1038 657 attrectari
1048 597 1186 658 dimmus.
1204 597 1265 666 oue

219 682 356 758 loquendi
370 681 573 743 consuetudine
592 681 781 756 exprimimus
799 681 909 742 obiecta
930 696 1067 742 sensuum
1090 687 1167 740 muta
1181 682 1265 742 uobis

219 768 347 827 claritate
362 767 470 835 lucere,
487 772 520 825 ut
533 771 628 826 cetere
645 767 780 827 accedere
799 767 834 826 ed
850 781 914 828 eam
927 767 1055 842 possint,
1071 767 1123 826 ssd
1138 783 1203 826 eem
1217 783 1264 827 su·

218 868 319 927 perere
333 868 392 912 non
409 852 528 926 possint.
545 851 624 919 Quod
639 851 664 910 si
679 867 780 912 sensus
802 868 859 913 non
873 859 976 912 nemra
989 868 1058 926 sue,
1075 852 1125 912 sed
1144 852 1265 928 impedi·

219 942 316 997 mento
332 937 427 1011 aliquo
442 941 491 995 aut
504 934 658 1009 requisitae
671 937 842 996 conditionis
856 937 983 996 carentia
997 936 1057 996 lalli
1071 952 1153 1012 posse
1167 937 1264 996 dieun-

219 1028 274 1096 tur,
291 1023 346 1081 hoc
360 1021 474 1081 errandi
487 1021 647 1096 perieulum
662 1020 745 1081 iacile
760 1022 927 1096 declinatur,
944 1022 969 1080 si
983 1022 1020 1081 ad
1034 1021 1110 1096 leges
1124 1021 1188 1091 illas
1202 1023 1263 1082 ani·

219 1123 284 1167 mus
298 1107 469 1180 advertitur,
485 1105 589 1181 quibus
607 1112 716 1166 rectem
737 1122 873 1168 sensuum
887 1107 1098 1182 perceptionem
1112 1107 1264 1182 temperari

218 1193 251 1252 in
264 1191 446 1268 psycbologia
460 1191 598 1254 disemus.
609 1191 665 1250 Nec
679 1192 884 1251 somniantium
897 1191 1097 1268 phantesmata
1106 1197 1202 1252 cetram
1211 1193 1262 1252 lio

217 1274 326 1333 niuem
340 1279 445 1333 terrere
459 1273 576 1347 debent,
593 1271 736 1346 siquidem
750 1272 905 1346 rigniame
919 1288 1019 1332 somrm
1032 1272 1100 1332 satis
1114 1273 1262 1347 distingui-

216 1375 281 1418 mus
296 1375 349 1433 ope
363 1358 566 1432 eonscientiae,
582 1373 656 1431 quae
670 1357 866 1416 sensadonum
884 1363 1046 1417 nostrarum
1061 1357 1165 1417 seriem
1188 1357 1263 1418 ordi·

215 1451 326 1517 natam,
341 1444 529 1522 uuiimmem,
548 1447 739 1517 constantem,
756 1441 914 1502 rationibus
933 1443 1141 1502 sufficientibus
1159 1442 1262 1502 iultam
1373 1497 1376 1504 .

214 1531 329 1590 referet.
347 1529 491 1602 Ceterum,
507 1527 556 1588 bio
569 1544 622 1587 nos
636 1543 700 1587 nom
708 1529 744 1588 de
765 1527 986 1604 dormientibus,
1003 1529 1054 1588 sed
1067 1529 1103 1588 de
1117 1529 1261 1603 vigilanti-

214 1615 269 1674 bus
282 1615 470 1689 disputamus.
486 1614 540 1682 Oui
554 1620 648 1673 autem
663 1615 737 1674 serio
752 1613 820 1673 dicit
834 1631 865 1673 se
879 1621 1046 1689 argumento
1067 1615 1161 1689 aliquo
1177 1629 1261 1689 egere

214 1715 271 1774 quo
285 1701 471 1760 mouneatm
484 1705 582 1758 utrum
595 1699 627 1758 in
640 1699 739 1773 uigilia
753 1705 881 1759 versetur
901 1715 939 1758 en
952 1700 984 1759 in
998 1699 1121 1773 somnio,
1136 1699 1175 1773 is,
1193 1713 1261 1759 cum

213 1784 272 1842 iarn
287 1785 317 1842 iu
332 1783 490 1842 amentium
503 1784 541 1842 sit
555 1799 687 1856 numero,
705 1783 889 1843 fundamento
909 1789 987 1843 caret
1001 1790 1029 1843 et
1043 1784 1204 1844 mnditione
1223 1784 1259 1843 ad

215 1869 443 1928 ratiocinandum
453 1868 622 1928 necessaria.
637 1869 773 1943 lienique,
786 1869 811 1928 si
821 1885 857 1928 ex
868 1869 1044 1930 somniorum
1052 1869 1183 1929 illusione
1193 1884 1259 1944 pru-

214 1955 285 2013 dens
298 1954 418 2013 dubium
433 1953 544 2013 desumi
563 1959 670 2028 posset3
686 1954 716 2012 id
731 1959 829 2013 corrue
847 1954 943 2029 ipsum
960 1953 1199 2014 llalebrencbium
1213 1969 1258 2014 re·

216 2045 402 2114 torqueretur.
425 2038 453 2098 Si
472 2039 550 2098 enim
570 2039 757 2112 vigilemusne
776 2055 813 2098 an
833 2039 1008 2098 somniemus
1027 2039 1197 2114 ambigitur,
1220 2055 1258 2099 ne

214 2125 278 2198 ipsa
288 2125 402 2198 quidem
412 2124 462 2183 Dei
476 2125 619 2197 revelatio,
630 2140 717 2198 quem
727 2125 763 2184 ad
772 2125 936 2185 solvendam
946 2125 1024 2185 litem
1034 2125 1258 2185 lielebrencbius

213 2210 332 2284 inducit,
346 2209 468 2274 dubium
481 2210 612 2286 expellet.
628 2211 703 2270 llaec
716 2210 794 2270 enim
809 2216 841 2270 ut
855 2210 1037 2286 percipiatur,
1049 2209 1258 2286 vigilantesho·

214 2295 306 2354 mines
321 2310 379 2354 non
393 2295 565 2355 dormientes
579 2296 711 2370 postulet.

249 2379 337 2438 ubic.
354 2380 386 2438 ll.
404 2379 526 2438 Sensiles
540 2381 752 2455 perceptiones,
769 2397 807 2440 ex
821 2381 925 2455 quibus
940 2395 1057 2456 corpora
1072 2386 1184 2442 exsmre
1198 2397 1258 2442 mo·

211 2479 323 2538 namur,
340 2480 398 2524 nou
413 2481 446 2523 ea
462 2480 535 2539 quae
549 2471 616 2524 sunt
629 2471 711 2524 extra
725 2481 786 2540 nos,
799 2467 848 2526 sed
867 2468 993 2526 internas
1010 2466 1099 2526 animi
1113 2467 1257 2527 modifice-

213 2551 304 2610 tiones
317 2553 455 2610 raserunt.
472 2552 531 2619 Quo
546 2551 634 2625 igitur
649 2558 735 2626 ponte
746 2553 850 2612 eunde
863 2555 1015 2614 transimus
1026 2553 1063 2612 ed
1076 2552 1186 2613 obiecta
1194 2553 1257 2630 ipsa

212 2636 244 2694 in
258 2642 348 2694 semet
360 2636 594 2695 internoscenda?

248 2720 330 2793 Resp.
349 2718 489 2778 Transeat
503 2721 684 2794 antecedees;
700 2729 726 2779 et
740 2737 812 2797 nepe
830 2739 1012 2799 consequens.
1030 2723 1108 2792 Quod
1127 2724 1257 2784 adverse·

210 2803 391 2878 desposcit,
406 2803 436 2862 id
458 2811 635 2878 praesentem
650 2806 828 2880 questionem
842 2805 1088 2883 praetergreditur.
1106 2809 1164 2868 Etsi
1176 2810 1255 2868 enim

210 2889 313 2948 salsum
328 2892 365 2948 sit
379 2891 549 2949 antecedens
565 2890 716 2964 (siquidem
730 2893 890 2952 sensatione
910 2909 967 2953 nou
981 2893 1168 2954 subiectivam
1187 2893 1255 2952 elie

211 2975 335 3034 ctionem
349 2976 400 3034 sed
418 2976 588 3035 obiectivem
601 2975 784 3036 existentiam
799 2979 995 3053 attingimus),
1019 2985 1114 3038 umen
1129 2979 1199 3038 baec
1214 2977 1255 3036 al-

209 3060 298 3118 terius
314 3059 368 3118 loci
383 3060 510 3134 quaestio
524 3066 576 3135 est,
593 3067 622 3120 et
635 3061 670 3119 ad
685 3063 828 3122 idealistas
844 3063 1024 3138 (quibuscum
1039 3064 1085 3124 bic
1100 3063 1253 3138 loquimur)

209 3146 373 3204 refutandos
383 3158 440 3204 nou
450 3146 612 3220 requiritur.
629 3149 800 3221 Argumenta
813 3150 891 3207 enim
901 3165 918 3207 a
929 3148 1011 3210 nobis
1026 3149 1162 3224 producta
1172 3163 1253 3223 supe

210 3230 272 3289 rius
285 3232 354 3290 satis
368 3231 503 3290 evincunt
516 3232 634 3291 sensiles
648 3234 842 3309 perceptiones
858 3235 927 3308 (sire
942 3236 1052 3294 obiectu
1067 3241 1186 3294 extemm
1201 3234 1254 3293 im-

208 3315 331 3374 mediate
345 3317 479 3399 reierant,
491 3317 550 3376 sive
560 3317 686 3376 internas
702 3319 791 3377 animi
806 3320 1049 3394 modificationes),
1061 3320 1201 3380 eiusmodi
1213 3326 1254 3379 te·

206 3415 274 3460 men
295 3416 357 3460 esse
376 3409 407 3460 ut
421 3403 638 3476 repraesentatis
657 3403 776 3462 obiectis
797 3419 863 3462 rere
886 3406 1080 3475 consentiant,
1098 3419 1254 3480 eorumque

208 3487 376 3545 existentiae
390 3487 447 3545 sint
461 3487 584 3560 signum.
602 3487 693 3555 Quare
708 3487 732 3545 si
743 3488 818 3561 apud
833 3505 935 3548 sanum
950 3506 1092 3566 quemque
1106 3483 1171 3566 plus
1185 3505 1254 3550 vera

207 3571 279 3628 ratio
293 3572 414 3630 valitura
428 3576 478 3644 est,
496 3587 583 3645 quam
598 3587 672 3630 vana
686 3572 841 3646 cavillatio;
858 3575 949 3632 vereri
969 3575 1087 3636 minime
1101 3591 1254 3650 pessumus

206 3668 244 3712 ne
259 3656 409 3715 sensilibus
426 3656 659 3731 perceptionibus,
677 3672 750 3730 quae
765 3657 842 3715 velut
857 3657 1046 3720 instrumente
1060 3676 1093 3720 ac
1109 3659 1253 3735 praesidia

208 3739 347 3812 quaedam
361 3741 397 3799 ad
411 3741 590 3801 -exteriorem
603 3741 744 3800 mundum
758 3741 1007 3802 internoscendum
1022 3745 1104 3805 nobis
1130 3745 1253 3806 tributae

207 3826 338 3880 enatura
352 3831 434 3900 sunt,
449 3824 561 3886 obieeta
573 3825 652 3884 ntrlle
666 3826 865 3901 respondeant.
883 3827 940 3896 Ouo
954 3833 1037 3904 pecto
1062 3835 1158 3890 eutem
1173 3829 1253 3890 obie-

207 3911 253 3967 cta
267 3907 413 3972 sensibilia
430 3911 671 3986 internoscemus,
687 3917 786 3974 utrum
798 3911 962 3978 immediate
981 3930 1025 3990 ¹en
1038 3914 1134 3976 media
1153 3930 1253 3989 perce-
