2767 4492
566 282 796 335 mamertine
809 283 956 334 assumis

640 454 820 516 Paonosrrro
838 453 885 514 lll.

417 628 548 688 nmmos
566 635 704 688 mornas
718 611 952 705 repopooottum
966 625 1099 688 involuit.

276 799 321 860 22.
337 799 411 858 ilaec
430 813 504 873 quae
519 797 738 873 disputavimus,
759 813 811 874 pro
825 759 892 872 tine,
911 813 996 872 parem
1014 796 1201 872 intendimus,
1218 799 1286 860 satis

239 899 380 960 superque
397 889 474 942 sunt.
493 881 684 943 Nihilominus
702 883 760 942 alia
778 882 891 942 subtilis
911 881 1039 956 onaesdo
1058 887 1196 958 superest,
1213 899 1286 958 quae

239 975 372 1042 aeternna
391 968 494 1028 mnndi
516 967 711 1043 productionis
734 967 951 1042 possibilitatem
975 968 1097 1042 attingit.
1121 968 1182 1037 Oua
1203 968 1235 1028 in
1254 985 1287 1028 re
1381 959 1382 976 ²

238 1069 276 1114 ne
294 1053 438 1130 peregrini
459 1067 575 1129 prorsus
594 1053 765 1126 videamini,
787 1052 883 1126 aliqua
904 1052 1003 1112 leviter
1023 1052 1164 1114 delibabo.
1187 1053 1286 1128 ltaque
1381 1077 1382 1080 ¹

238 1139 311 1211 haec
334 1139 528 1201 conmorarsia
550 1153 730 1199 summorum
752 1137 838 1198 etiam
867 1137 1100 1212 philosophorum
1121 1138 1233 1198 animos
1255 1139 1287 1196 in

124 1245 127 1249 ’
238 1223 381 1297 oppositas
392 1223 525 1284 distraxit
538 1229 643 1298 partes.
660 1222 713 1282 urii
728 1223 816 1296 enim.
828 1227 860 1280 ut
870 1222 897 1282 S.
910 1223 1039 1296 Thomas,
1053 1223 1194 1282 Suarezet
1205 1221 1288 1282 Scho-

138 1352 143 1359 .
238 1308 405 1381 lasticohum
421 1308 567 1384 plerique,
585 1307 654 1380 etsi,
677 1307 714 1365 ad
733 1307 840 1365 lactum
859 1306 935 1380 quod
955 1311 1076 1380 spectat,
1097 1306 1240 1365 mundum
1255 1307 1286 1364 in

238 1396 366 1467 tempore
384 1393 556 1465 productum
574 1407 637 1451 esse
656 1390 862 1463 concederent,
881 1395 990 1458 nmen,
1012 1395 1151 1464 quantum
1170 1390 1206 1450 ad
1224 1405 1288 1464 pos-

238 1475 407 1536 sibilitatem
422 1476 534 1548 attinet,
551 1475 613 1534 eius
631 1479 777 1534 aeternam
791 1474 968 1534 molitionem
983 1489 1040 1532 non
1055 1489 1215 1550 repugnare
1229 1475 1289 1532 eni-

238 1563 402 1620 stimarunt.
419 1561 495 1620 Inter
513 1559 566 1619 hos
582 1551 714 1618 nonnulli
728 1560 870 1620 mundum
885 1559 922 1617 ab
941 1563 1056 1618 aeterno
1073 1558 1226 1618 existentia
1240 1558 1289 1618 do

237 1646 302 1704 nari
322 1645 448 1719 potuisse
470 1649 665 1724 auhumarhnt,
683 1643 733 1703 scd
746 1645 839 1717 quoad
854 1645 914 1704 sola
930 1643 1008 1704 entia
1023 1642 1223 1718 simulassem
1237 1643 1287 1704 alii

236 1729 268 1800 id
286 1729 478 1800 extenderunt
498 1728 535 1791 ad
559 1727 638 1788 entia
657 1728 744 1788 etiam
763 1729 933 1791 sncoustou.

272 1813 460 1888 dirorumque
480 1818 650 1889 argumenta
671 1813 706 1871 ad
728 1813 804 1872 hanc
826 1828 971 1872 summam
996 1813 1123 1874 revocari
1148 1817 1286 1888 possunt:

239 1898 315 1972 quod
330 1902 448 1958 aeterna
461 1897 562 1956 mundi
577 1898 683 1971 creatio
697 1914 791 1973 neque
807 1914 844 1957 es
859 1904 939 1974 parte
955 1897 1005 1956 liei
1020 1902 1174 1972 repugnat,
1191 1913 1285 1972 neque

239 1997 278 2040 ex
291 1987 372 2055 parte
389 1983 510 2057 mundi,
526 1999 621 2056 neque
634 1998 673 2042 ex
687 1989 768 2058 parte
786 1983 877 2057 ipsius
895 1982 1056 2044 creationis.
1078 1982 1211 2042 Primum¹
1223 1982 1285 2056 qui·

239 2066 315 2139 dem,
327 2066 396 2140 quia
410 2066 484 2126 Deus
498 2067 535 2126 ah
550 2072 666 2126 aeterno
680 2067 815 2126 virtutem
832 2067 932 2126 hahuit
946 2066 1061 2126 creandi
1076 2067 1232 2142 mnndum,
1245 2067 1284 2126 al-

194 2147 199 2152 ’
240 2155 333 2212 terum
346 2166 431 2225 sero,
448 2151 518 2226 quia
531 2152 657 2229 mundus
671 2168 762 2226 capax
778 2153 833 2210 luit
847 2151 990 2210 existendi
1010 2151 1248 2225 mrandocumque
1268 2167 1287 2210 a

239 2248 326 2294 causa
338 2236 551 2310 produceretur,
567 2251 621 2296 nec
637 2237 673 2295 ad
688 2237 811 2296 effectus
824 2237 966 2297 rationem
984 2235 1116 2310 pertinet,
1133 2241 1166 2294 ut
1180 2241 1288 2310 tempo-

238 2335 271 2380 re
285 2326 420 2394 sequatur
440 2335 577 2394 causam,
593 2323 643 2382 sed
659 2322 767 2382 suflicit
781 2327 812 2382 ut
826 2327 930 2382 natura
951 2327 1061 2382 tantum
1076 2321 1113 2382 sit
1126 2321 1285 2396 posterior;

239 2404 354 2464 tertium
368 2405 511 2480 denique,
529 2406 598 2480 quia
611 2407 718 2466 crastin
735 2407 766 2464 in
780 2406 901 2469 instanti
914 2405 1079 2482 peragitur,
1095 2421 1150 2466 nec
1165 2406 1289 2482 postulat

239 2493 272 2546 nt
285 2505 331 2548 res
345 2496 440 2549 creato
455 2490 505 2548 fiat
518 2497 583 2565 post
597 2491 730 2566 nihilum,
747 2492 797 2550 sed
812 2507 849 2552 ex
864 2491 963 2564 nihilo,
980 2491 1053 2550 idest
1068 2507 1126 2550 non
1139 2506 1176 2550 ex
1191 2491 1288 2566 aliquo

239 2573 419 2647 praeiacente
434 2575 571 2649 subiecto,
588 2576 663 2649 quod
678 2581 782 2634 natura
796 2576 898 2636 saltem
912 2576 1072 2636 antecedat.

276 2657 330 2716 Sed
343 2673 414 2733 pace
430 2665 575 2719 tantorum
590 2661 762 2734 sapientum,
780 2675 852 2734 quoa
866 2675 980 2732 summa
994 2660 1025 2718 in
1039 2660 1220 2720 veneratione
1235 2659 1289 2719 ha·

238 2741 364 2816 hamus,
387 2745 560 2814 contrariam
580 2745 753 2806 sententiam
776 2744 993 2819 amplectimur,
1017 2761 1090 2820 miae
1108 2759 1167 2804 non
1189 2743 1290 2804 minus

239 2841 340 2899 graves
360 2832 445 2888 nacta
457 2835 501 2897 est
520 2829 655 2891 lautores.
672 2828 841 2890 Huiusmodi
861 2835 928 2904 sunt
947 2830 1120 2904 Augustinus
1131 2828 1288 2907 ,Toletum

237 2909 388 2986 Petavius,
406 2908 563 2988 earduus,
580 2913 810 2990 recentioresque
830 2912 991 2989 philosophi
1013 2913 1074 2974 iare
1096 2927 1214 2988 omncs,
1235 2912 1288 2986 qui

239 2995 426 3054 consensione
446 2997 577 3055 unanimi
591 2997 621 3056 id
634 2995 770 3071 possihile
787 2995 877 3055 lusisse
896 3002 1011 3070 negant.
1033 2997 1121 3072 itque
1137 2997 1172 3058 ad
1187 2995 1230 3058 sic
1244 2995 1290 3054 iu·

239 3078 393 3140 dicandum
412 3081 457 3140 his
478 3083 631 3158 praecipue
652 3082 829 3158 impellimur
846 3083 1033 3157 argumentis.
1056 3083 1203 3156 Prinmm,
1219 3083 1290 3158 quia

237 3170 334 3226 mente
344 3165 456 3240 concipi
469 3167 579 3244 nequit,
593 3167 682 3225 immo
699 3167 788 3228 etiam
801 3167 932 3228 idearum
946 3183 1074 3242 pugnam
1088 3168 1144 3228 sihi
1158 3167 1290 3240 implica-

239 3264 271 3309 re
282 3249 395 3310 videtum
408 3250 556 3326 productio
570 3250 613 3311 rei
626 3251 806 3324 cuiuspiam,
824 3267 897 3328 quae
912 3252 1024 3312 nullum
1044 3250 1178 3312 hahuerit
1201 3251 1290 3312 dura-

238 3332 324 3394 tionis
334 3333 458 3394 initium.
470 3335 541 3394 Nam
549 3336 626 3409 qnod
636 3335 794 3396 durationis
804 3336 886 3398 initio
901 3341 999 3396 careat
1014 3351 1066 3398 ens
1080 3335 1288 3410 sanemarium,

151 3407 162 3426 ⁸
237 3419 269 3479 id
277 3419 382 3493 optime
397 3418 569 3494 concipitur;
582 3419 724 3494 siquidem
739 3436 792 3480 ens
806 3421 956 3496 eiusmodi,
970 3436 1037 3480 cnm
1047 3420 1219 3496 productum
1229 3433 1291 3478 non

240 3503 277 3564 sit
290 3505 342 3567 aed
355 3510 448 3566 exstet
462 3521 479 3564 a
493 3521 533 3581 se,
546 3522 696 3581 nunquam
710 3507 894 3570 existentiam
907 3508 1058 3568 inchoasse
1073 3507 1131 3567 dici
1146 3506 1240 3568 dehet.
1254 3507 1290 3566 ut

238 3587 271 3647 in
284 3603 316 3648 re
329 3590 466 3666 producta
480 3594 508 3650 et
522 3591 704 3666 contingente
719 3593 820 3668 nequit
834 3591 985 3650 exordium
1005 3593 1122 3666 aliquod
1136 3606 1195 3652 non
1210 3591 1291 3662 eogi-

240 3672 310 3744 tari3
326 3674 433 3735 namsi
448 3674 523 3733 lacta
536 3681 588 3747 est,
603 3682 679 3735 certe
694 3673 928 3735 indeterminato
944 3674 1040 3752 aliquo
1055 3679 1201 3748 momento
1217 3679 1292 3736 tem-

241 3755 320 3828 poris
341 3756 416 3814 lacta
436 3762 499 3830 est,
515 3758 592 3834 quod
610 3758 711 3818 saltem
727 3772 794 3816 cnm
814 3757 877 3832 ipsa
898 3758 1048 3834 inceperit.
1064 3758 1122 3820 Hoc
1136 3763 1233 3820 autem
1253 3759 1293 3820 de

239 3839 348 3900 mundo
370 3843 484 3900 aeterno
503 3841 561 3902 dici
575 3857 634 3901 non
648 3847 758 3918 posset3
776 3841 1006 3920 quandoquidem
1030 3843 1184 3906 aelamitae
1205 3843 1293 3905 initio
