2767 4492
534 304 607 355 rsus
626 303 722 350 rarus
1116 287 1151 350 tt

137 387 554 460 perseuerantissimum,
571 387 700 461 origine,
718 401 874 460 mumque
888 389 949 448 tum
964 385 1151 450 utensilibus
1231 411 1235 416 ’

100 472 339 548 perceptionibus,
354 477 413 532 lum
424 487 442 532 a
447 471 710 547 phantasmatibus
720 471 901 531 distinctione
913 469 1150 544 adPspcologiam

103 556 241 618 disserere
255 556 396 630 pertinet;
418 556 466 616 hic
482 561 592 618 tantum
607 572 642 616 ea
658 557 859 629 degustamus,
876 571 950 629 quae
964 554 1039 615 scitu
1052 554 1151 614 videu-

104 647 148 700 tur
160 641 323 701 necessaria
338 641 375 699 ad
389 640 530 700 eiusmodi
546 641 741 716 operationem
755 640 991 714 intellgendum,
1008 644 1093 714 prout
1105 654 1152 700 ra·

102 725 213 789 liucinii
227 727 402 788 elementum
416 726 572 788 constituit.

135 810 163 877 2.
182 810 253 880 Ouia
266 811 331 872 idea
345 810 423 896 circa
432 811 547 884 aliquod
557 811 702 872 obiectum
712 826 825 886 semper
833 816 974 884 rumbis,
990 815 1076 885 alqm
1086 813 1153 869 ectu

99 895 207 954 mentis
221 895 398 969 conductum
414 895 520 958 idcirco
535 896 662 970 sequitm
676 901 709 956 ut
721 897 852 956 idearum
866 895 1032 970 differentia
1046 893 1153 968 duplici

100 995 139 1046 es
153 979 233 1043 toute
246 980 315 1040 oriri
329 980 431 1054 possit,
448 995 485 1044 ex
499 980 662 1042 diversitate
677 980 816 1042 nimirum
831 985 880 1042 aut
893 979 993 1040 otiati
1007 984 1057 1038 aut
1070 975 1153 1035 modi

100 1079 159 1138 quo
173 1063 317 1124 obiectum
336 1065 414 1126 idem
430 1065 587 1138 attingitur.
609 1065 735 1126 Priorem
748 1065 939 1126 milesendam
960 1062 1151 1134 obiectioom,

101 1149 224 1210 alterum
238 1149 597 1222 numerumnunerum
620 1151 713 1224 deque
731 1152 880 1223 utriusque
900 1147 989 1208 variis
1003 1145 1153 1222 speciebus

100 1233 255 1308 loquemur
265 1233 384 1308 aliquid.

137 1318 164 1377 3.
183 1319 250 1377 ldea
264 1319 375 1378 ratione
390 1319 478 1390 modi,
490 1333 547 1391 quo
560 1318 706 1378 obiectum
716 1318 828 1380 diverse
836 1317 1002 1392 percipitur,
1018 1333 1070 1376 seu
1083 1330 1151 1390 qno

100 1401 137 1460 ad
154 1402 350 1460 differentiam
361 1400 562 1472 subiectiram,
575 1400 664 1459 dividi
670 1406 771 1474 potest:
783 1401 814 1461 in
823 1402 939 1460 cloroon
947 1407 976 1460 et
984 1402 1149 1470 obscurum,

82 1553 85 1558 Δ
99 1486 134 1545 iu
142 1484 354 1544 distinctooeet
364 1485 528 1556 musetum,
540 1483 571 1542 ln
580 1485 753 1560 completum
762 1493 788 1544 ct
797 1485 1013 1560 incompotem,
1026 1485 1057 1544 in
1067 1484 1154 1542 uduo-

100 1569 519 1644 quntomettnodoeooocom.
532 1569 620 1630 llidus
628 1568 906 1643 partitionislsaltem
914 1568 1060 1628 bisverbis
1070 1584 1155 1643 expo·

100 1653 186 1726 sitae)
199 1652 391 1716 triamembra
399 1653 555 1716 leibnitius
565 1652 685 1727 invexit,
699 1654 749 1728 qui
760 1655 796 1714 ds
806 1653 968 1728 cognitione
979 1654 1020 1713 ita
1028 1653 1152 1727 scripsit:

104 1763 116 1790 e
128 1739 178 1798 Est
192 1754 259 1812 ergo
270 1737 393 1812 cognitio
401 1738 443 1796 rel
451 1737 583 1806 obscuro,
595 1738 641 1797 rel
651 1738 747 1810 cloro;
754 1745 783 1798 et
793 1739 877 1798 clero
891 1739 1043 1798 rursusrel
1053 1739 1156 1812 moso·

105 1847 116 1877 ι
132 1839 178 1898 so,
189 1821 576 1896 reldietiuotn;etdislinotn
586 1823 631 1881 vel
640 1823 854 1898 ioudoeguoto,
863 1823 1086 1898 velodocguoto
1101 1825 1153 1881 ⁴.»

100 1907 151 1968 His
165 1912 301 1982 quartum
314 1907 477 1969 membrum
492 1906 655 1966 interseruit
669 1907 796 1980 liuidus,
819 1907 992 1968 distinctum
1005 1907 1101 1966 ideam
1120 1905 1153 1966 in

101 1992 314 2066 comptotnmet
328 1991 535 2066 intemptatum
549 1991 848 2066 perseuerandum
863 1992 894 2052 in
909 1992 1110 2066 momontum
1125 1993 1155 2050 et

104 2075 345 2149 iuodnoquotom
359 2075 499 2136 divideret
513 2077 538 2134 ².
1174 2122 1178 2135 .

140 2160 209 2224 Idea
222 2159 308 2220 claro
322 2176 356 2220 ea
371 2159 485 2233 dicitur,
498 2175 571 2234 miae
585 2161 729 2221 obiectum
739 2162 780 2222 ita
789 2167 994 2236 repraesentat,
1004 2157 1156 2220 utabaliis

104 2250 281 2322 secernatur,
299 2252 397 2306 eontra
407 2261 483 2319 vero,
497 2261 571 2321 quae
581 2247 803 2308 obscuroaudit.
816 2248 862 2308 Sic
872 2249 937 2308 idea
947 2247 1050 2307 sideris
1059 2244 1155 2304 cuius·

105 2331 185 2404 dam,
202 2345 249 2390 ex.
266 2345 309 2404 gr.
326 2329 410 2404 louis,
428 2346 515 2406 quem
529 2331 615 2392 babet
629 2337 818 2406 astronomus,
835 2332 920 2392 clero
934 2337 986 2405 ost„-
999 2335 1098 2390 conus
1107 2343 1155 2388 ru·

106 2415 164 2487 dis,
181 2413 233 2488 quii
248 2413 360 2476 caelum
374 2415 489 2474 stellam
504 2416 663 2490 suspiciens
677 2417 757 2476 sidus
772 2417 844 2475 illud
857 2417 1020 2476 discernere
1035 2429 1094 2472 nou
1108 2425 1156 2472 va·

105 2499 156 2572 let,
173 2498 268 2560 ideam
281 2503 394 2558 taumm
409 2499 563 2560 obsmtrom
576 2501 713 2576 possidet.
736 2501 832 2560 ldeam
853 2501 1025 2560 distinctam
1043 2511 1154 2556 nuncu·

105 2582 192 2656 pubis
207 2599 279 2657 quae
293 2583 437 2644 obiectum
451 2584 492 2644 ita
506 2585 598 2660 offert,
615 2592 647 2645 ut
661 2586 724 2645 eius
734 2585 1064 2646 constituendaetnotae
1074 2595 1156 2656 prae·

106 2668 208 2743 cipnas
222 2669 397 2744 distinguere
412 2675 440 2732 et
454 2685 605 2730 numerare
620 2672 722 2746 possis.
739 2671 773 2730 llt
786 2671 913 2745 quddam,
929 2671 955 2730 si
974 2668 1072 2729 omnia
1087 2682 1157 2726 euu-

106 2769 213 2828 meres‚
229 2754 370 2830 couepietn
384 2755 447 2829 erit;
460 2771 542 2815 secus
558 2757 747 2832 appellabitur
760 2757 943 2831 incompleta.
968 2755 1044 2823 Quae
1059 2757 1156 2810 autem

107 2838 190 2898 notio
205 2838 351 2898 obiectum
367 2839 407 2898 ite
421 2840 518 2912 refert,
535 2846 567 2900 ut
581 2840 644 2900 eius
655 2841 834 2900 characteres
848 2856 905 2900 nou
916 2839 1081 2911 distinguat,
1093 2850 1158 2893 oon·

107 2923 179 2996 suso
192 2923 297 2983 audiet.
315 2923 361 2982 Sic
376 2924 426 2996 qui
442 2923 564 2997 figuram
579 2924 706 2995 aliquam
720 2922 932 2993 geometricum,
949 2937 996 2979 ex.
1013 2935 1055 2991 gr.
1073 2918 1159 2974 trian-

107 3008 221 3080 gulum,
237 3006 388 3078 distinguit
402 3021 419 3064 a
433 3007 544 3078 ceteris,
557 3012 587 3064 at
601 3005 664 3064 eius
674 3004 852 3062 characteres
869 3003 1019 3062 enuntiare
1037 3014 1095 3057 non
1110 3013 1157 3056 va·

108 3091 158 3162 let,
175 3089 273 3148 ideam
288 3089 436 3146 onnlusam
449 3089 545 3146 habet.
564 3089 674 3159 dontra,
691 3085 916 3148 nododieuucta
935 3085 1000 3157 erit,
1017 3084 1042 3142 si
1055 3081 1159 3142 obiecti

111 3173 259 3251 elementa
273 3171 467 3245 designentur.
485 3171 563 3239 Quod
578 3171 646 3230 siin
660 3170 706 3230 bis
724 3171 927 3230 enumerandis
942 3168 1089 3228 elementis
1104 3167 1155 3226 eli-

110 3259 182 3335 quid
200 3256 358 3330 omittatiu,
384 3255 448 3315 idea
467 3256 522 3316 erit
535 3255 668 3316 distinda
681 3255 807 3330 quidem
832 3256 882 3316 sed
902 3255 1081 3329 incompleta
1103 3252 1158 3313 erit

111 3349 210 3404 autem
224 3342 374 3419 completa,
392 3341 415 3401 si
431 3341 528 3400 omnia
542 3343 626 3415 plane
639 3347 852 3402 recenseantur.
868 3341 1005 3415 Exemplo
1026 3340 1064 3400 sit
1081 3339 1158 3399 notio

113 3427 249 3502 trianguli
263 3427 421 3501 rectauguli
435 3443 492 3502 qua
506 3427 577 3487 illud
592 3425 751 3502 concipitur
765 3433 796 3486 ut
810 3427 903 3502 figura
916 3427 1002 3500 plana
1011 3426 1102 3485 tribus
1115 3439 1158 3484 re-

113 3513 166 3572 ctis
183 3513 390 3587 comprehensa
404 3513 576 3586 totidemque
591 3512 713 3586 ungulis,
723 3527 844 3586 quorum
855 3527 930 3570 unus
940 3511 976 3570 sit
986 3516 1091 3571 molus.
1108 3509 1160 3568 lle-

114 3595 388 3671 munemundus,
405 3597 510 3672 quibis
523 3595 667 3656 obiectum
681 3601 800 3670 constat,
817 3611 1022 3670 saepenumero
1037 3595 1069 3654 lu
1090 3592 1162 3658 alae

160 3780 173 3831 i
189 3782 272 3834 neoto.
286 3783 315 3831 de
328 3785 466 3844 malim,
481 3785 580 3832 omdlnte
595 3787 617 3832 et
634 3783 702 3836 ttae.
717 3783 743 3835 Τ.
756 3783 780 3836 2.
792 3784 859 3850 Opes.
872 3783 926 3836 etit
938 3783 1020 3836 eno.

163 3858 258 3916 told.
271 3863 353 3926 rotp.
366 3859 640 3927 t,m.t,et‚g.et.
