2767 4492
508 343 698 389 caneremus
1070 329 1124 390 ‘tle

276 428 315 481 De
333 431 385 481 oiis
403 444 471 495 puae
488 433 526 481 ad
542 445 633 482 oerum
650 434 842 496 assequendum
857 437 952 496 patent
990 459 998 481 0
1039 451 1052 478 n
1089 429 1124 487 76

181 552 188 564 .
275 509 314 567 De
332 508 492 570 intuitione.
517 515 590 578 Quae
609 521 635 566 st
652 515 798 580 quotuplec
816 529 848 566 ea
865 519 913 568 sit.
940 514 1055 566 Falsum

309 601 335 649 ei
352 601 453 651 sulesre
471 614 526 650 non
543 613 628 663 posse.
648 599 795 651 Solvuntur
807 600 988 668 difficultates.
1029 619 1042 646 u
1081 595 1123 654 ibi

194 723 201 735 .
276 678 451 739 Donationis
469 680 610 740 discursu.
629 685 700 735 llius
717 686 802 738 notio.
824 685 901 736 ilens
917 687 1050 748 praemis-

310 769 347 818 sis
366 771 515 820 assentiens
532 755 627 834 nequit¹
644 781 700 819 non
724 771 852 820 assentiri
876 771 1051 820 conclusioni.

309 853 379 903 llius
396 856 540 906 veracitas.
562 854 649 906 Varia
665 856 926 907 demonstrationum
943 869 1051 920 amera.

310 937 350 988 De
359 939 480 990 utilitato
491 941 717 990 ratiocinationis
731 941 844 990 mixtae.
859 939 993 992 scientiae
1004 955 1054 990 no-

309 1024 359 1074 tia.
379 1023 593 1090 Difficultatilus
611 1025 713 1088 satisfit
751 1045 1047 1076 .......
1088 1021 1123 1080 85

277 1103 317 1163 De
326 1105 502 1163 auctoritaie.
516 1109 669 1166 Nonnulla,
683 1123 751 1173 quae
760 1110 796 1160 ad
805 1110 893 1173 ipsam
903 1113 1050 1174 pertinent,

311 1197 493 1260 explicantur.
515 1195 550 1244 ln
567 1208 596 1246 re
614 1195 764 1258 scientifica
783 1196 967 1245 testimonium
984 1197 1056 1258 peri-

311 1285 400 1330 torum
413 1294 466 1342 pra
485 1281 597 1330 rudibus
616 1280 700 1328 unica
718 1291 813 1328 norma
831 1285 870 1330 est
888 1293 942 1342 qua
960 1293 1055 1344 repan-

309 1369 354 1412 tur
365 1378 375 1420 ,·
388 1377 440 1426 pro
459 1365 545 1414 doctis
564 1364 708 1414 etsi-suum
721 1362 817 1414 nalem
829 1365 945 1426 pondus,
965 1369 1054 1416 tamen

309 1447 414 1496 rationi
430 1449 560 1498 concedit.
580 1447 616 1514 ln
633 1461 661 1498 rs
679 1442 748 1501 fecii
764 1461 815 1510 pro
830 1447 952 1498 omnious
962 1454 1052 1498 aueto-

310 1531 380 1580 ritas
398 1543 494 1581 norma
512 1538 551 1582 est
561 1546 572 1589 ‚·
591 1538 636 1594 et,
654 1533 680 1582 si
697 1532 892 1595 pisoniano,
911 1531 1052 1583 induciam

310 1621 433 1678 praestat
451 1618 648 1668 certitudinem.
673 1616 811 1679 Quasnam
829 1617 993 1666 conditiones
1011 1629 1054 1667 re·

310 1701 413 1763 quirat.
433 1700 474 1750 lle
492 1702 649 1752 traditione.
670 1701 711 1752 De
729 1701 852 1752 historia.
875 1700 1055 1768 Difficultates

308 1785 456 1835 nonnullae
474 1787 625 1836 enodantur
656 1803 1053 1837 .........
1091 1781 1122 1839 ni

72 1865 143 1922 GdP.
165 1863 211 1922 111.
276 1867 316 1919 De
333 1871 463 1928 metiodo.
509 1898 995 1925 ...........
1035 1888 1049 1914 i
1088 1865 1123 1922 99

72 1948 144 2005 Anr.
166 1948 188 2006 Ι.
272 1946 312 2005 De
329 1947 438 2022 analysi
457 1953 487 2007 ei
503 1948 640 2023 synthesi.
661 1952 767 2004 norum
779 1959 881 2004 natura
893 1959 918 2004 n
930 1953 1050 2017 ripn.»
1080 1947 1122 2008 ihi

73 2031 145 2090 lum.
167 2032 200 2090 il.
276 2030 314 2090 De
332 2032 509 2092 dubitatione
527 2031 697 2092 Garieeiana.
728 2037 847 2088 narrent
865 2037 974 2088 aucium
997 2040 1054 2089 tne-

311 2127 390 2185 ptum
401 2128 439 2172 est
452 2128 476 2172 et
489 2123 542 2173 eiii
551 2136 606 2173 non
620 2124 794 2174 consentiens.
821 2121 989 2174 Conscientia
1003 2137 1059 2173 non

310 2211 348 2256 est
366 2207 489 2256 ultimum
506 2209 677 2258 certitudinis
696 2208 900 2271 mndamentum
945 2239 952 2256 .
992 2242 1000 2257 .
1041 2227 1054 2254 u
1078 2203 1127 2262 103

76 2283 147 2343 inr.
168 2286 213 2345 ill.
280 2285 379 2344 Utrum
400 2286 498 2344 omnia
515 2287 547 2344 in
564 2285 788 2360 philosophando
812 2286 1052 2346 demonstratione

308 2376 359 2428 oui
376 2370 542 2430 definitione
559 2375 671 2444 egeant.
691 2375 828 2439 Principii
846 2378 1052 2428 demonstrativi

309 2460 395 2511 notio.
415 2460 516 2524 Aliqua
534 2466 600 2511 sunt
616 2461 757 2525 principia
772 2473 821 2524 per
840 2475 867 2513 se
888 2467 963 2512 nota.
984 2461 1058 2512 ldsm

309 2546 342 2594 de
355 2545 523 2606 conceptione
537 2547 678 2597 dicendum
688 2559 752 2598 esre.
797 2581 805 2596 .
845 2577 852 2595 ·
893 2577 901 2596 .
940 2581 948 2596 .
989 2579 996 2594 ·
1037 2564 1050 2592 u
1074 2541 1124 2600 107

76 2621 142 2680 uin.
163 2623 209 2683 IV.
276 2628 315 2679 lle
330 2631 453 2680 ueritatis
468 2631 577 2680 criterio
607 2662 998 2682 .........
1010 2649 1014 2657 ·
1039 2649 1052 2678 i
1075 2625 1126 2686 110

75 2705 145 2766 ina.
166 2708 191 2768 Ι.
275 2709 422 2776 Quodnam
440 2709 477 2768 sit
495 2710 642 2769 criterium
654 2710 725 2768 reri.
746 2713 1055 2779 ntvnsnepitlosopio-

309 2811 370 2848 rum
392 2799 549 2849 sententiae.
574 2798 720 2848 criterium
737 2811 755 2848 a
769 2799 942 2860 connascendl
960 2800 1054 2849 mediis
1145 2843 1151 2854 .

311 2884 413 2932 secerni
432 2881 515 2932 dedet.
538 2880 666 2932 Generale
685 2881 824 2931 criterium
835 2882 891 2930 ueri
904 2881 934 2928 in
948 2881 1054 2930 euiden-

310 2965 362 3020 tia,
377 2966 422 3014 sed
434 2965 581 3028 antoiopice
598 2963 681 3014 simul
696 2968 721 3013 et
732 2963 917 3026 psyalsoloalce
936 2964 1056 3026 explica·

315 3054 355 3101 ta,
369 3048 510 3108 reponitur
511 3067 1051 3097 ............
1089 3043 1130 3102 ihi

78 3127 148 3186 ina.
170 3127 203 3186 ll.
277 3123 316 3183 De
330 3139 417 3182 sensu
428 3129 547 3184 naturae
560 3123 715 3184 communi.
737 3129 827 3180 notus
839 3129 978 3188 allectum,
993 3133 1055 3182 cta-

308 3221 434 3270 racteres,
448 3214 574 3278 firmitus.
595 3215 699 3266 Eorum
716 3215 850 3264 sententia
868 3216 1053 3279 improbatur,

310 3300 358 3362 qui
369 3311 475 3348 sensum
494 3304 608 3351 naturae
621 3310 783 3348 communem
796 3297 928 3350 liciniano
940 3300 998 3350 ritu
1010 3314 1056 3351 eu-

311 3383 429 3446 plicant.
444 3382 590 3446 lieiutntur
603 3383 859 3436 Delu-Mennais.
902 3420 908 3432 .
947 3418 954 3434 .
994 3418 1001 3432 .
1042 3402 1055 3432 u
1077 3379 1127 3438 105

84 3462 154 3522 dnn.
174 3463 217 3523 ΠΙ.
282 3462 321 3522 De
339 3461 528 3536 ecepiicismo.
543 3467 844 3532 lliuersamcpticorum
856 3481 964 3533 persero.
987 3469 1057 3532 Quid

310 3555 493 3616 scepticirmus
505 3553 586 3607 turta
603 3554 727 3621 louffroy
742 3554 933 3618 definitionem.
952 3553 1056 3618 Scepti-

312 3640 409 3688 eismus
419 3625 456 3689 'en
468 3639 556 3688 autimi
568 3641 702 3690 sententia
720 3640 857 3691 enimuero
875 3638 921 3690 est'
931 3639 972 3690 uel
985 3639 1052 3690 dcli·

311 3724 392 3775 rium.
413 3723 485 3786 Quid
502 3725 591 3788 quoad
603 3725 659 3776 eius
671 3723 862 3788 refutationem
875 3724 942 3792 citici
953 3725 1049 3788 possit.
1073 3720 1125 3781 tie
