2767 4492
515 332 590 377 rans
605 332 724 378 maana
1093 319 1146 384 tta

143 420 201 494 Sed,
214 420 246 479 ut
257 419 336 492 diri,
352 419 425 478 haec
443 419 486 480 est
498 417 593 492 potius
610 415 736 477 conditio
750 415 892 490 quaedam
908 417 944 478 ad
959 432 1047 480 usum
1061 419 1146 480 orite-

19 548 23 578 ,
109 506 142 565 rii
158 504 308 579 requisita,
323 518 383 563 non
397 518 464 563 roro
484 502 631 560 criterium
649 499 745 575 ipsum
763 500 795 560 in
813 516 845 560 se
863 507 1031 578 spectatum.
1055 504 1147 578 htquo

109 587 385 734 ffip‘qeqfitqriranqporm
403 586 535 662 angustia
555 585 591 644 da
612 583 758 648 communi
778 585 906 648 ueritatis
921 588 1034 648 criterio
1049 587 1146 666 dispu-

507 843 679 902 hnrrcnuus
697 838 730 900 ff.

393 1013 433 1073 De
444 1027 532 1074 aquo
544 1020 675 1072 acturos
687 1015 848 1072 commum.

137 1188 179 1247 74.
202 1189 236 1248 Ut
248 1186 386 1262 perennis
400 1189 429 1243 et
443 1188 577 1242 constans
592 1186 710 1241 testatur
723 1183 917 1259 experientia,
933 1190 1075 1249 extantia
1093 1193 1147 1252 toto

101 1273 251 1332 hominnm
258 1285 363 1344 genere
374 1267 482 1325 indicia
491 1266 631 1338 quaedam
641 1266 764 1338 etahifia,
776 1267 927 1328 uniformia
937 1276 965 1330 et
973 1277 1146 1348 communia,

99 1371 172 1430 quae
187 1360 281 1414 aetate
294 1367 355 1410 non
370 1349 561 1420 contabuere,
578 1349 709 1406 sedeam
723 1349 792 1422 ipsis
808 1353 928 1410 saeculis
943 1355 1148 1424 quodammodo

96 1440 309 1500 inveterarunt.
326 1431 472 1495 Eiusmodi
486 1436 552 1490 sunt
561 1432 751 1506 potissimum,
768 1449 841 1508 quae
851 1435 985 1496 advitam
995 1439 1151 1500 humanam

98 1521 237 1582 alendam
261 1517 452 1590 tuendamque
467 1520 495 1573 et
508 1515 544 1574 ad
559 1531 652 1575 mores
667 1517 830 1590 dirigendos
852 1519 979 1579 maxime
997 1523 1149 1595 pertinent.

98 1605 239 1680 Exemplo
259 1603 318 1663 sint
336 1602 408 1660 haec
429 1601 616 1675 praeserh'm:
635 1601 767 1661 Existunt
782 1617 918 1677 corpora;
941 1605 1017 1678 leges
1032 1613 1152 1668 naturae

101 1697 166 1752 runt
180 1696 358 1762 constantea3
375 1688 448 1747 Deus
462 1686 574 1760 existit;
592 1687 685 1746 cultus
700 1688 755 1761 ipsi
768 1689 978 1763 impendendus
993 1699 1048 1766 est;
1066 1693 1151 1756 hone·

102 1780 176 1835 etum
190 1792 209 1835 a
224 1775 299 1849 turpi
309 1773 502 1846 distinguitur,
519 1772 630 1833 colendi
639 1778 708 1832 sunt
718 1779 862 1848 parentes
878 1775 994 1835 animus
1004 1777 1149 1840 humanus

102 1860 157 1918 fato
171 1860 299 1935 corporis
312 1864 356 1918 est
370 1862 528 1931 superstes3
544 1857 673 1930 praemia
686 1858 786 1930 iustis,
807 1874 916 1932 poenam
931 1862 1101 1924 nocentibus
1115 1865 1148 1926 iu

101 1945 195 2023 futuro
208 1961 279 2005 aero
293 1943 506 2015 retribuentur3
527 1948 612 2016 atque
626 1943 683 2002 alia
698 1943 811 2016 generis
826 1942 964 2005 eiusdem.

139 2030 247 2090 iudicia
262 2030 343 2101 haec,
358 2043 432 2102 quae
445 2027 607 2087 Aristotdes
620 2043 787 2087 comarcuace
806 2031 963 2090 sententiae
978 2034 1147 2110 appellavit,

99 2114 212 2174 nonnid
226 2131 246 2173 a
259 2119 362 2172 natura
374 2112 602 2186 proficiscuntur.
623 2112 653 2171 Si
667 2113 745 2172 enim
760 2113 877 2172 effectus
892 2124 1096 2190 congruentem
1110 2121 1148 2179 ei·

100 2196 130 2254 hi
143 2200 267 2270 postulat
285 2211 421 2269 causam3
438 2196 556 2255 effectus
571 2197 758 2270 universatis,
773 2211 961 2272 permanens,
980 2202 1147 2276 uniformia,

100 2295 215 2342 causam
229 2283 338 2358 pariter
354 2281 546 2354 uniformem,
561 2286 788 2355 permanentem,
804 2283 996 2343 rmiversafem
1011 2287 1148 2360 exposcit.

100 2367 132 2426 ht
144 2383 211 2428 vero
225 2369 260 2428 in
272 2366 440 2426 hominihus
456 2364 526 2438 foco,
543 2367 672 2438 natione,
689 2371 830 2440 tempore,
847 2368 995 2439 institutis,
1011 2371 1149 2442 moribus,
1199 2371 1201 2378 ’

101 2455 182 2525 atque
197 2453 274 2523 aliis,
286 2467 359 2525 qnae
374 2450 521 2509 individua
536 2449 644 2510 viritim
658 2451 883 2525 spectant-inter
896 2467 926 2511 se
941 2452 1149 2526 differentibus,

100 2538 296 2612 maximopere
315 2536 462 2596 variantur
481 2550 515 2594 ea
535 2536 649 2608 omnia,
665 2551 737 2610 quae
753 2533 807 2596 'aut
824 2542 928 2596 natura
946 2551 1005 2596 non
1020 2542 1087 2596 sunt
1101 2546 1150 2598 aut

101 2635 203 2682 nonen
214 2626 280 2698 ipsa
289 2622 446 2680 dimanant.
459 2620 566 2680 indicia
575 2621 662 2695 igitur
675 2621 836 2682 istiusmodi
851 2622 989 2697 explicari
1003 2623 1086 2684 aliter
1100 2639 1150 2683 ne-

102 2714 216 2783 queunt,
234 2707 292 2766 nisi
305 2713 446 2782 quatenus
459 2711 593 2765 natmam
606 2707 700 2780 ipsam
717 2706 873 2766 auctricem
888 2707 1012 2768 habeant
1026 2713 1054 2768 et
1068 2709 1151 2782 quasi

101 2788 217 2852 fontem.

133 2876 191 2949 age
205 2879 282 2947 iam,
301 2875 344 2933 vis
358 2874 409 2932 iffa
423 2889 441 2930 a
456 2878 560 2931 natura
579 2871 712 2930 rationali
730 2873 917 2943 proveniens,
934 2886 984 2930 seu
1003 2874 1067 2944 ipsa
1080 2871 1153 2929 ratio

99 2961 241 3018 naturalis
259 2963 345 3030 prout
363 2960 464 3027 sponte
485 2971 537 3012 sua
556 2956 588 3011 in
609 2953 750 3008 eiusmodi
769 2952 874 3009 iudicia
895 2952 1070 3012 unanimiter
1090 2968 1154 3027 pro-

99 3042 228 3112 rumpit,
243 3053 345 3110 scrasus
359 3035 525 3106 commonia
540 3033 708 3105 appellatur.
732 3035 808 3098 tinae
830 3049 896 3092 vero
918 3035 1024 3095 iudicia
1042 3037 1078 3094 ab
1093 3039 1155 3110 ipso

101 3121 263 3193 dictantur,
272 3119 324 3176 hos
337 3115 507 3191 praesertim
522 3115 701 3175 characteres
715 3115 771 3176 sihi
785 3116 955 3178 adsciscunt:
972 3121 992 3179 f.
1005 3119 1154 3182 Universa-

102 3207 230 3280 fitatem,
246 3204 472 3275 diutmnitatem,
490 3201 693 3276 consantiam
713 3203 872 3278 etquidem
887 3206 962 3280 apud
984 3211 1082 3280 gentes
1096 3224 1154 3270 non

103 3292 187 3352 modo
201 3290 341 3351 barbaras
355 3301 456 3348 verum
477 3286 563 3347 ctiam
578 3286 687 3362 cultas,
704 3287 744 3348 ita
757 3295 790 3350 ut
809 3294 952 3350 crescente
971 3291 1081 3353 cultura
1095 3311 1153 3354 nou
1168 3287 1170 3292 ’

106 3465 114 3487 a
132 3464 167 3495 me
183 3450 199 3496 ii
216 3449 327 3514 principio
342 3451 469 3510 generatore
485 3446 521 3494 del
537 3447 616 3508 qaudio
632 3463 677 3492 non
693 3449 705 3494 d
720 3464 743 3494 so
758 3464 801 3494 non
816 3448 929 3496 f’obbioffo
945 3452 1088 3498 conveniente
1099 3470 1110 3500 e
1121 3469 1154 3499 ca·

109 3540 116 3561 ·
135 3541 186 3586 paee
202 3527 225 3572 di
241 3523 349 3571 soddisfnr
365 3523 386 3569 la
405 3523 518 3586 andem,
531 3529 673 3587 quantunque
689 3523 708 3570 si
725 3523 820 3570 richioda
838 3525 888 3586 qual
904 3526 1031 3573 conditione
1045 3527 1105 3575 l’atto
1119 3531 1152 3577 drf

109 3615 118 3634 ·
136 3602 271 3664 possederfoq
289 3601 333 3647 cosi
350 3599 366 3645 f'
377 3599 529 3662 acquiescente
545 3598 602 3646 defle
618 3604 704 3664 meanto,
723 3599 763 3646 che
779 3600 901 3647 costituisce
917 3601 938 3648 fa
954 3607 1054 3666 cethaee,
1073 3607 1084 3652 d
1100 3622 1153 3670 pro-

111 3691 118 3708 ·
136 3677 255 3734 priamenfa
270 3676 370 3740 prodofta
386 3675 422 3721 def
438 3691 490 3723 rere
506 3676 546 3722 cho
562 3693 575 3722 a
591 3677 627 3722 noi
642 3677 763 3742 apparisce,
775 3682 917 3740 quantunque
927 3677 954 3724 acl
965 3683 1061 3728 otfunerc
1071 3684 1090 3726 si
1100 3683 1154 3728 tarta

111 3764 119 3785 a
137 3754 272 3812 apparitione
288 3753 307 3798 oi
322 3751 414 3798 ricerchi
430 3751 492 3798 l'rtto
508 3752 565 3799 deff·
580 3751 658 3800 facolth
674 3753 820 3815 conoscitira3
832 3769 876 3802 nou
887 3755 999 3816 potendosi
1015 3749 1154 3802 manifestare

112 3839 120 3859 ¹
138 3838 161 3869 Μ
176 3843 218 3874 non
235 3830 268 3874 eid
284 3828 324 3874 che
340 3830 352 3872 d
367 3833 475 3889 presente.
491 3848 500 3871 ι
519 3820 613 3875 &tiara
629 3831 756 3877 mflohtcf
772 3831 819 3878 Sec.
838 3830 910 3896 Serio,
928 3831 971 3880 rol.
988 3833 1029 3895 111,
1045 3847 1094 3896 paq.
1112 3829 1151 3873 601

109 3897 276 3953 Deff'eotdeaza
291 3903 446 3954 individuale.
