2767 4492
610 199 740 252 ormesta
1152 188 1202 255 171·

156 288 322 372 linctionem
336 293 462 366 exquirit
481 287 555 352 inter
574 292 749 366 obligantem
763 291 792 348 el
805 284 981 366 obligatum,
997 287 1198 350 1111111111-

154 375 296 449 perierem
321 383 349 435 et
369 377 523 436 subditum.
550 378 631 450 Atqui
648 376 721 436 ratio
735 375 860 434 hominis
874 377 910 436 ab
934 378 997 452 ipso
1010 377 1127 448 homine
1140 391 1199 436 non

155 461 356 536 distinguitur,
384 479 522 523 cumnon
543 463 580 522 sil
599 462 654 523 nisi
670 462 732 522 eius
755 461 898 534 facultas5
922 462 1012 522 mullo
1036 469 1131 522 autem
1145 462 1199 522 mi-

153 561 209 606 nus
228 547 401 608 mueldorari
422 555 514 622 potest
533 554 678 621 tamquam
698 546 828 620 superior
849 554 983 620 respectu
1000 548 1100 623 illius,
1132 563 1199 606 cum

154 632 274 692 facultas
288 649 345 694 uon
361 633 467 693 sitnisi
483 634 561 692 uelut
574 633 798 691 instrumentum
816 631 936 692 subiecti
958 633 995 690 ad
1016 633 1092 706 quod
1115 633 1200 707 perti-

91 765 93 768 .
153 724 211 778 net.
227 719 299 793 Ergo
311 720 340 778 iu
358 720 500 780 1111111111
514 718 756 778 rationalieterum
771 716 886 776 animus
896 717 1039 776 humanus
1058 719 1136 776 omni
1151 718 1201 777 oli

153 803 286 876 ligatione
301 805 361 864 veri
376 803 502 864 nominis
516 804 691 875 solveretur,
709 818 743 860 ac
761 802 881 876 proinde
896 800 1072 862 incredibilis
1086 813 1197 876 pertur-

151 889 229 950 batio
244 890 374 950 ordinem
390 891 528 950 moralem
542 895 570 948 et
585 889 740 947 iuridicum
758 887 915 946 invaderet.
1064 898 1072 908 ·

205 977 284 1036 ilatio
302 976 332 1034 in
347 975 430 1034 nobis
444 973 618 1049 principium
633 979 676 1032 est
690 969 874 1046 obligationis
892 989 951 1032 non
974 970 1134 1047 gignendae
1149 973 1200 1032 sed
1285 1016 1287 1023 .

152 1061 380 1135 cognoscendae3
398 1065 482 1133 atque
495 1059 559 1118 ideo
570 1075 628 1118 non
644 1057 726 1117 aliter
740 1057 845 1131 inspici
860 1064 960 1132 potest,
976 1059 1033 1116 nisi
1049 1064 1195 1131 amquam

151 1161 254 1222 praeco
268 1147 317 1219 qui
331 1146 447 1206 nomine
461 1145 589 1204 Auctoris
604 1151 723 1204 naturae
737 1143 878 1217 loquatur,
896 1149 924 1202 et
933 1159 986 1217 per
999 1159 1085 1218 quem
1094 1144 1197 1202 Auctor

150 1239 270 1290 naturae
281 1245 332 1288 sua
347 1230 426 1289 iussu
434 1231 606 1289 manifestet.

203 1317 237 1374 lt
250 1315 377 1388 inquies:
395 1314 420 1374 si
434 1315 569 1387 deesset,
586 1319 652 1375 tunc
667 1314 698 1374 ln
713 1313 840 1389 quolibet
852 1315 958 1376 iudicio
972 1311 1098 1390 practico
1111 1313 1194 1373 ratio

148 1399 196 1458 nis
212 1400 394 1472 cogitandum
408 1399 526 1459 essetde
542 1399 615 1474 lleo;
633 1400 826 1474 quodfalsum
838 1407 890 1460 est.
907 1401 977 1462 llam
987 1401 1089 1460 saltem
1099 1415 1193 1474 saepe,

150 1499 216 1544 cum
232 1484 297 1542 talia
310 1483 417 1543 iudicia
433 1485 612 1558 proterimus,
629 1485 664 1543 de
679 1485 736 1544 Deo
751 1485 870 1544 minime
886 1487 1053 1561 cogitamus.

204 1571 285 1645 Resp.
317 1569 376 1628 11111
397 1586 449 1629 nos
468 1571 638 1644 quandoque
658 1571 688 1630 in
712 1571 851 1630 eiusmodi
873 1571 1056 1631 enormanois
1077 1569 1191 1630 iudiciis

148 1670 206 1715 non
221 1655 378 1729 cogitemus
401 1655 534 1729 explicite
553 1661 581 1714 et
604 1655 737 1714 distincte
751 1656 786 1714 de
808 1655 883 1728 Deo,
908 1672 1021 1730 semper
1036 1661 1132 1715 tamen
1146 1671 1194 1716 co·

148 1741 271 1814 gitamus
286 1739 423 1812 implicite
438 1745 466 1799 et
481 1741 607 1799 contuse.
625 1740 742 1814 Semper
760 1741 840 1814 enirn
853 1741 884 1799 in
898 1741 956 1800 illis
971 1740 1125 1802 involvitur
1141 1741 1191 1800 ob·

148 1840 247 1885 scurus
272 1825 372 1884 saltem
397 1831 425 1883 et
447 1825 631 1895 indistinctus
651 1831 806 1899 conceptus
828 1824 950 1884 alicuius
972 1826 1099 1886 occultae
1119 1832 1195 1900 pote

148 1911 243 1982 stalis,
260 1926 333 1984 quau
347 1910 430 1968 nobis
448 1910 588 1984 imperet,
616 1927 746 1985 quaeque
765 1911 904 1970 obiective
920 1911 1048 1985 inspecta
1072 1916 1101 1970 et
1115 1911 1147 1970 in
1162 1927 1194 1970 se

147 2012 205 2056 non
222 2002 265 2055 est
287 1995 364 2055 aliud
384 1996 440 2056 nisi
463 1996 538 2054 Deus
556 2016 563 2069 3
587 1997 655 2056 licet
675 1997 707 2055 id
727 1997 799 2055 forte
819 2012 873 2055 nos
895 1996 1048 2070 aliquando
1072 2002 1192 2055 coactu

146 2097 203 2140 non
228 2082 417 2140 advertamus.
445 2081 965 2154 111111111ὓεί11111111111111111111
990 2081 1105 2140 nodone
1126 2097 1193 2154 sup·

28 2187 33 2195 ·
147 2167 256 2240 posita,
283 2181 350 2224 oum
363 2180 415 2224 nos
430 2165 571 2226 eiusmodi
594 2166 719 2240 practica
738 2165 913 2239 dic-lamina,
938 2182 1012 2240 quae
1027 2166 1063 2226 ad
1081 2165 1191 2224 bonum

142 2250 299 2323 impellunt
323 2256 440 2324 atquea
460 2250 559 2309 fraude
574 2251 737 2324 deterrent,
757 2249 858 2310 intime
878 2251 1028 2310 audiamus
1045 2258 1191 2325 mmquam

146 2335 253 2409 aliquid
268 2341 399 2394 enatura
424 2341 520 2395 nostra
536 2335 669 2394 rationali
691 2335 853 2394 necessario
875 2335 1038 2410 pullulans3
1065 2337 1190 2410 proiecto

145 2420 330 2494 intelligimus
356 2420 445 2480 elirun
469 2426 614 2480 auctorem
629 2421 678 2480 illa
692 2420 800 2480 habere
814 2437 873 2479 non
887 2435 970 2493 posse
989 2420 1047 2478 nisi
1062 2435 1147 2493 eum,
1173 2435 1191 2478 a

140 2521 201 2580 quo
215 2512 317 2566 natura
341 2507 404 2582 ipss
427 2507 554 2581 procedit
573 2511 601 2565 el
624 2505 809 2580 gubernetur.
830 2506 857 2564 11
875 2505 953 2563 enim
974 2504 1123 2562 dumtaxat
1146 2503 1190 2562 in-

133 2591 256 2652 lluxum
270 2607 404 2652 exercere
420 2598 509 2667 potest
518 2592 549 2651 in
559 2591 788 2652 constitutionem
798 2591 892 2664 ipsam
901 2588 1061 2648 naturalem
1073 2586 1192 2647 rationis

144 2681 267 2751 nostrae,
284 2677 367 2751 eique
382 2692 511 2736 normam
522 2677 659 2750 operandi
674 2675 878 2750 praescribere.
899 2674 990 2739 Quam
1003 2671 1189 2730 1111111111-

145 2766 202 2818 tem
216 2762 393 2834 experientia
414 2778 527 2836 quoque
541 2763 700 2820 confirmat.
716 2761 788 2820 llam
802 2758 923 2832 quisque
943 2757 1041 2831 (modo
1055 2771 1073 2814 a
1086 2762 1189 2816 natura

144 2843 281 2916 ducatur,
299 2860 419 2917 eamque
439 2861 523 2914 prava
539 2844 815 2902 consuetudinarios
830 2842 945 2916 penitus
966 2841 1185 2914 deturpaverit),

143 2929 167 2988 si
184 2929 254 2988 torte
268 2927 377 2986 crimen
394 2935 546 3001 utcumque
557 2927 701 2986 occultum
715 2934 800 3001 atque
815 2930 910 2986 animo
924 2925 1072 2985 internum
1085 2925 1188 2985 admit-

145 3013 185 3086 tit,
198 3027 301 3087 psvore
316 3013 439 3086 quodam
457 3014 562 3072 invitus
576 3012 700 3072 allicitur
719 3013 846 3072 cofirma
864 3011 1047 3088 persuasione
1062 3010 1185 3088 11111111

103 3129 105 3132 -
142 3113 174 3156 11
190 3113 243 3156 non
260 3100 377 3172 impune
392 3099 420 3158 id
440 3101 571 3158 laturum.
1215 3094 1220 3100 ’

178 3183 223 3242 la.
241 3183 310 3242 lliuc
325 3185 453 3258 sequitur
469 3195 615 3258 peccatum
630 3184 858 3262 philosophicum
874 3188 899 3261 l,
916 3185 1104 3260 quadrimi,
1120 3199 1185 3260 pos·

137 3269 224 3330 sibile
241 3269 323 3344 plane
336 3285 395 3330 non
409 3287 480 3330 esse.
497 3273 567 3333 llam
584 3273 727 3334 diommen
745 3271 865 3330 rationis
886 3272 976 3330 solam
995 3271 1186 3332 moralitatem

138 3353 284 3415 actionum
301 3355 384 3415 nobis
399 3357 546 3430 aperiens,
574 3358 627 3418 etsi
641 3357 833 3420 abstractione
846 3357 970 3432 mentis,
996 3363 1028 3416 ut
1041 3355 1181 3428 lecimus,

182 3553 195 3603 1
214 3555 328 3604 Peccatum
342 3551 516 3622 phllosephieum
532 3557 652 3624 appellent,
664 3559 772 3607 ardonem
787 3571 830 3622 qna
846 3555 896 3621 qais
912 3563 1013 3622 operetur
1026 3562 1102 3604 centn
1118 3555 1185 3604 11111-

135 3643 186 3680 men
200 3633 306 3700 redonis,
323 3635 381 3698 qnod
397 3635 505 3682 obiectum
520 3636 643 3684 manifestet
656 3643 768 3699 tamqnam
782 3635 1006 3698 1111111111111111111,
1024 3635 1078 3698 goin
1094 3633 1122 3680 de
1135 3634 1183 3678 Deo

135 3709 224 3771 eiusque
236 3711 284 3773 legs
297 3711 416 3775 quidquam
431 3713 522 3775 cogilst3
539 3728 564 3760 ae
580 3713 681 3778 proinde,
697 3713 749 3760 licet
762 3717 862 3760 naturam
875 3710 955 3775 laedat,
968 3711 1008 3759 uei
1023 3715 1095 3759 tamen
1110 3709 1178 3756 ellen-

135 3797 182 3832 1111
196 3799 242 3834 non
256 3786 361 3836 incurrat.
