2767 4492
510 299 757 347 aanouronoem
1111 290 1160 349 tae

108 391 265 460 ponuntur,
282 387 352 460 quin
366 399 384 443 a
397 383 495 444 dirim
511 385 659 444 inmdectu
673 389 723 443 aut
737 385 862 445 essentia
876 385 1001 459 pendere
1015 383 1157 446 dicmur.

108 473 184 545 Ergo
197 471 274 530 idem
287 470 446 544 putandum
460 469 515 529 erit
528 471 564 529 de
577 469 774 544 possibilibus.
826 499 828 506 ι

146 558 230 630 llesp.
249 556 399 616 tremeat.
412 557 479 614 Act.
493 556 570 630 Ncpo
582 556 667 615 Gonu.
683 561 713 613 et
724 557 896 630 paritatem.
908 558 1010 632 llispar
1024 556 1107 616 valde
1117 565 1160 618 est

110 642 185 701 ratio
199 655 266 700 cum
279 642 315 700 de
332 641 437 700 tutans
450 641 593 708 eiusmodi
606 655 642 698 ac
655 639 692 699 de
713 640 899 712 possibilibus
920 642 1158 702 sermocinamur.

110 727 162 786 llla
182 727 276 800 anim,
298 731 395 800 utpote
412 741 486 800 qnae
503 725 635 800 proxime
652 723 821 784 relationem
839 725 966 786 habeant
984 727 1020 784 ad
1038 727 1160 786 liberam

109 811 381 871 determinationem
393 810 549 869 uoluntatis
562 813 685 882 creatae,
698 823 736 866 ex
746 823 803 881 qua
811 811 951 885 pendent,
964 812 1097 886 cognosci
1111 811 1161 870 ati·

110 899 156 954 ter
169 901 331 970 nequeunt,
348 894 405 954 nisi
424 895 456 954 in
476 894 581 953 actuali
602 893 732 953 eiusdem
751 891 1000 969 determinatione,
1018 911 1069 954 seu
1084 895 1115 954 in
1129 911 1160 955 se

108 979 183 1054 ipsis
195 979 249 1039 sub
263 980 424 1040 conditione
438 979 552 1052 intruis,
568 985 602 1038 ut
615 993 667 1038 euo
680 977 743 1036 loco
759 977 880 1036 dioemr.
896 980 929 1038 tt
945 979 1095 1054 possibilia
1114 995 1160 1038 or·

107 1064 210 1124 dinem
222 1079 282 1124 non
298 1065 463 1137 inuoluunt,
478 1065 537 1123 nisi
551 1063 588 1122 ad
605 1063 734 1122 divinam
753 1063 920 1136 essentiam,
937 1079 954 1122 a
972 1080 1030 1138 qua
1048 1079 1102 1123 ceu
1124 1065 1160 1122 ab

91 1144 272 1224 ‘exemplari
285 1163 420 1223 supremo
437 1149 632 1220 continentur,
648 1152 734 1221 atque
749 1146 814 1204 ideo
829 1153 894 1206 ante
908 1148 1039 1208 divinum
1052 1149 1161 1208 intelle·

106 1241 191 1292 ctum
204 1235 260 1292 boc
271 1234 359 1292 modo
374 1238 485 1292 tantum
498 1231 683 1305 praecedunt,
697 1231 938 1304 quemadmodum
952 1233 1022 1292 satis
1037 1235 1161 1292 luculen-

107 1321 156 1376 ter
171 1317 389 1389 explicavimus.
406 1315 562 1373 transmisi
577 1319 673 1372 autsm
688 1314 855 1371 antecedens
870 1315 1025 1387 quianam
1043 1317 1162 1390 possibi-

105 1401 169 1471 lia,
187 1414 221 1456 ac
234 1399 355 1472 proinde
368 1399 432 1470 ipsa
450 1397 574 1456 essentia
588 1401 617 1455 et
628 1397 673 1456 vis
687 1397 778 1456 libera
799 1405 947 1456 creaturae
965 1400 1113 1457 rationalis
1127 1401 1164 1458 sit

105 1482 284 1556 imperfecta
293 1481 436 1556 quaedam
445 1481 566 1540 imitatio
580 1485 701 1540 namrae
710 1481 839 1554 divinae,
851 1496 885 1540 ea
895 1482 1001 1554 omnia,
1014 1497 1087 1554 quae
1097 1482 1164 1540 inde

105 1566 282 1644 procedunt,
293 1571 402 1628 remote
416 1567 518 1626 saltem
526 1566 559 1625 in
567 1572 701 1626 nonnam
715 1566 809 1640 ipsam
818 1567 946 1626 divinam
960 1567 1161 1626 retunduntur.

527 1737 698 1796 laureanus
717 1737 749 1796 ll.

436 1907 475 1966 m
488 1908 612 1967 assentio
626 1915 653 1967 et
667 1909 832 1968 ecbteotto.

149 2081 194 2139 m.
215 2079 247 2138 ln
263 2080 352 2138 rebus
370 2079 562 2137 existentibus
579 2080 824 2153 contemplandis,
845 2095 918 2154 quae
937 2085 986 2139 aut
1009 2095 1094 2140 seusu
1115 2088 1164 2141 aut

112 2159 290 2219 conscientia
310 2161 360 2217 aut
376 2158 487 2217 ratione
503 2157 694 2232 pertingimus
710 2161 739 2232 t,
760 2159 816 2217 duo
835 2160 1010 2219 considerari
1028 2167 1162 2234 possunt:

109 2245 265 2303 existentia
279 2250 329 2302 aut
342 2243 475 2302 essentia.
487 2243 624 2301 Velenim
638 2243 797 2316 cogitamus
811 2259 846 2302 ea
860 2249 944 2319 prout
957 2245 1073 2317 suntid,
1089 2245 1165 2318 quod

112 2334 183 2388 suut
198 2334 226 2387 et
241 2344 299 2386 non
314 2328 406 2402 aliud,
422 2329 467 2386 vel
482 2333 567 2402 prout
580 2332 663 2386 anua
684 2329 884 2401 cogitationem
904 2334 968 2388 actu
988 2335 1056 2388 sunt
1074 2329 1106 2386 in
1122 2345 1164 2388 se·
1261 2335 1265 2340 '

110 2414 195 2487 ipsis.
212 2412 241 2471 Si
255 2413 309 2471 hoc
331 2413 490 2472 secuudum
508 2413 665 2486 cogitamus
690 2413 859 2473 existentiae
875 2414 1020 2473 notionem
1039 2413 1164 2486 concipi-

110 2513 195 2570 mus,
212 2513 286 2571 quae
300 2497 353 2556 etei
367 2497 542 2556 delinitionis
564 2513 623 2556 non
646 2497 760 2571 indiga,
786 2498 909 2557 describi
934 2503 1031 2558 umen
1054 2502 1162 2571 potest:

112 2582 263 2642 actualitas
277 2598 333 2656 qua
342 2597 389 2640 res
398 2582 430 2641 in
443 2599 475 2642 ee
490 2589 573 2641 extra
586 2587 723 2656 monem,
733 2597 784 2642 seu
794 2583 824 2641 in
839 2583 938 2643 ordino
952 2582 1023 2641 reali
1038 2581 1158 2641 sistitur.

113 2668 166 2726 Sin
175 2681 242 2725 uero
257 2671 420 2740 spectamus
433 2667 569 2741 primum,
585 2667 726 2726 essentiae
736 2673 906 2742 conceptum
921 2667 1077 2741 babemus,
1091 2683 1165 2741 quac

112 2752 193 2812 aliud
208 2767 267 2810 non
280 2757 324 2810 est
337 2753 503 2826 quidquam,
515 2752 571 2810 nisi
586 2752 617 2809 id
630 2767 687 2824 quo
704 2752 811 2824 aliquid
822 2753 903 2810 estid
917 2753 994 2824 qulod
1008 2753 1165 2818 estonam

112 2853 132 2895 a
149 2836 176 2894 S.
193 2835 299 2895 'lhoma
313 2835 448 2909 appellari
469 2834 553 2893 solet:
570 2835 650 2908 quod
664 2835 740 2906 quid
754 2841 807 2900 est,
825 2839 875 2890 ant
893 2835 980 2890 etlam
999 2833 1163 2904 quiddttos.

112 2920 195 2989 Quod
209 2919 234 2977 si
248 2919 407 2990 longiorem
420 2919 483 2975 eius
497 2918 720 2975 declarationem
734 2916 824 2987 cupis,
842 2915 996 2973 essentiam
1008 2915 1087 2975 dicos
1102 2931 1165 2974 esse

110 3004 145 3064 id
160 3003 237 3076 quod
250 3001 291 3058 ita
304 3001 348 3056 roi
361 3001 500 3070 cuiusque
514 3004 558 3055 est
571 2997 729 3071 proprium,
741 3001 774 3053 ut
788 3011 852 3054 eam
867 2997 954 3055 iaciat
968 3013 1031 3056 esse
1041 2997 1071 3055 id
1086 2999 1164 3071 quod

110 3093 160 3148 est
173 3091 203 3143 ct
217 3099 275 3141 non
290 3080 381 3152 aliud,
399 3095 432 3138 ac
447 3079 510 3137 sine
528 3095 584 3152 quo
602 3095 648 3137 res
666 3093 719 3136 nec
743 3084 908 3140 ermionae
930 3081 1042 3155 concipi
1061 3087 1163 3156 potest.

151 3169 197 3228 27.
215 3165 359 3226 decentiae
372 3165 429 3224 dici
443 3165 537 3223 solent
549 3179 613 3224 esee
628 3164 839 3238 immutabitur,
856 3165 1058 3234 indivisibiter,
1075 3174 1165 3225 acter-

113 3269 182 3314 uoe.
199 3251 393 3311 Immutabilcs
408 3250 539 3323 quidem,
555 3249 623 3324 quia
637 3248 669 3307 in
683 3251 883 3310 conuenientia
894 3257 1044 3324 notarum,
1062 3252 1166 3324 quibus

116 3343 261 3409 constant,
280 3335 321 3394 sic
336 3340 411 3408 sunt,
426 3340 458 3393 ut
477 3334 633 3394 aliteresse
648 3336 843 3410 nonpossint,
861 3337 931 3410 quin
949 3337 1166 3396 contradictoria

117 3425 336 3496 consequantur.
350 3421 395 3480 Sic
406 3420 580 3492 triangulum
590 3420 658 3494 etsi,
669 3427 753 3494 pmut
762 3421 793 3480 in
808 3421 857 3480 tali
867 3421 988 3482 materia
999 3426 1027 3479 et
1038 3421 1165 3480 subiecto

118 3515 177 3582 est,
194 3507 300 3571 mutari
309 3505 399 3581 possit
414 3507 568 3579 (quatenus
578 3507 689 3566 actione
705 3506 852 3566 cuiusdam
869 3505 979 3580 agentis
989 3505 1163 3580 destruatur,

119 3593 233 3666 aliaque
242 3592 334 3664 figura
343 3593 405 3651 eius
418 3590 480 3650 loco
491 3591 647 3665 succedat),
664 3595 760 3651 tamen
774 3592 805 3652 iu
819 3607 870 3652 suo
880 3595 1019 3666 conceptu
1035 3596 1063 3650 et
1076 3591 1107 3651 in
1116 3607 1165 3654 no·

169 3777 180 3822 l
201 3779 270 3824 Senon
290 3777 378 3840 qnidam
399 3792 504 3840 corpora3
516 3778 649 3824 consolantia
670 3791 711 3824 nos
727 3783 854 3841 nostrasque
871 3775 997 3828 absolones
1019 3777 1166 3843 percipimns5

129 3852 213 3901 meiana
226 3869 278 3901 raro
293 3869 328 3901 res
345 3853 403 3916 illas,
420 3869 476 3916 quaa
492 3851 677 3902 demonstratione
691 3852 823 3902 inferantur.
