2767 4492
225 247 259 308 72
553 259 943 306 narsrnusrounsrncmcrs

222 350 255 406 ut
273 344 392 404 interius
410 342 581 418 ridebimus,
598 344 667 403 satis
681 343 877 417 persuadetur.
895 343 949 402 Sed
963 357 1035 416 opus
1048 355 1108 402 non
1117 345 1162 402 est
1174 344 1207 403 in
1220 345 1277 405 hac

222 447 255 491 re
274 431 381 488 diutim
404 430 559 502 immorari3
586 429 728 502 siquidem
747 428 833 486 buius
847 427 1011 501 systematis
1024 428 1187 487 defensores
1200 430 1277 490 cultro

221 517 346 575 latentur
364 531 395 573 se
409 514 439 573 in
454 513 580 573 medium
594 529 653 572 non
668 513 770 571 afferre
780 513 836 571 nisi
845 528 880 570 ea
889 527 1039 586 corporum
1048 512 1191 572 elementa
1201 529 1277 588 quae

223 600 344 675 physica
360 605 470 658 tanturn
485 598 595 670 auatpst
611 597 711 656 baberi
724 603 854 670 possunt3
865 597 1044 656 subtiliorem
1058 612 1126 656 uero
1134 599 1277 659 essentiae

221 701 373 759 corporeae
388 683 613 756 vestigationem,
630 697 703 756 quae
718 698 778 740 uon
791 682 880 742 oculis
895 682 946 740 sed
959 690 1055 741 mente
1070 682 1227 757 perficitor,
1240 701 1272 743 se

228 771 344 832 omnino
358 767 560 842 metaphysicis
574 767 809 842 praetermittere.

260 855 292 912 lit
307 869 384 926 saue,
410 852 527 911 nisibis
542 853 671 910 tenniuis
686 868 717 910 se
731 853 918 924 continerent,
936 853 990 911 tria
1013 858 1181 926 argumenta
1198 869 1272 926 quae

222 939 378 1014 proterunt,
394 937 467 996 nibil
481 937 653 1010 evincerent.
670 938 741 996 Nam
755 953 822 995 cum
836 938 989 996 observant
1012 952 1155 996 summam
1169 939 1273 1011 ponde

223 1039 298 1098 rum,
316 1039 389 1097 quae
405 1024 435 1082 in
446 1022 624 1096 simplicibus
639 1028 730 1094 arant,
747 1023 777 1080 in
792 1037 908 1096 corpore
923 1023 1018 1092 misto,
1030 1022 1182 1095 quedinde
1191 1022 1273 1083 ellor-

220 1115 324 1181 matur,
344 1122 520 1182 permanere,
538 1107 568 1164 id
582 1107 699 1180 quidem
713 1106 837 1165 ostendit
845 1108 976 1166 eamdem
989 1106 1140 1165 materiam
1149 1122 1267 1166 cumea·

224 1195 289 1253 dem
304 1193 461 1266 mandate
477 1205 634 1265 superesse,
651 1191 702 1249 sed
716 1191 1017 1249 minimeerincitnon
1029 1191 1187 1264 permutari
1195 1191 1273 1264 prin·

213 1277 332 1352 ,alpium
345 1277 424 1336 aliud
437 1292 495 1334 non
510 1276 701 1348 ponderosum
715 1275 790 1348 quod
805 1274 841 1332 ad
857 1275 1086 1334 constitutionem
1099 1275 1273 1349 simplicium

219 1362 333 1422 illorum
348 1364 419 1421 torte
433 1361 583 1434 pertineat·
597 1359 724 1433 itemque
738 1375 798 1418 non
812 1359 913 1433 probat
926 1359 1081 1418 molooniae
1103 1359 1189 1433 ipsas,
1210 1361 1272 1434 qui·

220 1447 274 1506 bns
293 1446 435 1520 simplicia
444 1461 562 1518 corpora
582 1445 753 1517 coalescunt,
769 1459 828 1503 non
841 1460 904 1502 esse
917 1445 1097 1516 compositas.
1109 1443 1188 1511 Quod
1202 1459 1269 1504 vero

220 1537 345 1606 systema
361 1531 440 1602 illud,
457 1530 537 1588 nulla
551 1529 607 1587 alia
628 1529 821 1604 suppositione
836 1529 919 1601 iacta,
936 1529 1062 1602 explicet
1075 1528 1274 1602 phaenomena

218 1618 301 1692 plene
316 1621 345 1674 et
360 1615 516 1688 adaequate
530 1615 561 1672 in
575 1612 697 1672 dubium
710 1614 807 1672 uocari
821 1618 926 1686 posset,
944 1614 995 1671 sed
1009 1611 1122 1670 etiamsi
1135 1613 1273 1672 conceda·

220 1707 274 1774 tur,
292 1705 387 1758 tamen
402 1714 461 1757 non
476 1698 593 1756 omnino
608 1697 746 1756 satisfacit
760 1713 798 1756 ex
807 1712 841 1756 eo
852 1698 928 1771 quod
939 1697 1169 1756 constitutionem
1175 1698 1273 1772 prinri·

219 1784 307 1844 tiuam
322 1797 472 1856 corporum
486 1797 545 1841 non
559 1782 627 1840 satis
642 1781 774 1855 explicet
791 1797 858 1840 cum
872 1797 986 1856 semper
1010 1782 1130 1842 ulterius
1148 1783 1274 1842 dubitari

220 1869 309 1944 possit
323 1883 360 1926 an
375 1867 454 1941 ipsae
469 1867 635 1940 molooniae,
649 1867 685 1926 ad
700 1883 772 1941 quas
781 1867 883 1926 ultimo
893 1867 1057 1940 deveniunt,
1071 1867 1274 1942 sintcomposi·

221 1959 276 2010 tae.
300 1951 426 2025 Denique
445 1951 563 2010 effatum
581 1951 662 2010 illud:
682 1952 718 2010 iu
739 1951 826 2010 rados
840 1951 969 2026 physicis
984 1952 1178 2026 eaperiectioe
1191 1960 1273 2012 stoa-

218 2038 293 2096 dttm
308 2045 357 2110 ast,
375 2035 556 2095 distinctione
570 2035 687 2108 indiget.
705 2037 777 2096 Nam
786 2037 811 2094 si
820 2035 990 2109 intelligitur
999 2037 1074 2110 quod
1083 2036 1158 2095 nilril
1166 2036 1269 2096 admit·
1378 2030 1379 2035 ’

219 2122 241 2180 ti
255 2123 348 2190 debet,
365 2120 421 2180 nisi
435 2121 464 2180 id
479 2121 554 2195 qnod
578 2121 776 2194 experimenta
791 2120 981 2194 suppeditant,
998 2121 1103 2181 falsum
1116 2127 1169 2194 est3
1186 2137 1273 2196 expe

216 2208 340 2267 rimenta
354 2206 431 2265 eninr
447 2221 536 2280 usone
553 2206 589 2265 ad
604 2206 741 2266 essentias
755 2221 853 2265 rerum
867 2220 926 2265 non
940 2221 970 2264 se
984 2206 1143 2279 porrigunt.
1156 2207 1206 2264 Sin
1220 2223 1273 2266 au·

218 2297 278 2352 tem
302 2291 470 2365 intelligitur
484 2291 561 2364 quod
574 2290 724 2350 ratiocinia
747 2305 822 2362 quae
847 2290 972 2349 teximus
986 2290 1102 2349 fundari
1116 2290 1222 2351 debent
1242 2291 1275 2350 in

220 2377 390 2437 veritatibus
405 2375 600 2448 experimento
615 2375 749 2447 collectis,
758 2373 824 2433 licet
832 2374 973 2433 illationes
980 2375 1136 2448 praebeant
1149 2391 1223 2449 qnae
1232 2392 1274 2434 so

222 2462 251 2520 la
260 2467 355 2520 mente
365 2461 526 2534 capiuntur,
537 2473 638 2518 verum
651 2459 721 2518 dicit
734 2465 784 2517 sed
798 2459 949 2518 nobiscum
962 2475 1144 2533 nequaquam
1153 2466 1270 2534 pugnat.

256 2547 299 2604 33.
329 2546 434 2604 Eadem
458 2544 516 2600 tere
541 2543 678 2616 applicari
702 2548 818 2617 possent
839 2544 985 2617 systemati
1007 2550 1175 2617 atomorum3
1197 2545 1274 2618 quod

219 2635 368 2706 praeterea
388 2628 500 2686 duobus
515 2633 631 2700 urgetur
645 2627 843 2686 incommodis.
858 2628 1046 2702 Primumest,
1062 2629 1138 2703 quod
1151 2628 1274 2702 gratuito

222 2723 250 2774 ot
268 2713 330 2772 sine
347 2712 404 2770 ulla
418 2712 526 2772 ratione
541 2713 662 2771 diversis
677 2712 777 2785 liguris
791 2713 878 2772 donat
886 2719 1003 2787 atomos;
1016 2715 1182 2786 secundum,
1194 2713 1274 2786 qnod

218 2815 270 2874 per
285 2811 395 2856 meram
409 2795 534 2868 partium
549 2801 692 2855 texturam
708 2801 737 2856 et
745 2797 960 2871 dispositionem
969 2799 1095 2873 explicat
1103 2799 1272 2857 uarietatem

217 2899 285 2942 uere
300 2881 462 2940 mirabilem
477 2881 701 2940 substantiarum
711 2897 922 2956 corporearum.
939 2885 1018 2952 Quod
1032 2883 1129 2944 sensui
1146 2887 1269 2941 naturae

217 2967 363 3028 communi
378 2965 522 3024 aduersari
537 2965 657 3024 videtur.
670 2965 739 3033 Quis
748 2966 827 3026 eninr
836 2968 892 3027 sibi
906 2969 991 3028 facile
998 2967 1181 3042 persuadebit
1189 2966 1273 3041 plan-

216 3057 275 3112 tam
290 3066 337 3110 ex.
353 3065 395 3122 gr.
411 3065 483 3123 uuae
498 3051 709 3122 operationibus
723 3052 794 3111 adeo
808 3053 1020 3126 praestantibus
1028 3053 1133 3126 gaudet
1144 3067 1204 3112 non
1217 3051 1275 3110 dit-

216 3139 290 3196 lerre
305 3135 341 3194 ab
357 3150 432 3208 aqua
447 3139 496 3192 aut
510 3134 603 3208 lapide
617 3135 674 3196 nisi
688 3137 749 3196 sola
763 3137 969 3197 molecularum
990 3138 1158 3198 earumdem
1176 3137 1269 3210 dispe

113 3211 117 3222 '
216 3221 318 3280 altura?

256 3305 299 3364 3t.
328 3305 419 3373 Quare
446 3306 665 3378 praestantiores
686 3307 873 3381 metaphysici
887 3308 919 3367 iu
933 3312 1058 3383 systema
1072 3308 1183 3366 entium
1206 3305 1276 3364 sim-

215 3390 334 3464 plicium
346 3390 522 3464 propendent
535 3389 638 3463 potius3
655 3391 706 3448 sed
719 3391 773 3449 boc
788 3392 873 3450 etiam
884 3392 1068 3466 gravissimas
1081 3390 1203 3451 incurrit
1212 3389 1269 3448 dit-

219 3469 368 3528 ficultates.
379 3465 384 3470 ’
394 3470 463 3528 dant
478 3469 625 3542 inprimis
641 3470 782 3530 actionem
806 3472 929 3532 admittit
942 3474 974 3532 in
992 3473 1111 3532 dismm:
1130 3471 1277 3546 siqnidem

219 3553 297 3611 entia
311 3553 453 3628 simplicia
468 3553 575 3612 dumea
585 3554 741 3627 attrabunt,
752 3571 901 3630 nunquam
915 3558 952 3616 ad
961 3562 1124 3617 contactum
1139 3561 1277 3615 mutuum

217 3638 397 3712 perueniunt,
415 3653 497 3697 secus
512 3643 802 3711 compenetrarentru.
819 3641 895 3701 Actio
910 3647 1006 3703 autem
1024 3643 1056 3701 in
1069 3642 1191 3713 distans,
1208 3638 1277 3698 nul·

218 3717 247 3777 lo
271 3718 435 3794 interposito
460 3722 564 3796 medio,
581 3723 698 3783 omnino
712 3727 860 3798 repugnat
877 3742 946 3784 nam
960 3728 1041 3786 daret
1054 3727 1190 3786 ellectum
1209 3724 1279 3783 sine

218 3819 314 3878 causa
334 3807 563 3882 quandoquidem
577 3821 664 3872 causa
678 3807 711 3870 in
724 3809 786 3872 loeo
799 3810 851 3872 ubi
867 3826 926 3874 uon
940 3818 983 3873 est
996 3811 1115 3888 perinde
1130 3826 1161 3872 se
1182 3807 1276 3872 babet
