2767 4492
222 354 280 425 250
669 359 830 412 murata

222 458 327 537 populo
341 446 492 530 eliguntur,
504 451 566 511 eius
576 451 752 511 voluntatem
766 466 824 510 nou
835 452 1064 529 repraesentant3
1075 452 1136 512 lum
1146 446 1270 529 pallaro-

222 546 327 616 luutas‚
343 546 439 615 utpote
453 554 527 613 quae
543 537 633 596 libera
647 543 690 596 est
705 542 733 595 et
752 537 907 611 mutabitis,
928 540 1136 613 repraesentari
1155 542 1267 617 nequit3

224 636 286 691 tum
300 628 388 686 etiam
403 624 595 701 quianullum
610 622 756 701 accipiunt
770 622 988 681 determinatum
1004 625 1172 683 mandatum
1187 642 1205 685 a
1223 642 1271 701 po

223 715 301 791 pulo,
317 712 367 773 sed
382 708 546 769 facultatem
561 708 685 767 retinent
703 706 813 765 terendi
834 706 1012 783 suffragium,
1034 714 1118 785 prout
1136 709 1224 786 lubet,
1241 714 1271 771 in

221 798 325 859 futuris
339 794 601 855 deliberationibus.
618 794 673 851 Noc
692 807 759 851 vero
778 798 992 865 repraesentant
1012 795 1204 855 emolumenta
1225 814 1270 871 po-

222 883 296 959 puli3
314 882 382 956 quia
395 895 463 939 acra
479 878 669 937 emolumenta
687 876 804 951 publica
818 882 846 936 et
860 878 974 937 stabilia
994 884 1061 938 snm
1079 880 1271 941 emolumenta

220 967 357 1025 classium
367 970 395 1023 et
409 963 605 1022 conditionum
620 962 809 1034 diversarum,
826 978 883 1021 uon
900 962 1113 1023 individuorum
1129 973 1268 1041 separata-

220 1068 296 1112 rum.
312 1052 419 1110 Horum
435 1049 513 1108 enim
528 1048 663 1106 utilitates
677 1048 781 1120 iugiter
796 1048 900 1107 alsine
916 1049 973 1107 line
984 1050 1141 1123 varientur,
1154 1066 1207 1109 nec
1217 1068 1269 1111 un·

221 1152 308 1213 quana
330 1136 365 1194 ad
386 1134 525 1192 unitatem
544 1132 642 1190 reduci
663 1136 790 1205 possunt.
808 1132 841 1189 lt
854 1146 920 1191 vero
935 1132 1066 1208 Deputati
1081 1149 1138 1193 nou
1152 1136 1268 1195 nomine

222 1221 358 1281 classium
373 1228 402 1277 et
416 1217 620 1289 conditionum,
637 1216 687 1275 sed
701 1215 760 1275 solo
776 1217 891 1276 nomine
906 1217 1117 1277 individuorum
1139 1235 1269 1295 segrega·

223 1313 316 1367 torum
331 1305 367 1364 ad
380 1302 495 1365 aomina
509 1301 670 1361 mittuntur.
688 1300 760 1375 Ergo
774 1301 893 1360 indicna
914 1308 1022 1361 tantum
1043 1312 1267 1381 repraesentant,

222 1392 311 1451 immo
324 1388 536 1449 individuorum
550 1393 670 1462 partem,
687 1386 828 1461 siquidem
844 1402 902 1445 uon
917 1386 952 1445 ab
968 1387 1103 1447 omnibus
1114 1389 1162 1447 sed
1174 1404 1269 1463 apau-
1372 1378 1373 1389 ’

224 1477 266 1535 cis
282 1479 392 1535 tautum
402 1472 556 1547 eliguntur.

255 1563 348 1622 Unum
365 1560 591 1621 emolumentum
611 1557 761 1617 dumtaxat
781 1556 1004 1633 individuorum,
1020 1565 1105 1633 prout
1122 1559 1268 1648 individua

223 1654 299 1723 sunt,
316 1645 523 1723 repraesentari
539 1650 642 1719 posset,
658 1645 796 1703 nimirum
815 1644 883 1705 ordo
902 1646 1070 1705 moralitatis
1085 1652 1113 1705 et
1133 1648 1265 1707 iustitiae.

221 1736 280 1794 lloc
294 1734 371 1792 enim
385 1734 534 1792 dumtaxat
549 1730 603 1789 tale
618 1734 670 1802 est,
687 1735 720 1787 ut
734 1729 770 1787 ad
784 1744 885 1788 omues
900 1746 1001 1789 revera
1015 1730 1164 1803 pertineat.
1178 1733 1210 1790 lt
1220 1732 1269 1791 bo·
1372 1738 1373 1745 ’

221 1834 293 1877 uum
307 1817 448 1875 eiusmodi
461 1814 570 1874 nullam
586 1812 732 1887 publicam
741 1812 1028 1887 repraesentationem
1039 1813 1125 1873 babet
1135 1816 1166 1873 in
1178 1816 1268 1874 torma

222 1901 364 1976 puberuii,
380 1901 416 1958 de
429 1916 486 1973 qua
501 1899 656 1972 loquimur3
674 1897 816 1971 siquidem
826 1898 861 1956 ad
871 1898 900 1957 id
915 1898 991 1956 solus
1002 1899 1104 1971 clerus,
1117 1906 1199 1973 prout
1210 1916 1270 1959 cor·
1372 1922 1373 1927 ¹

223 2001 277 2059 pus
292 1982 447 2055 coustituit,
464 1982 609 2041 sufficiens
624 1997 685 2040 csse
702 1988 812 2055 possem
833 1982 880 2040 bic
899 1988 996 2041 autem
1014 1983 1055 2045 sic
1075 1983 1270 2044 consideratus

223 2084 340 2143 prorsus
354 2084 371 2127 a
386 2067 508 2126 comitiis
522 2065 578 2125 illis
593 2066 765 2125 excluditur.

254 2154 381 2211 Alterum
395 2151 577 2211 mendacium
594 2157 635 2208 cst
650 2152 878 2227 tundamentum,
895 2170 950 2228 quo
966 2153 1074 2213 nititur.
1092 2155 1161 2214 Nam
1181 2155 1271 2217 maio·

220 2243 278 2297 stas
297 2236 403 2311 populi,
419 2235 495 2293 utin
520 2235 610 2309 primo
631 2234 751 2295 articulo
769 2236 856 2297 buius
876 2237 977 2311 capitis
998 2240 1267 2315 demonstravimus,

219 2316 447 2395 figmentum'est
461 2320 564 2379 rationi
581 2326 609 2379 et
624 2321 698 2379 lacto
713 2336 885 2395 repugnans.
902 2322 934 2380 Et
949 2338 1017 2381 sane
1037 2323 1091 2397 ipsi
1111 2326 1269 2384 adversarii

218 2406 249 2465 id
262 2406 400 2480 implicite
411 2406 550 2465 latentur:
567 2406 708 2479 siquidem
724 2408 776 2465 boc
792 2422 938 2467 summum
953 2408 1117 2481 imperium.
1130 2410 1206 2483 quod
1223 2426 1272 2484 po

217 2490 285 2565 pulo
299 2490 468 2565 largiuntur,
485 2506 543 2551 non
558 2490 640 2549 alitor
655 2508 672 2549 a
686 2492 789 2565 populo
804 2492 931 2549 exerceri
946 2506 1029 2565 posse
1043 2493 1199 2565 stabiliunt,
1212 2494 1271 2552 nisi

218 2577 356 2635 electione
371 2576 583 2651 Deputatorunr,
602 2576 651 2649 qui
666 2576 692 2634 ci
708 2577 784 2649 leges
800 2576 957 2649 imponant.
975 2578 1031 2636 Hoc
1047 2593 1138 2636 unum
1149 2578 1173 2636 si
1183 2594 1271 2655 popu·
1371 2552 1372 2643 i

218 2660 263 2719 lus
279 2662 387 2734 feccrit,
404 2662 462 2719 iam
474 2660 609 2733 gratulari
619 2661 674 2718 sibi
684 2662 787 2733 poterit
796 2666 826 2718 et
835 2661 949 2719 credero
961 2676 991 2720 se
1005 2678 1104 2721 revera
1118 2678 1180 2721 esse
1191 2665 1272 2736 prin·

218 2745 321 2818 cipem.
339 2746 393 2804 Sed
407 2747 462 2804 nisi
478 2746 573 2804 ludere
588 2746 653 2819 quis
663 2745 740 2817 relit,
753 2745 831 2803 aliud
842 2746 966 2819 prolecto
976 2754 1019 2805 cst
1029 2746 1179 2821 imperare,
1192 2748 1273 2809 aliud

219 2830 370 2903 designare
386 2846 537 2905 personam
552 2846 625 2904 quae
644 2831 774 2904 imperet.
795 2832 836 2889 bn
858 2831 986 2889 dicemus
1009 2832 1181 2905 discipulum
1205 2850 1270 2893 esse

221 2914 403 2987 magistrum,
427 2916 495 2988 quia
510 2915 600 2987 potuit
618 2931 669 2988 pro
681 2914 788 2987 lubitu,
803 2914 856 2973 sibi
871 2917 1038 2989 magistrum
1049 2923 1160 2989 optare3
1172 2924 1272 2977 etser-

216 3013 285 3057 rum
300 2999 529 3072 essedominnm‚
544 2999 612 3073 quia
622 3000 761 3059 arbitratu
773 3015 824 3059 suo
837 3000 924 3059 buius
940 3001 1032 3075 potius
1047 3016 1134 3075 quam
1150 3002 1269 3062 alterius

217 3098 248 3143 sc
263 3083 369 3142 addicit
384 3083 517 3141 servitio?
965 3102 967 3107 ¹

252 3168 376 3235 tertium
385 3168 567 3226 mendacium
578 3174 621 3228 cst
632 3169 707 3243 duis,
721 3184 808 3245 quam
817 3170 1027 3245 assequendum
1041 3172 1183 3245 proponit.
1196 3172 1270 3233 nam

214 3252 388 3328 possibilitas
402 3252 518 3326 abusus,
536 3255 628 3328 qtroad
644 3260 821 3329 potestatem,
833 3256 869 3315 ab
885 3256 1049 3315 bominibus
1061 3258 1144 3316 evadi
1156 3260 1268 3332 nequit.

218 3336 252 3397 Ut
265 3338 296 3396 id
310 3337 399 3411 lieret,
416 3353 515 3397 corum
535 3339 666 3397 noluntas
684 3339 814 3399 libertate
834 3356 949 3413 prorsus
971 3341 1118 3414 spolianda
1138 3349 1222 3415 esset,
1241 3348 1272 3402 et
1370 3406 1371 3425 ἢ

217 3423 258 3483 aic
273 3438 330 3481 non
345 3423 475 3482 tronrtncs
490 3426 540 3482 scd
556 3424 665 3497 stipites
678 3424 858 3483 haberemus.
877 3426 967 3493 Quare
984 3432 1058 3484 recte
1077 3426 1171 3485 aicbat
1189 3428 1271 3487 Taci-

215 3512 275 3567 tus:
295 3508 464 3575 «Quomodo
479 3504 658 3567 sterilitatem
673 3516 723 3567 aut
738 3509 842 3568 nimios
863 3510 971 3569 imbres
986 3516 1014 3569 ct
1034 3518 1128 3571 cetera
1146 3518 1271 3573 naturae

218 3592 330 3664 «mala,
347 3593 388 3651 ita
403 3595 504 3651 lurum
520 3592 564 3651 vel
582 3594 731 3652 avaritiam
746 3593 956 3653 dominantium
973 3596 1091 3655 tolerare
1110 3596 1268 3657 debemus.

218 3698 230 3731 a
248 3675 320 3735 Vitia
335 3681 428 3751 erunt,
444 3678 534 3737 donoc
549 3678 691 3753 bomines;
709 3678 759 3737 sed
774 3693 867 3753 neque
881 3679 952 3738 baec
968 3680 1113 3755 contiuua,
1130 3680 1272 3741 etmelio-

220 3780 232 3817 ι
247 3775 314 3821 rum
326 3760 489 3822 interventu
502 3770 658 3839 pensantur
673 3765 698 3825 ⁴.
712 3763 834 3827 »Fateor
848 3764 982 3840 alpaidem
996 3771 1075 3826 recta
1084 3765 1210 3845 quadam
1221 3782 1270 3829 or·

260 3937 273 4008 p
292 3940 455 3996 naaman
468 3942 486 3993 r.
502 3942 542 4013 rv,
559 3961 580 3994 a.
595 3944 639 4004 aa
