2767 4492
796 330 947 375 rans
972 328 1243 375 urm·
1260 328 1672 376 rsrcnonocm
2172 312 2280 372 209

259 407 513 483 Denique
541 423 657 469 non
684 409 894 468 desunt
910 407 1010 480 qui
1038 407 1174 465 huic
1205 409 1497 480 systemati
1525 411 1818 482 opponunt
1847 406 1998 480 quod
2026 405 2087 464 vi
2117 406 2272 479 prin·

189 494 484 568 cipiorum,
505 494 713 568 quibus
733 497 969 565 constat,
984 491 1339 551 occasionem
1358 491 1711 564 pantheismo
1726 492 2026 565 praeberet
2057 493 2105 549 ⁴.
2131 493 2271 550 Nam
2337 523 2342 530 -

185 585 252 636 ut
279 579 539 638 omittam
569 578 938 652 proprietates
964 591 1123 635 mere
1153 575 1396 647 divinae,
1430 590 1574 647 quae
1610 576 1726 633 enti
1755 575 1838 634 illi
1875 576 1934 634 in
1967 581 2271 649 systemate

188 662 532 734 tribuuntur,
567 677 682 722 non
727 661 962 722 exclusa
1009 662 1064 718 vi
1099 659 1328 718 creandi
1349 657 1583 731 spiritus
1611 657 1923 732 humanos3
1958 666 2107 719 certe
2139 660 2272 718 talia

183 746 256 803 de
286 746 485 804 eodem
525 745 944 818 praedicantur,
980 743 1189 818 quibus
1236 742 1413 800 videri
1445 746 1633 814 posset
1662 757 1761 798 em
1793 742 1978 800 ideale
2006 743 2270 801 constitui

186 834 478 904 tamquam
507 830 721 904 aliquid
743 830 858 888 Deo
887 833 943 886 et
967 827 1183 886 mundo
1205 825 1487 900 superius,
1516 825 1666 898 quod
1695 825 1962 897 deinceps
1983 826 2039 882 in
2058 832 2272 884 utrum-

184 929 296 987 que
347 919 725 972 convertatur.
775 914 1040 971 Sumatur
1077 926 1170 969 ex.
1208 926 1294 983 gr.
1326 910 1471 968 haec
1518 908 1852 983 propositio:
1892 932 1913 959 ι
1950 909 2180 976 Quando
2215 911 2271 970 io

187 1020 208 1047 ι
251 993 480 1055 'chiamo
522 997 556 1053 l'
572 997 702 1055 idea
739 995 869 1055 dell’
892 998 1022 1054 ente
1065 993 1388 1052 universale
1436 991 1850 1058 astrattissima,
1882 1006 2000 1049 non
2042 993 2273 1052 intendo

186 1103 208 1131 ι
250 1083 390 1154 pero
421 1081 526 1138 che
555 1080 639 1138 sia
667 1078 796 1136 dall'
815 1078 1149 1152 operazione
1179 1076 1567 1135 dell'astrarre
1596 1075 1872 1148 prodotta,
1906 1091 2000 1133 ma
2028 1077 2146 1135 solo
2168 1078 2273 1136 che

185 1186 207 1214 α
249 1163 363 1221 ella
383 1164 468 1222 sia
495 1178 598 1236 per
625 1177 730 1220 sua
760 1160 965 1219 natura
996 1163 1230 1219 astratta
1258 1175 1290 1217 e
1319 1159 1503 1216 divisa
1531 1158 1607 1215 da
1635 1157 1763 1216 tutti
1783 1158 1861 1230 gli
1892 1159 2069 1217 esseri
2100 1160 2271 1219 sussi-

184 1269 206 1295 α
250 1247 422 1304 stenti
453 1248 503 1304 2.
545 1269 567 1295 n
604 1245 746 1316 Ergo
768 1245 910 1303 haec
947 1243 1076 1302 idea
1116 1243 1282 1314 entis,
1317 1258 1420 1300 seu
1447 1242 1555 1299 hoc
1584 1256 1686 1300 ens
1727 1241 1908 1300 ideale
1947 1242 2271 1317 (utrumque

175 1329 340 1385 enim
367 1328 430 1385 in
449 1331 753 1401 systemate
785 1325 1138 1384 rosminiano
1168 1325 1556 1397 confunditur)
1588 1324 1805 1397 aliquid
1825 1324 2071 1383 divisum
2100 1333 2186 1385 est
2214 1332 2272 1386 et

174 1418 507 1484 separatum
536 1412 610 1470 ab
641 1409 909 1468 omnibus
939 1409 1165 1467 entibus
1208 1408 1668 1480 subsistentibu8‚
1710 1423 1777 1467 ac
1819 1409 2056 1482 proinde
2083 1416 2204 1467 tum
2233 1428 2270 1469 a

176 1496 296 1554 Deo
326 1500 445 1554 tum
476 1511 511 1554 a
539 1494 833 1553 creaturis.
857 1495 1108 1551 Iamvcro
1128 1493 1406 1551 eiusmodi
1427 1491 1734 1566 propositio
1764 1498 2121 1566 comparetur
2134 1508 2267 1551 cum

175 1581 291 1638 hac
320 1580 457 1638 alia:
497 1604 519 1632 ι
557 1579 640 1637 Gli
670 1579 786 1636 enti
812 1578 959 1636 finiti
989 1591 1128 1635 sono
1154 1576 1190 1633 l'
1207 1582 1338 1634 ente
1365 1576 1549 1634 ideale
1578 1576 1873 1635 realizzato
1905 1576 1968 1634 in
1998 1592 2078 1634 un
2097 1576 2265 1634 modo

181 1687 203 1715 ι
249 1663 412 1722 finito
448 1678 480 1721 e
506 1662 765 1733 limitato,
801 1676 834 1719 e
864 1661 963 1720 Dio
993 1661 1190 1719 invece
1220 1661 1253 1718 e
1281 1659 1449 1718 l’ente
1482 1660 1664 1718 ideale
1693 1659 1985 1718 realizzato
2002 1660 2267 1733 pienissi-

180 1770 203 1797 «
248 1750 534 1806 mamente
567 1749 616 1804 ὅ.
656 1767 677 1795 υ
712 1745 906 1803 Nonne
936 1744 1064 1818 quis
1092 1743 1299 1802 exInde
1326 1748 1517 1816 posset
1544 1743 1755 1802 inferre
1786 1759 1887 1803 ens
1913 1744 2054 1802 illud
2084 1742 2265 1804 ideale

171 1830 719 1895 indeterminatum,
771 1828 924 1902 quod
961 1843 1065 1901 per
1107 1842 1168 1887 se
1196 1827 1545 1885 abstractum
1576 1833 1632 1885 et
1672 1833 1997 1904 separatum
2026 1843 2061 1885 a
2090 1828 2263 1887 rebus

173 1913 615 1972 subsistentibus
645 1925 769 1971 esse
799 1911 1026 1984 dicitur,
1062 1911 1501 1984 concipiendum
1530 1926 1653 1970 esse
1674 1917 1737 1970 ut
1751 1911 1965 1985 ahquid
1993 1911 2264 1985 imperso-

170 1997 305 2056 nale
333 2003 388 2055 et
406 1997 757 2067 indifferens
801 1996 954 2069 quod
975 2000 1170 2068 aptum
1200 1995 1274 2053 sit
1305 1995 1672 2056 determinari
1702 2000 1759 2054 et
1786 1996 2215 2090 personificari
2197 2012 2261 2055 1n

169 2080 285 2139 Deo
314 2086 372 2139 et
398 2081 707 2139 creaturis?
735 2080 888 2138 Idem
917 2079 1115 2138 inferri
1146 2084 1336 2151 posset
1364 2096 1440 2137 ex
1469 2080 1539 2138 iis
1569 2095 1714 2153 quae
1747 2081 1970 2153 saepius
1988 2079 2253 2153 inculcat,

169 2164 450 2221 nimirum
477 2163 668 2220 ideam
693 2163 850 2220 illam
879 2163 985 2220 sub
1008 2177 1120 2220 uno
1154 2169 1385 2235 aspectu
1415 2179 1538 2221 esse
1568 2170 1836 2234 creatam,
1869 2164 1976 2222 sub
2015 2163 2125 2221 alio
2157 2179 2257 2222 au·

171 2250 292 2304 tem
331 2245 672 2316 increatam3
718 2244 869 2317 quod
894 2260 998 2318 per
1026 2259 1088 2302 se
1129 2243 1242 2301 huc
1273 2245 1576 2303 adduceret
1611 2251 1673 2303 ut
1700 2251 1989 2305 creaturae
2020 2251 2076 2304 et
2110 2247 2256 2308 Deus

168 2343 289 2386 non
319 2325 483 2385 aliter
510 2327 932 2400 distinguantur
959 2327 1163 2398 nisi,ut
1190 2328 1300 2387 duo
1323 2329 1531 2388 diversi
1561 2336 1822 2403 aspectus
1849 2331 2104 2389 eiusdem
2133 2347 2253 2389 rea·

167 2410 367 2469 litatis,

168 2596 185 2618 ι
222 2575 507 2622 fondamento
535 2576 589 2623 ed
619 2577 848 2625 arbitraria
888 2578 1052 2626 affatto.
1086 2580 1134 2626 Io
1173 2580 1349 2642 dunque
1395 2580 1542 2626 dovrei
1585 2580 1742 2627 vedere
1783 2577 1814 2622 l'
1838 2578 1933 2622 idea
1965 2576 2011 2620 di
2049 2575 2254 2624 esistenza

166 2669 183 2690 e
222 2650 343 2696 nella
381 2652 666 2715 sensation05
700 2655 767 2699 cio
796 2654 982 2715 ripugna
1011 2653 1094 2700 alla
1123 2654 1315 2701 dotti-ina
1346 2654 1418 2700 del
1448 2655 1675 2715 Rosmini3
1709 2652 1862 2715 poiche
1893 2650 1924 2695 l’
1942 2651 2036 2697 idea
2080 2651 2124 2696 di
2167 2652 2249 2697 esi-

165 2743 183 2764 ·
222 2730 370 2771 stema
404 2742 494 2773 non
525 2727 653 2774 visne
683 2727 797 2775 dalla
829 2730 1097 2790 semazione,
1131 2745 1199 2775 ma
1235 2733 1258 2774 ὸ
1290 2746 1321 2775 α
1347 2733 1526 2789 priori.
1564 2730 1634 2773 Ma
1668 2742 1714 2772 se
1746 2727 1789 2772 la
1821 2742 1917 2772 cosa
1952 2730 1975 2772 ὲ
2005 2729 2112 2788 cosi,
2146 2744 2249 2789 quo-

164 2817 182 2839 ·
220 2805 288 2844 eta
321 2800 614 2861 applicatione
653 2802 836 2849 essendo
874 2820 962 2849 nna
1002 2806 1256 2864 operazione
1295 2803 1410 2847 dello
1450 2803 1604 2863 spirito
1645 2817 1770 2847 senza
1813 2801 1942 2847 alcun
1975 2801 2254 2846 fondamento

163 2891 181 2912 ι
220 2873 501 2934 nell’oggetto
532 2875 580 2920 in
610 2878 672 2936 se,
697 2878 721 2920 ὸ
742 2877 980 2937 impotente
1009 2891 1032 2920 a
1065 2877 1276 2936 produt-re
1306 2875 1462 2919 alcuna
1493 2876 1654 2935 realth3
1682 2875 1780 2919 tutti
1814 2874 1871 2933 gli
1902 2875 2061 2933 oggetti
2091 2876 2249 2920 riman-

160 2966 178 2987 ·
218 2961 307 3006 gon
337 2946 514 3007 dunque
546 2948 702 3008 ideali3
736 2948 987 3009 qnalnnqne
1020 2949 1154 2993 realta
1183 2949 1230 2991 in
1259 2950 1305 2991 se
1334 2948 1396 2991 mi
1426 2949 1578 3009 sugge3
1603 2948 1654 2993 ed
1688 2948 1717 2993 il
1748 2948 2050 2993 risultamento
2080 2950 2254 2997 scettico

161 3041 180 3061 ι
219 3019 297 3065 del
329 3020 571 3065 Criticismo
600 3022 625 3065 ὸ
653 3021 919 3066 inevitabile.
961 3042 978 3063 ι
1018 3023 1071 3065 Et
1099 3021 1228 3081 paulo
1259 3020 1468 3066 inferius:
1511 3042 1527 3062 ι
1564 3022 1850 3082 Aggiungasi:
1886 3039 1933 3068 se
1961 3023 2002 3067 io
2034 3039 2119 3070 non
2161 3029 2249 3070 tro-

162 3116 179 3136 ·
219 3110 278 3142 vo
309 3093 424 3139 nella
461 3094 711 3140 senuziono
742 3093 773 3138 l'
795 3094 892 3140 idea
921 3094 966 3140 di
997 3094 1237 3155 asistenza,
1270 3094 1409 3155 quest'
1432 3095 1528 3140 idea
1558 3098 1582 3139 ὸ
1613 3111 1672 3141 un
1715 3097 1937 3158 predicato
1974 3099 2179 3159 aggiunto
2213 3100 2249 3145 al

162 3190 180 3211 ι
220 3170 417 3230 suggette
450 3167 520 3214 del
553 3166 741 3227 giudizio
767 3185 776 3213 :
811 3175 959 3230 questa
992 3169 1244 3215 sensatione
1277 3168 1422 3213 esiste.
1448 3168 1485 3213 Il
1513 3169 1699 3229 giudizio
1728 3174 1824 3216 sarii
1856 3172 2001 3234 percio
2033 3174 2249 3234 sintetico,

161 3265 179 3287 ι
218 3244 274 3292 ed
309 3244 449 3290 eccoci
482 3243 625 3304 giunti
669 3259 745 3305 per
786 3243 895 3290 altra
936 3244 1007 3290 via
1049 3243 1089 3289 a’
1118 3243 1295 3304 giudizii
1339 3243 1530 3289 sintetici
1562 3260 1593 3290 a
1619 3246 1783 3304 priori
1813 3246 1859 3291 di
1894 3247 2008 3292 Kant
2031 3281 2044 3308 ‚
2081 3246 2134 3291 ed
2168 3245 2249 3292 alle

163 3338 180 3359 α
218 3319 334 3379 leggi
368 3318 483 3365 della
515 3321 663 3364 nostra
693 3321 847 3364 natura
879 3319 923 3364 di
957 3317 1097 3380 Reid,
1133 3335 1158 3364 o
1190 3317 1344 3381 quindi
1378 3334 1542 3381 segue,
1579 3319 1766 3365 secondo
1798 3319 1841 3366 le
1873 3320 2161 3366 osservazioni
2194 3320 2249 3366 ri-

163 3413 180 3436 ·
218 3398 389 3457 portate
421 3393 492 3440 dal
525 3393 608 3454 aig.
645 3393 840 3456 Jouss'roy
864 3430 877 3457 ‚
913 3394 993 3440 cho
1027 3394 1099 3439 noi
1133 3394 1364 3440 dobbiamo
1398 3394 1603 3457 credere,
1641 3395 1797 3456 perche
1829 3395 1871 3439 la
1905 3399 2052 3440 nostra
2099 3399 2249 3441 natura

163 3486 180 3509 ι
219 3469 260 3514 ci
292 3468 406 3514 forta
435 3484 461 3515 a
494 3468 669 3518 credere
699 3485 723 3514 e
750 3468 830 3515 che
868 3469 1017 3530 percio
1048 3485 1135 3515 non
1167 3468 1366 3515 abbiamo
1396 3470 1475 3516 che
1505 3485 1593 3516 una
1633 3470 1770 3516 verita
1812 3483 1971 3515 umana
1996 3503 2008 3524 ,
2042 3484 2131 3514 non
2164 3470 2249 3515 mai

165 3561 182 3583 ι
221 3557 311 3589 una
338 3545 475 3590 verita
507 3543 712 3590 assoluta.
752 3564 769 3585 ι
808 3546 923 3590 Len.
958 3546 1101 3591 filos.
1134 3543 1228 3590 lett.
1264 3546 1310 3606 4,
1344 3545 1454 3591 edit.
1493 3545 1564 3591 del
1593 3544 1731 3591 ⁴838.

254 3618 275 3662 4
315 3618 425 3664 Vide
457 3618 573 3664 inter
604 3618 712 3665 alios
744 3620 805 3664 LA
838 3620 1003 3665 Mona
1031 3621 1077 3664 in
1108 3619 1376 3682 Appendice,
1410 3636 1540 3682 quam
1571 3621 1750 3669 adnexit
1783 3619 1923 3682 operi,
1956 3618 2027 3666 cui
2059 3619 2209 3667 titulus
2236 3638 2246 3669 :

160 3693 330 3750 ,θαρρῶ
362 3694 553 3740 intorno
582 3694 633 3739 al
663 3694 955 3741 socialiamo.
992 3695 1152 3741 Torino
1184 3694 1324 3741 485⁴.

250 3765 281 3810 2
311 3768 474 3813 Νιωυο
504 3770 660 3827 aaqyio
686 3771 991 3828 autl'oriqn‘m
1016 3771 1135 3816 delle
1164 3771 1264 3818 ideo
1301 3786 1385 3818 sea.
1422 3771 1471 3833 7,
1501 3787 1539 3817 c.
1577 3771 1623 3816 6.

255 3839 284 3886 5
320 3841 517 3890 nium.
551 3842 583 3887 l.
620 3842 667 3905 5,
699 3858 738 3889 c.
775 3843 854 3907 52,
886 3859 985 3907 pag.
1020 3845 1126 3892 6¹5.

387 3912 407 3938 Q

1788 3916 1853 3975 10
