2767 4492
518 311 762 361 announonocm
1110 291 1160 357 eol

163 401 248 460 buius
266 399 414 474 bipartitae
433 397 579 458 divisionis
591 399 662 457 ratio
683 397 800 458 evidens
815 402 877 472 est3
900 396 969 472 quia
982 411 1034 472 pro
1049 395 1161 456 iudiciis
1208 465 1212 475 Ι

130 478 284 539 immediate
297 478 422 538 terendis
439 478 511 536 nibil
526 478 603 537 aliud
617 479 649 537 in
667 478 777 538 obiecto
791 478 881 546 inest,
899 477 973 552 quod
988 480 1114 536 mentem
1127 476 1163 534 ad

16 587 24 637 p
130 579 271 624 assensum
287 568 420 638 moreat,
435 563 492 623 nisi
507 569 556 622 ant
569 563 668 623 relatio
688 563 751 636 ipsa
770 561 898 621 ideamm
913 560 1165 634 convenientiaque

131 650 172 709 vel
182 647 368 726 repignantia
379 650 576 726 praedicatum
593 650 668 708 inter
687 652 716 708 et
730 648 889 708 subiectum
902 647 1062 708 necessario
1076 645 1163 704 inter-

130 735 245 808 cedens,
261 735 337 794 utin
350 733 396 794 his
413 735 543 794 iudiciis:
562 743 655 794 totum
673 734 774 792 maius
789 742 829 793 eat
847 741 951 810 porte;
969 731 1064 800 nibil,
1085 731 1165 806 quod

127 820 227 896 incipit
244 836 319 893 esse,
340 820 438 880 eatstlt
458 820 568 880 virtute
584 835 662 893 sue5
684 825 734 878 aut
752 819 859 877 iactum
879 817 972 892 ipsum
990 815 1166 892 experientia

127 911 311 980 compertum,
320 909 362 963 ut:
378 905 491 980 loquor,
504 921 586 981 oque
599 904 770 978 resumenda
785 917 858 976 quae
872 907 947 962 certe
956 902 1012 961 nisi
1022 900 1165 960 conscien-

126 989 166 1048 tia
180 995 230 1048 ant
247 989 378 1048 sensibus
395 990 502 1049 tactum
521 989 691 1049 testantibus
709 987 913 1062 proderentur,
929 1001 1077 1062 nunquam
1092 997 1166 1044 com-

125 1074 273 1147 paratione
287 1073 416 1133 idearum
428 1090 654 1149 assequeremur.
679 1073 711 1131 ln
729 1073 788 1131 mei
802 1071 879 1130 enim
892 1073 956 1131 idea
969 1071 1094 1147 proiecto
1109 1085 1167 1130 non

127 1163 224 1217 estut
246 1165 312 1218 actu
334 1175 411 1218 nunc
433 1160 550 1234 loquar;
576 1176 614 1218 ex
637 1173 734 1232 oquae
758 1161 853 1215 autem
875 1163 1029 1231 conceptu,
1053 1155 1166 1230 qualem

126 1243 319 1320 acquririmus,
335 1244 524 1319 refrigerandi
538 1243 616 1315 vim,
633 1245 787 1316 antequam
802 1241 1000 1315 experiamur,
1015 1241 1168 1316 nequimus

126 1327 239 1388 elicere.

163 1412 207 1470 67.
224 1414 299 1472 Haec
314 1429 381 1472 eum
395 1415 436 1472 ito
451 1414 517 1486 sint,
533 1411 688 1480 ridendum
703 1415 745 1470 est
760 1411 897 1486 quomodo
911 1411 1016 1470 iudicia
1031 1411 1169 1470 eiusmodi

126 1497 371 1558 universalitatem
384 1497 513 1570 induant,
530 1507 562 1555 ut
575 1512 609 1555 ex
625 1496 694 1571 ipsis
708 1496 914 1572 principiorum
928 1511 979 1554 seu
994 1497 1168 1554 axiomatum

126 1581 234 1641 classes
248 1583 465 1642 constituantur.
1099 1577 1102 1582 ’

161 1669 252 1742 Atque
266 1667 412 1742 inprimis
425 1666 495 1725 illud
509 1671 627 1745 constat,
639 1665 745 1726 iudicia
759 1667 902 1741 quaelibet
916 1665 1057 1740 analytica
1072 1669 1170 1740 suapte

126 1752 155 1811 vi
169 1752 370 1812 necessitatem
384 1757 412 1810 et
427 1744 668 1811 universalitatem
688 1752 844 1810 includere.
867 1751 978 1811 Etenim
1001 1749 1067 1808 talia
1082 1755 1167 1823 sunt,

126 1842 158 1895 nt
171 1853 231 1896 non
245 1837 330 1896 modo
344 1852 397 1895 sua
410 1836 474 1896 luce
488 1841 620 1911 pateant,
635 1836 685 1894 sed
699 1836 785 1895 etiam
800 1841 832 1894 ut
851 1836 1007 1894 unitersim
1023 1835 1057 1892 ad
1073 1850 1171 1894 omnes

126 1937 209 1981 casua
221 1921 371 1996 possibiles
385 1936 416 1979 se
430 1921 607 1994 protendant.
624 1921 693 1979 llum
707 1920 830 1979 enimin
843 1920 956 1979 iudiciis
970 1920 1110 1979 eiusmodi
1125 1925 1167 1977 at·

39 2015 44 2025 ·
128 2006 267 2065 tributum
285 2007 323 2065 sit
341 2021 357 2065 e
374 2006 489 2065 notione
511 2005 650 2078 subiecti,
668 2020 734 2064 cum
753 2019 842 2079 eoque
860 2004 988 2064 absoluta
1005 2003 1172 2064 necessitate

127 2091 292 2165 copuletur3
308 2091 425 2164 ubique,
442 2097 471 2149 et
484 2105 597 2164 semper
611 2090 704 2149 eidem
723 2090 857 2170 iungatur
870 2095 996 2163 oportet:
1013 2105 1066 2148 nec
1079 2094 1173 2163 potest

127 2168 243 2248 uspiam
265 2175 359 2234 inesse
377 2174 454 2243 notio
471 2173 610 2247 subiecti,
627 2175 696 2248 quin
716 2175 822 2234 ibidem
837 2175 912 2234 notio
934 2175 1007 2233 adsit
1021 2173 1169 2233 attributi.

129 2257 299 2332 Exemplum
308 2260 398 2318 habes
408 2260 439 2317 in
449 2259 554 2318 iudicio
569 2275 654 2334 saepe
666 2266 811 2333 usurpato:
830 2268 923 2318 totum
936 2260 1036 2318 maius
1051 2267 1091 2318 est
1102 2273 1173 2334 per-

131 2349 167 2402 te.
190 2345 223 2402 ln
237 2359 270 2402 eo
284 2345 361 2403 enim
374 2344 494 2403 subiecti
508 2344 573 2403 idea
590 2345 685 2403 ideam
701 2345 838 2402 attributi
853 2345 907 2404 sibi
922 2345 1058 2420 implicat.
1082 2344 1172 2410 Quare

130 2429 256 2502 reperiri
265 2445 405 2504 nusquam
417 2429 577 2488 subiectum
585 2434 678 2502 potest
686 2429 785 2487 eodem
795 2430 929 2489 attributo
937 2445 994 2488 non
1004 2427 1172 2502 praeditum.

131 2513 205 2581 Quot
224 2514 310 2588 igitur
331 2514 437 2573 indicia
461 2519 527 2573 sunt
550 2515 711 2589 analytica,
734 2519 777 2574 tot⁴
793 2515 936 2574 axiomata
960 2529 1011 2572 seu
1034 2511 1176 2586 principia

130 2598 316 2658 scientiarum
331 2599 487 2673 habentur;
505 2600 558 2658 boc
571 2600 650 2658 enim
663 2599 780 2658 nomine
794 2599 990 2673 intelliguntur
1005 2594 1109 2656 indicia
1123 2611 1175 2670 per

129 2699 160 2743 se
172 2689 241 2742 nota
254 2689 282 2743 et
296 2685 508 2743 rmirersalitate
522 2684 655 2743 [ruentia.

166 2769 358 2828 licentram
372 2769 487 2829 iudiciis
501 2770 666 2843 synmaticis
680 2785 739 2828 non
757 2770 797 2828 ita
812 2770 957 2843 contingit.
979 2770 1084 2827 Horum
1099 2768 1177 2826 enim

127 2853 271 2913 nonnulla
284 2853 362 2910 circa
385 2853 542 2926 singularia
561 2859 589 2910 et
610 2853 758 2911 individua
778 2853 1072 2925 obiectaversantur3
1093 2855 1177 2922 atque

129 2937 197 2996 ideo
212 2952 271 2995 non
290 2936 374 2994 modo
387 2934 642 2993 universalitatem
656 2950 715 2993 non
729 2935 850 3006 babent,
868 2935 967 2993 sedne
986 2935 1103 2992 induere
1119 2933 1179 3006 qni-

129 3022 202 3080 dem
216 3024 344 3093 possunt.
360 3018 528 3075 Huiusmodi
537 3023 609 3074 sunt
622 3033 669 3075 ax.
686 3033 732 3090 gr.
745 3033 795 3090 eqo
813 3019 923 3090 coqito,
942 3018 985 3075 sot
1001 3032 1081 3076 uuae
1100 3016 1179 3079 hori-

129 3110 251 3163 zontem
260 3101 432 3173 ‘llltunioot
443 3106 472 3159 et
485 3105 621 3174 quotquot
636 3099 692 3157 alia
706 3113 768 3158 rem
782 3099 966 3174 individuam,
978 3107 1062 3176 prout
1074 3101 1176 3160 indiri·
1283 3127 1286 3134 =

130 3190 194 3248 dua
207 3195 265 3259 est,
282 3185 446 3259 respiciunt.
464 3185 560 3243 lietera
575 3198 654 3256 vero,
673 3199 746 3258 quae
760 3183 800 3242 ita
814 3199 870 3243 non
886 3190 961 3259 sunt,
978 3201 1107 3260 quaeque
1121 3201 1179 3245 non

130 3271 308 3346 sioquloeio
321 3272 370 3330 sed
384 3267 586 3346 particular-ie
601 3275 745 3343 vocantur,
758 3277 876 3344 possunt
890 3271 1005 3344 quidem¹
1018 3271 1054 3329 ad
1067 3271 1179 3330 univer-

134 3357 279 3419 salitatem
293 3356 395 3429 attolli,
422 3360 450 3416 at
464 3369 522 3414 non
536 3370 588 3430 ope
603 3354 741 3425 idearum,
758 3353 861 3430 quibus
876 3361 1014 3425 constant,
1031 3356 1176 3416 sedlndn-

121 3521 184 3564 'uon
199 3517 280 3564 aelatit
296 3530 336 3565 etta
352 3518 502 3577 mistam,
518 3517 568 3564 aiei
583 3518 668 3564 masat
684 3519 734 3564 Ena
748 3518 923 3574 necatorium
939 3518 1006 3576 atqui
1022 3518 1125 3562 massot
1142 3529 1180 3562 err·
1232 3537 1235 3543 ·

134 3595 171 3638 tio
186 3594 359 3652 coatiuqeatio,·
376 3608 429 3653 erqo
444 3593 525 3640 existit
543 3595 593 3640 Bata
612 3594 788 3648 meantium
804 3597 878 3654 aperto
898 3591 958 3637 siden
979 3591 1117 3655 illationem,
1135 3607 1181 3640 non

134 3683 185 3713 ease
200 3683 240 3714 nea
256 3683 315 3715 mere
330 3668 467 3732 rationalem,
480 3684 520 3714 nec
535 3668 725 3730 experimentalem
740 3673 834 3730 tantum,
851 3667 889 3714 aad
905 3666 999 3714 mediam
1012 3666 1181 3730 quodammodo,

134 3747 160 3788 et
171 3743 322 3806 hypotheticas
339 3745 473 3791 necessitatis
489 3743 559 3806 quoad
577 3760 625 3789 nos.
637 3743 745 3789 Nimirum
761 3743 811 3789 talin
827 3749 867 3806 ost,
879 3747 903 3789 nt
918 3744 940 3792 ri
957 3745 1087 3806 praemissae
1104 3759 1181 3790 neces-

135 3818 207 3865 sariae
221 3825 329 3882 repugnet
344 3821 477 3884 oppositum,
493 3817 549 3867 lacta
566 3823 638 3867 tamen
658 3818 773 3883 hypothesi
789 3819 885 3868 raritatis
900 3820 1033 3881 praemissao
1047 3821 1183 3883 experimon-

136 3892 198 3956 talia,
213 3910 239 3942 ex
254 3910 298 3957 qna
313 3895 379 3944 ctiam
395 3895 483 3957 pondu.
