2767 4492
242 301 294 363 all
683 323 844 369 anemuri

237 404 414 467 nerolentiac
432 403 489 482 lex,
505 424 562 484 apua
577 413 676 484 gentes
689 423 790 467 omnes
810 407 1039 481 adstringuntm,
1060 407 1188 482 proiecto
1205 407 1289 468 iubet

237 497 269 549 ut
284 501 411 566 quaeque
426 494 513 567 natio,
529 501 668 569 quantum
683 507 750 552 cum
765 492 896 566 propriae
908 491 1051 552 felicitatis
1060 508 1130 552 cura
1138 493 1290 553 conciliari

238 581 338 650 potest,
355 577 391 636 ad
405 581 610 640 commercium
630 577 785 638 fovendum
801 582 829 635 et
847 577 1043 652 suspirandum
1063 578 1181 651 nitatur,
1201 584 1293 653 atque

240 659 347 721 idcirco
361 669 390 722 et
404 663 465 723 eius
481 665 639 724 libertatem
661 660 882 738 promolreudam
898 677 949 736 pro
962 662 1040 723 virili
1054 679 1106 723 sua
1124 670 1207 739 parte
1221 679 1293 723 con·

239 747 322 805 ierat.
339 745 545 809 commercium
560 750 638 810 enim
654 749 753 823 procul
767 746 854 806 dubio
868 747 960 822 magis
973 753 1157 824 pmsperalur
1173 749 1294 809 liberta·

240 831 277 890 lis
294 847 373 906 aura,
395 849 481 907 quam
500 834 525 893 si
543 834 740 908 multiplicatis
760 831 896 892 oneribus
917 833 1172 892 marcianellum
1191 839 1294 893 autem

238 916 572 992 nationumeommercia‚
582 930 697 994 propter
706 919 838 978 eamdem
849 917 999 993 physicam
1009 918 1111 992 legem,
1120 933 1295 993 quaomnes

239 1017 286 1062 res
306 1003 449 1064 humanae
471 1010 631 1078 moventur,
647 1005 812 1079 primaevae
831 1003 1022 1076 corruptionis
1042 1004 1183 1063 iacturam
1206 1005 1296 1063 facile

238 1087 395 1162 patiantur3
412 1091 574 1150 omnimoda
594 1105 693 1150 eorum
713 1090 831 1149 libertas
851 1089 883 1148 in
896 1089 1043 1148 licentiam
1063 1088 1147 1149 tacite
1166 1089 1296 1160 degene-

239 1178 297 1244 rat;
313 1171 353 1231 ita
367 1181 399 1232 ut
413 1183 580 1250 praepotens
594 1175 716 1250 quisque
731 1175 792 1234 sire
807 1174 950 1234 industria
965 1174 1027 1233 sive
1040 1173 1146 1232 divitiis
1161 1173 1296 1233 imbecil-

241 1257 325 1316 liores
340 1260 488 1332 opprimat.
505 1261 575 1320 Hinc
590 1261 740 1334 diligenter
754 1259 913 1320 curandum
928 1269 980 1333 est,
998 1265 1030 1318 ut
1042 1257 1170 1330 libertas,
1183 1259 1222 1317 de
1237 1273 1298 1332 qua

240 1343 310 1416 dixi,
327 1343 430 1404 debitis
445 1345 576 1405 confiniis
591 1352 765 1405 coerceatur.
782 1343 963 1404 Potissimum
978 1350 1247 1418 caveaturoportet‚
1259 1360 1297 1403 ne

238 1428 316 1487 natio
331 1428 438 1488 nationi
453 1429 568 1490 nocivas
582 1431 626 1489 rel
643 1429 816 1504 periculosas
833 1428 879 1487 rel
892 1441 989 1488 mores
1004 1428 1129 1487 nimium
1142 1427 1297 1486 emollien-

239 1519 281 1573 tes
295 1519 323 1572 et
338 1514 434 1573 lutilos
448 1530 556 1576 meroes
566 1516 707 1590 importet,
724 1521 774 1573 aut
788 1513 964 1573 necessarias
973 1513 1020 1572 rel
1030 1513 1114 1572 utiles
1124 1512 1190 1586 plus
1199 1527 1297 1586 aequo

239 1599 378 1658 extrahat.
396 1600 584 1682 Quamobrem
607 1601 814 1660 consulendum
835 1603 888 1671 est,
909 1613 947 1657 ne
968 1613 1006 1657 ex
1026 1598 1088 1662 eius
1107 1603 1296 1671 praepostero

239 1697 294 1742 usu
309 1687 427 1743 societas
443 1701 499 1744 uon
514 1685 623 1744 bonum
638 1685 687 1743 sed
704 1684 798 1759 potius
811 1684 1015 1742 detrimentum
1035 1681 1139 1756 capiat.
1157 1683 1250 1756 litque
1265 1683 1297 1741 id

239 1769 404 1842 opportunis
419 1769 529 1842 legibus
544 1771 691 1843 impedire,
708 1775 736 1827 et
751 1768 955 1829 commercium
970 1767 1047 1826 intra
1061 1766 1193 1842 proprios
1208 1768 1296 1827 bone

239 1855 318 1914 stalis
333 1861 361 1912 et
374 1855 533 1913 communis
549 1854 677 1913 utilitatis
697 1854 811 1914 limites
824 1853 971 1913 continere
988 1852 1097 1911 bonum
1115 1852 1181 1926 erit,
1203 1853 1295 1912 immo

242 1939 326 1997 etiam
343 1939 548 1997 necessarium.

274 2023 399 2096 lienique
413 2037 449 2080 ne
464 2025 547 2097 plura
569 2029 725 2099 consecter,
742 2038 815 2100 quae
830 2024 925 2101 potius
948 2025 983 2083 ad
1003 2023 1151 2098 politicam
1171 2038 1296 2084 oecono-

238 2107 326 2193 miam
351 2122 438 2180 otiam
460 2109 494 2166 ad
517 2109 562 2167 ius
584 2117 703 2169 naturae
719 2110 861 2185 spectaut3
885 2110 978 2184 quoad
993 2109 1202 2182 impedimenta
1221 2125 1295 2183 quae

238 2193 380 2251 mercibus
396 2193 496 2253 alienis
510 2195 696 2268 importandis
713 2201 903 2270 apponuntur,
921 2209 1022 2254 norma
1036 2193 1123 2252 etiam
1137 2195 1295 2253 desumen-

239 2277 276 2335 da
290 2282 334 2334 est
349 2291 365 2335 o
381 2285 476 2338 tenore
491 2295 577 2353 quem
593 2281 664 2339 aliae
680 2287 779 2354 gentes
793 2285 924 2355 respectu
939 2279 1079 2338 mercium
1089 2279 1154 2336 eius
1167 2280 1295 2338 nationis

239 2364 369 2430 serrant3
386 2359 528 2432 siquidem
542 2359 644 2419 rationi
655 2375 712 2420 non
723 2366 864 2434 repugnat
875 2367 907 2418 ut
917 2361 1044 2419 severius
1054 2359 1167 2418 rumiis
1179 2365 1294 2430 agatur,

240 2444 289 2518 qui
303 2443 433 2504 eamdem
447 2445 626 2504 severitatem
641 2461 710 2520 erga
724 2445 794 2505 alios
810 2462 861 2520 pro
875 2461 927 2505 sua
943 2443 1079 2503 adhibent
1092 2443 1233 2503 utilitate.

648 2617 817 2676 laricanus
830 2616 875 2676 ΙΙΙ.

502 2784 539 2848 Dc
553 2785 716 2863 foederibus
730 2795 755 2847 ct
771 2786 839 2848 iare
854 2786 1016 2863 boeticum.
1041 2803 1048 2822 ·

275 2957 337 3021 ill.
352 2957 498 3020 Portiones
512 2960 587 3019 inter
600 2959 726 3020 diversas
741 2963 839 3034 pentes
854 2959 996 3019 amicitiae
1013 2961 1063 3017 aut
1075 2956 1171 3018 mutui
1188 2955 1295 3019 auxilii

241 3053 290 3106 out
304 3045 538 3105 commerciorum
552 3045 643 3120 gratia
657 3061 674 3103 a
689 3045 804 3118 publiea
823 3045 989 3104 auctoritate
1012 3040 1150 3111 sancitae,
1171 3045 1294 3117 foedera

239 3133 285 3191 rel
299 3133 384 3190 etiam
396 3137 561 3190 reattractus
570 3129 812 3189 iotcsrnott‘onolcs
822 3132 1015 3190 nominantur.
1030 3129 1115 3202 Haec,
1123 3133 1158 3187 ut
1169 3130 1295 3203 quisquae

239 3227 291 3288 per
305 3227 335 3270 se
352 3211 433 3270 iacile
448 3211 533 3284 ridet,
550 3211 692 3284 duplicem
708 3211 859 3269 utilitatem
875 3211 1039 3284 important,
1057 3213 1202 3282 quatenus
1222 3223 1294 3267 nora

240 3297 270 3356 ui
285 3297 427 3370 roborant,
442 3311 545 3370 nempe
560 3295 703 3354 lidelitatis
716 3295 831 3354 uinculo
846 3294 1034 3368 obligationes
1054 3307 1072 3350 a
1085 3297 1193 3350 natura
1209 3293 1293 3367 proli-

241 3384 389 3456 ciscentes,
406 3388 434 3441 et
448 3381 542 3440 cilicia
557 3379 723 3454 imperfecta
743 3379 774 3438 in
789 3380 915 3452 perlecta
934 3382 1104 3438 convertunt
1119 3377 1146 3434 ⁴.
1162 3375 1292 3436 lami-aa
1343 3408 1345 3485 J

286 3543 296 3588 l
315 3543 371 3589 lline
383 3545 457 3588 contra
467 3537 640 3586 Pullondorliom
655 3542 752 3601 apparet,
764 3535 872 3583 eiusmodi
887 3535 977 3582 ioorlara
988 3548 1043 3597 quaa
1057 3533 1131 3596 ipsum
1153 3532 1191 3581 ἰιι
1203 3542 1294 3582 nam

239 3618 377 3680 confirment,
394 3615 482 3663 inutilia
502 3631 547 3661 non
562 3630 616 3662 eam.
633 3615 688 3660 Nam
702 3613 830 3674 obligationi
851 3629 876 3660 ex
891 3611 1007 3658 honestata
1028 3609 1179 3674 proficiscenti
1196 3611 1295 3658 dicim

237 3694 356 3744 servandae
366 3693 418 3740 blei
434 3693 564 3754 adiungunt.
581 3690 643 3746 Quod
654 3691 673 3736 ai
687 3697 762 3750 pentes
777 3691 827 3737 illae
843 3688 949 3736 barbaras
966 3687 1144 3749 considerentur,
1157 3701 1221 3748 qaae
1235 3689 1295 3734 iuri·

239 3770 283 3816 tiae
296 3771 354 3831 lepos
368 3785 418 3830 erpa
433 3769 499 3823 ciras,
517 3783 561 3813 nou
578 3767 630 3812 item
640 3782 690 3827 erga
706 3766 847 3828 alienigenas,
860 3765 1014 3812 custodiendas
1028 3761 1143 3826 opinionis
1162 3778 1246 3812 cuore
1260 3781 1295 3810 ar-

239 3841 360 3904 bita-aulum
376 3845 472 3914 proiecto
486 3848 545 3905 putet
565 3849 664 3905 respectu
683 3842 781 3904 ipsarum
798 3859 846 3889 non
861 3841 926 3888 modo
946 3839 1069 3904 proficuum
1083 3837 1123 3887 aad
1141 3843 1294 3894 aumatium

241 3917 330 3968 omuino
346 3933 392 3968 aare
407 3925 431 3967 ut
441 3919 616 3986 obligationem
630 3925 709 3971 natura
718 3925 812 3986 aromo,
828 3920 929 3989 pactione
943 3917 1082 3971 mborcntur.
