2767 4492
120 383 640 514 METAPHYSICA
682 383 1096 514 GENERtLls

572 653 639 696 SEU
715 717 718 730 Ι

394 843 819 932 ONTOLOGIA

527 1064 691 1087 ..ω-ι

452 1397 585 1466 catur
605 1399 763 1468 PRIMUM

209 1617 252 1666 DE
265 1617 348 1667 ENTB
362 1619 495 1676 EIUSQUE
509 1619 719 1669 sensuimus
734 1621 1004 1672 Pnornlltn'ltatts

114 1795 242 1863 Quatuor
255 1796 384 1856 articulis
398 1803 484 1871 caput
497 1798 550 1857 hoc
561 1799 840 1873 comprehendimus.
853 1799 964 1860 Primus
974 1799 1043 1874 quid
1052 1800 1127 1860 ontis

80 1879 156 1936 notio
169 1880 245 1938 ierat
259 1885 383 1954 quotque
397 1881 460 1940 eius
473 1883 619 1955 generals
632 1883 768 1943 attributa
787 1884 846 1943 sint
864 1883 1018 1944 edisseret:
1036 1884 1126 1946 tribus

80 1976 145 2021 reno
158 1964 280 2038 reliquis
295 1966 351 2024 tria
364 1966 438 2027 entis
451 1966 588 2026 attributa
601 1968 757 2042 separatim
771 1967 972 2028 scrutabimur.

500 2137 668 2195 inuramus
686 2136 708 2196 1.

201 2301 243 2362 De
256 2310 394 2377 conceptu
408 2303 482 2362 cotis
496 2303 616 2378 dococto
630 2299 852 2380 proprietatum
864 2319 998 2366 ououro.

116 2468 140 2525 l.
158 2469 190 2528 llt
204 2471 280 2530 alias
294 2470 403 2529 dictum
417 2476 461 2530 est
475 2473 500 2544 l,
517 2472 620 2532 danim
633 2473 840 2547 incognitione
855 2475 983 2532 humana
995 2469 1126 2530 nonnulli

81 2559 245 2628 concepus,
261 2555 311 2627 qui
325 2554 468 2628 perspicui
481 2569 532 2629 per
546 2572 577 2616 se
592 2562 660 2616 sunt
669 2563 698 2616 et
711 2557 856 2618 manifesti
871 2557 922 2628 sic,
938 2559 971 2614 ut
984 2554 1123 2614 delinitio·

81 2647 116 2692 ne
132 2651 190 2696 non
204 2643 319 2710 egeant.
336 2639 425 2698 lmmo
439 2640 527 2698 eliam
541 2641 565 2698 si
579 2641 709 2700 maxima
723 2641 903 2715 simplicitate
918 2644 947 2699 et
960 2637 1126 2700 universali·

83 2721 135 2778 tale
148 2724 287 2794 gaudent,
298 2723 411 2782 definiri
421 2739 479 2782 non
493 2726 577 2784 modo
587 2741 646 2784 non
656 2730 750 2797 egent,
763 2740 863 2783 renim
873 2725 959 2784 etiam
969 2727 1124 2797 noqueunt.

80 2799 188 2862 Etenim
202 2805 331 2864 delinitio
344 2806 381 2864 iis
395 2807 545 2864 dumtaxat
559 2807 743 2878 conceptibus
763 2807 932 2876 adhibetur,
949 2807 1015 2876 uui,
1032 2807 1127 2875 utpote

82 2889 224 2947 convoluti
239 2893 268 2945 et
280 2888 419 2960 implexi,
435 2890 467 2944 in
486 2889 556 2946 alios
571 2887 779 2959 simpliciores,
795 2891 881 2957 atque
895 2884 959 2941 ideo
973 2882 1129 2953 generalio-

1235 2870 1266 2920 μ’.

80 2982 133 3043 res,
150 2971 355 3038 resolvuntur3
371 2971 447 3040 quod
461 2975 538 3026 certe
551 2971 583 3025 in
596 2968 728 3024 notiones
737 2965 963 3036 simplicissimas
974 2970 1058 3036 etque
1067 2963 1129 3022 uni-
1249 2971 1252 2979 ·

80 3052 291 3110 versalissimas
304 3049 424 3105 minime
439 3048 568 3118 quadrat.
635 3068 639 3072 ·

114 3134 148 3191 ln
162 3133 269 3190 harum
284 3145 402 3188 numero
417 3133 493 3188 certe
502 3128 576 3187 ortis
586 3128 664 3188 notio
673 3129 825 3203 praecipue
834 3129 966 3190 habenda
981 3134 1037 3201 est3
1054 3143 1128 3204 quae

80 3217 208 3289 prolecto
224 3215 294 3274 adeo
310 3213 398 3274 claret
411 3229 463 3288 per
476 3227 555 3287 sese,
571 3218 604 3272 ut
617 3213 713 3274 verbis
726 3213 802 3274 effici
817 3214 919 3276 clarior
932 3215 1050 3274 minime
1065 3229 1127 3289 pos·

82 3302 126 3360 sit.
142 3303 177 3360 lit
193 3317 264 3362 sane
279 3299 353 3359 entis
367 3294 462 3358 ideam
481 3298 608 3358 maxime
622 3315 684 3360 esse
699 3299 861 3374 generalem
876 3299 980 3360 exinde
996 3305 1124 3372 constat,

85 3387 156 3456 quod
171 3387 245 3445 haec
259 3385 296 3444 ad
310 3385 380 3444 alias
399 3399 499 3444 omnes
518 3384 647 3444 notiones
664 3393 781 3459 prorsus
800 3401 831 3444 se
849 3382 972 3458 applicet
985 3387 1014 3442 et
1028 3383 1127 3441 adiun-

87 3475 140 3541 gat,
152 3486 257 3545 easque
266 3469 354 3528 veluti
370 3485 421 3528 suo
435 3469 501 3528 sinu
517 3468 731 3542 complectatur.
743 3468 819 3527 lliluil
833 3467 911 3526 enim
921 3471 972 3540 est,
985 3466 1060 3540 quod
1070 3481 1127 3524 non

87 3551 121 3608 sit
134 3570 185 3614 ons
199 3601 206 3628 ,
225 3555 356 3628 quodque
369 3554 401 3612 in
416 3559 546 3625 tantum,
562 3553 594 3611 in
608 3559 748 3626 quantum
762 3567 814 3610 ens
827 3555 889 3624 est,
905 3565 963 3610 non
977 3548 1123 3622 cogitetur.

88 3631 150 3696 Esse
164 3645 261 3698 autem
279 3638 519 3712 simplicissimam
536 3637 640 3697 exinde
654 3641 748 3710 patet,
770 3635 845 3710 quod
864 3633 996 3695 ultimum
1014 3633 1051 3694 sit
1069 3633 1124 3694 ele-

134 3820 255 3882 llayt'fflt
268 3837 315 3886 par.
329 3821 384 3884 ζα.
396 3823 419 3870 5,
