2767 4492
228 404 262 476 84
667 411 829 464 ntnnmtdx

225 514 317 574 mlum
331 500 428 569 virtuli
447 500 575 566 debitum
595 502 650 561 tale
665 503 703 561 'sit
721 518 837 561 necesse
855 505 910 576 est,
931 504 963 560 ut
976 498 1073 560 omnia
1091 495 1169 560 hona
1183 495 1271 562 huius

206 599 302 658 ¹vitae
312 599 439 670 superet
456 591 597 666 Siquidem
607 588 718 648 virtutis
729 587 856 647 custodia
864 586 1017 661 aliquando
1027 588 1132 646 horum
1141 588 1272 646 omnium

226 682 414 776 privationem
428 679 570 751 importat

263 769 341 828 Idem
356 781 417 840 pan
408 761 515 822 modo
530 761 640 821 dicatur
654 759 690 819 de
705 774 809 835 poena3
826 773 910 834 quae,
922 759 979 820 nisi
971 755 1080 819 huius
1093 758 1168 820 ritae
1180 759 1271 820 ambi-
1319 826 1324 836 ,

231 859 290 914 tum
305 848 468 921 excederet,
487 845 654 920 congruenti
675 846 775 906 ordine
793 860 851 905 non
869 845 1082 904 informaretur
1097 845 1169 904 llam
1187 857 1271 921 saepe

228 939 264 1000 ad
278 937 370 998 scelus
384 933 554 1010 patrandum
564 930 649 991 homo
663 931 774 1005 magnis
789 930 873 990 bonis
884 930 1004 990 terrenis
1015 930 1155 1004 allicitur3
1168 936 1270 990 etcou·

227 1027 271 1082 tra
290 1019 422 1082 omnibus
440 1018 515 1076 vitae
530 1016 686 1076 commodis
703 1021 731 1073 et
746 1013 915 1075 existentiae
933 1013 989 1088 ipsi
1005 1014 1138 1075 nuntium
1159 1016 1271 1076 mittere

230 1106 383 1182 aliquando
398 1103 495 1177 debet,
511 1118 548 1162 ne
563 1101 669 1176 flagitio
685 1100 860 1174 inquinetur.

627 1269 805 1332 Pnorosrrro
821 1269 865 1332 ill.

225 1437 1270 1520 Prcaniomboalsclpocncimpltsretrldoeoctcconeistitpotissimmn

393 1533 427 1592 ιιι
439 1528 664 1605 cooscquatioaa
676 1528 721 1587 vel
736 1528 893 1587 amisa-lona
908 1526 1010 1588 ultimi
1023 1529 1104 1603 fiale.

262 1701 305 1762 53.
322 1699 407 1761 Prob.
424 1695 507 1760 Bonis
521 1693 669 1773 operibus,
686 1713 704 1756 a
719 1695 781 1772 lege
795 1694 898 1772 iussis,
920 1698 1005 1759 homo
1026 1698 1114 1760 veluti
1133 1700 1164 1759 in
1177 1702 1224 1760 ria
1237 1713 1268 1762 se

224 1786 369 1850 constituit
383 1801 440 1860 qua
454 1780 490 1843 ad
505 1781 593 1842 linem
607 1787 685 1840 recta
700 1780 800 1856 pergit.
824 1779 893 1842 Nem
908 1782 1043 1842 honestae
1062 1786 1186 1844 actiones
1200 1791 1269 1845 sunt

224 1873 307 1948 quasi
322 1885 422 1944 pessus
431 1868 557 1926 minores
566 1865 610 1924 rel
622 1866 798 1940 grandiores,
811 1867 915 1941 quibus
926 1869 962 1926 ad
976 1869 1065 1927 linem
1080 1870 1163 1929 homo
1172 1871 1268 1944 gradi-

224 1965 283 2030 tur,
300 1961 399 2015 contra
412 1951 508 2026 pravis
518 1949 629 2009 actibus
644 1965 661 2008 a
676 1950 733 2008 line
744 1950 868 2009 deflectit
882 1967 916 2010 ac
925 1952 1002 2011 riam
1015 1952 1099 2026 plane
1109 1955 1268 2028 oppositam

221 2040 337 2102 incedit.
355 2037 427 2112 Ergo
445 2051 512 2097 cum
523 2041 633 2109 tempus
645 2034 742 2094 itineri
753 2035 926 2094 destinatum
936 2037 1061 2111 desierit,
1072 2040 1267 2098 necessarium

223 2124 338 2186 omuino
354 2122 420 2194 erit,
438 2119 532 2194 utqui
554 2119 630 2178 viam
644 2120 818 2192 cucurrerit,
835 2136 908 2193 quae
923 2121 959 2179 ed
975 2123 1062 2180 linem
1078 2123 1217 2196 ducebat,
1234 2124 1268 2182 fia

220 2225 288 2269 nem
304 2212 485 2280 assequatur3
503 2220 537 2264 ac
552 2203 576 2263 si
586 2205 658 2264 forte
674 2204 729 2263 leri
743 2204 868 2277 quadam
882 2205 1056 2278 negligentia
1070 2215 1197 2266 moratus
1210 2208 1263 2282 sit,

221 2308 286 2352 eam
305 2291 401 2364 expiet
421 2295 505 2363 atque
527 2288 563 2346 ad
578 2289 664 2348 linem
686 2288 802 2346 tandem
816 2286 970 2360 aliquando
985 2289 1160 2350 admittatur.
1178 2291 1265 2351 Vicis-

222 2377 290 2448 sim,
308 2372 448 2433 consimili
465 2373 573 2431 ratione
594 2387 711 2431 neeesse
725 2376 784 2445 est,
801 2377 833 2429 ut
853 2371 901 2445 qui
918 2373 974 2432 line
996 2379 1174 2450 contempto,
1189 2377 1267 2435 uam

221 2459 337 2520 omnino
351 2457 523 2516 censariam
534 2456 639 2529 inierit,
652 2457 677 2514 is
689 2457 746 2514 line
756 2471 872 2530 prorsus
882 2456 1018 2530 privetur.
1029 2459 1178 2532 Repugnat
1186 2461 1267 2519 enim

221 2551 253 2602 ut
267 2546 313 2603 via
327 2543 364 2602 ad
382 2542 535 2601 terminum
554 2540 680 2614 aliquem
695 2540 802 2599 ducens
826 2542 892 2599 illuc
907 2558 966 2601 non
981 2543 1079 2617 ducat,
1102 2546 1267 2620 pariterque

221 2629 377 2689 absurdum
387 2634 430 2687 est
445 2634 476 2686 ut
490 2643 540 2700 per
555 2627 684 2684 semitam
697 2627 814 2685 omnino
824 2627 995 2686 contrariam
1006 2629 1105 2687 eodem
1119 2631 1268 2704 pervenia-

220 2721 276 2773 tur.
292 2713 364 2786 Ergo
374 2711 475 2772 saitem
485 2711 597 2783 adeptio
613 2711 656 2769 vel
666 2711 858 2770 amissiosrnis
872 2711 966 2770 ultimi
982 2714 1138 2772 custodiam
1149 2715 1231 2772 rei
1203 2731 1265 2773 vro·

220 2799 355 2857 lationem
368 2794 465 2880 legis
452 2795 590 2853 naturalis
604 2795 685 2868 sequi
700 2795 927 2872 doceamusque
942 2797 979 2856 sit
995 2803 1103 2873 oportet
1115 2797 1226 2856 vetuti
1217 2814 1265 2857 rn-

178 2915 182 2920 ·
222 2887 302 2941 terna
316 2861 465 2956 quaedam
468 2885 496 2938 et
506 2878 643 2938 naturalis
659 2879 779 2938 sanctio
795 2880 829 2937 dt
840 2895 906 2938 vero
917 2879 983 2939 finis
995 2880 1107 2956 adeptio
1122 2879 1165 2938 ael
1174 2896 1264 2940 amre·

220 2966 272 3039 sio,
284 2981 357 3040 quae
375 2964 479 3023 intuitu
495 2978 613 3036 operum
628 2979 682 3023 con
684 2965 801 3038 lerator,
810 2965 931 3038 praemii
941 2970 990 3024 aut
1001 2981 1108 3038 poenae
1123 2965 1270 3025 rationem

219 3050 321 3110 induit.
342 3049 413 3122 Ergo
428 3056 481 3106 etc.

254 3131 443 3194 Nihilominus
452 3147 503 3207 pro
514 3131 598 3206 plena
613 3137 641 3192 et
656 3135 868 3194 accommodate
881 3083 1015 3209 operibus
1030 3135 1217 3196 retributione
1232 3135 1266 3195 id

121 3235 124 3242 ·
218 3217 338 3276 minime
353 3215 475 3289 suflicit·
493 3218 541 3274 sed
557 3218 712 3291 requiritur
730 3219 816 3278 etiam
834 3233 886 3294 pro
904 3220 1103 3294 singulorum
1095 3234 1127 3278 ιιι
1149 3236 1201 3279 suo
1215 3235 1265 3295 ge-

218 3315 287 3360 nere
301 3299 464 3360 diversitate
478 3299 630 3373 peculiaris
645 3300 786 3360 bonorum
801 3303 913 3376 largitio
927 3319 961 3361 ac
975 3303 1096 3378 positiva
1111 3304 1266 3378 supplicio-

217 3402 283 3444 rum
293 3383 422 3444 inllictio.
434 3384 493 3442 lion
503 3383 581 3448 enim
591 3399 690 3444 omues
705 3386 781 3460 frugi
796 3391 824 3445 et
837 3387 905 3447 boni
915 3403 1005 3462 aeque
1020 3389 1104 3448 modo
1118 3395 1147 3447 et
1158 3389 1266 3449 iisdem

216 3469 370 3530 virtutibus
386 3468 478 3527 ornati
494 3469 530 3526 sd
544 3469 632 3526 linem
645 3471 825 3543 perveniunt.
848 3472 1023 3547 Quapropter
1041 3473 1152 3532 iustitia
1170 3475 1266 3548 exigit

217 3560 249 3614 ut
263 3555 337 3614 inter
347 3567 395 3613 cus
405 3553 641 3611 remunerationis
656 3555 743 3612 etiam
759 3555 795 3612 sit
809 3556 973 3631 discrimen,
989 3572 1043 3617 nec
1057 3559 1169 3632 aequali
1179 3575 1264 3618 men·

217 3653 285 3697 sura
300 3637 387 3696 linem
403 3643 622 3709 consequantur.
639 3637 776 3704 Similiter
789 3656 845 3699 nou
869 3657 969 3700 omnes
987 3643 1069 3716 pravi
1084 3651 1113 3701 et
1128 3644 1209 3717 impii
1229 3659 1265 3704 se

217 3721 319 3781 iisdem
329 3720 483 3781 sceleribus
491 3721 687 3795 inquinarunt,
699 3722 749 3781 sed
764 3726 892 3784 maxima
904 3727 1039 3785 varietate
1049 3727 1188 3786 maiorem
1199 3727 1263 3802 alii,

216 3806 266 3865 alii
281 3805 421 3865 minorem
433 3805 637 3879 turpitudinem
652 3814 830 3867 contraxere.
841 3810 901 3869 Non
916 3811 1003 3884 igitur
1017 3825 1117 3870 omnes
1126 3811 1267 3885 aequipa-

218 3889 303 3948 randi
314 3895 380 3946 sunt
389 3889 419 3947 iu
434 3904 525 3963 poena
536 3890 620 3963 (quod
631 3891 807 3964 contingeret
816 3894 840 3952 si
851 3893 999 3968 adeptione
1009 3895 1075 3954 linis
1086 3901 1196 3955 tantum
1204 3896 1268 3970 pri·

216 3971 376 4052 pmentar);
386 3971 437 4032 aed
445 3971 566 4046 positivo
576 3973 715 4049 supplicio
724 3977 817 4052 magis
826 3978 977 4039 relminus
991 3994 1044 4056 pro
1058 3978 1195 4042 mrietate
1209 3979 1267 4042 da-
