<?xml version="1.0" encoding="UTF-8"?>
<!DOCTYPE html PUBLIC "-//W3C//DTD XHTML 1.0 Transitional//EN"
    "http://www.w3.org/TR/xhtml1/DTD/xhtml1-transitional.dtd">
<html xmlns="http://www.w3.org/1999/xhtml" xml:lang="en" lang="en">
 <head>
  <title>
</title>
<meta http-equiv="Content-Type" content="text/html;charset=utf-8" />
  <meta name='ocr-system' content='tesseract 3.04.00' />
  <meta name='ocr-capabilities' content='ocr_page ocr_carea ocr_par ocr_line ocrx_word'/>
</head>
<body>
  <div class='ocr_page' id='page_1' title='image "./institutionesph00libegoog_0797.png"; bbox 0 0 2767 4492; ppageno 0'>
   <div class='ocr_carea' id='block_1_1' title="bbox 550 328 1187 387">
    <p class='ocr_par' dir='ltr' id='par_1_1' title="bbox 550 328 1187 387">
     <span class='ocr_line' id='line_1_1' title="bbox 550 328 1187 387; baseline 0.006 -4"><span class='ocrx_word' id='word_1_1' title='bbox 550 335 629 383; x_wconf 80' lang='lat' dir='ltr'>runis</span> <span class='ocrx_word' id='word_1_2' title='bbox 644 340 785 385; x_wconf 73' lang='lat' dir='ltr'>uernans</span> <span class='ocrx_word' id='word_1_3' title='bbox 1134 328 1187 387; x_wconf 76' lang='lat'>225</span> 
     </span>
    </p>
   </div>
   <div class='ocr_carea' id='block_1_2' title="bbox 132 423 1258 2187">
    <p class='ocr_par' dir='ltr' id='par_1_2' title="bbox 132 423 1258 2187">
     <span class='ocr_line' id='line_1_2' title="bbox 143 423 1191 501; baseline 0.001 -18"><span class='ocrx_word' id='word_1_4' title='bbox 143 426 178 484; x_wconf 88' lang='lat' dir='ltr'>ad</span> <span class='ocrx_word' id='word_1_5' title='bbox 194 424 370 499; x_wconf 88' lang='lat' dir='ltr'>operandum</span> <span class='ocrx_word' id='word_1_6' title='bbox 384 426 514 483; x_wconf 88' lang='lat' dir='ltr'>moretur</span> <span class='ocrx_word' id='word_1_7' title='bbox 527 438 585 482; x_wconf 93' lang='lat' dir='ltr'>non</span> <span class='ocrx_word' id='word_1_8' title='bbox 600 424 636 482; x_wconf 90' lang='lat' dir='ltr'>ab</span> <span class='ocrx_word' id='word_1_9' title='bbox 653 423 790 498; x_wconf 86' lang='lat' dir='ltr'>arbitrio,</span> <span class='ocrx_word' id='word_1_10' title='bbox 808 425 857 483; x_wconf 88' lang='lat' dir='ltr'>sod</span> <span class='ocrx_word' id='word_1_11' title='bbox 873 441 890 484; x_wconf 88' lang='lat' dir='ltr'>a</span> <span class='ocrx_word' id='word_1_12' title='bbox 904 426 986 501; x_wconf 76' lang='lat' dir='ltr'>lege,</span> <span class='ocrx_word' id='word_1_13' title='bbox 1004 440 1091 500; x_wconf 86' lang='lat' dir='ltr'>quac,</span> <span class='ocrx_word' id='word_1_14' title='bbox 1109 431 1140 483; x_wconf 92' lang='lat' dir='ltr'>ut</span> <span class='ocrx_word' id='word_1_15' title='bbox 1150 427 1191 485; x_wconf 87' lang='lat' dir='ltr'>di-</span> 
     </span>
     <span class='ocr_line' id='line_1_3' title="bbox 141 509 1189 585; baseline 0.001 -16"><span class='ocrx_word' id='word_1_16' title='bbox 141 512 253 584; x_wconf 83' lang='lat' dir='ltr'>ximus,</span> <span class='ocrx_word' id='word_1_17' title='bbox 269 510 410 570; x_wconf 88' lang='lat' dir='ltr'>ordinatio</span> <span class='ocrx_word' id='word_1_18' title='bbox 423 509 542 568; x_wconf 81' lang='lat' dir='ltr'>ratiums</span> <span class='ocrx_word' id='word_1_19' title='bbox 552 514 612 581; x_wconf 90' lang='lat' dir='ltr'>est,·</span> <span class='ocrx_word' id='word_1_20' title='bbox 627 509 822 583; x_wconf 80' lang='lat' dir='ltr'>operationem</span> <span class='ocrx_word' id='word_1_21' title='bbox 837 511 917 584; x_wconf 90' lang='lat' dir='ltr'>ponit</span> <span class='ocrx_word' id='word_1_22' title='bbox 931 526 989 569; x_wconf 93' lang='lat' dir='ltr'>non</span> <span class='ocrx_word' id='word_1_23' title='bbox 1003 516 1118 585; x_wconf 91' lang='lat' dir='ltr'>propter</span> <span class='ocrx_word' id='word_1_24' title='bbox 1131 510 1189 585; x_wconf 91' lang='lat' dir='ltr'>pri-</span> 
     </span>
     <span class='ocr_line' id='line_1_4' title="bbox 141 592 1188 669; baseline 0.001 -17"><span class='ocrx_word' id='word_1_25' title='bbox 141 600 237 653; x_wconf 85' lang='lat' dir='ltr'>ratam</span> <span class='ocrx_word' id='word_1_26' title='bbox 252 592 435 669; x_wconf 81' lang='lat' dir='ltr'>imperantis,</span> <span class='ocrx_word' id='word_1_27' title='bbox 456 594 506 653; x_wconf 86' lang='lat' dir='ltr'>sed</span> <span class='ocrx_word' id='word_1_28' title='bbox 521 600 635 668; x_wconf 85' lang='lat' dir='ltr'>propter</span> <span class='ocrx_word' id='word_1_29' title='bbox 658 593 808 653; x_wconf 89' lang='lat' dir='ltr'>utilitatem</span> <span class='ocrx_word' id='word_1_30' title='bbox 822 610 1006 654; x_wconf 91' lang='lat' dir='ltr'>communem</span> <span class='ocrx_word' id='word_1_31' title='bbox 1023 596 1108 655; x_wconf 89' lang='lat' dir='ltr'>totius</span> <span class='ocrx_word' id='word_1_32' title='bbox 1125 610 1188 654; x_wconf 92' lang='lat' dir='ltr'>cor-</span> 
     </span>
     <span class='ocr_line' id='line_1_5' title="bbox 140 677 1188 754; baseline 0.001 -17"><span class='ocrx_word' id='word_1_33' title='bbox 140 678 219 753; x_wconf 86' lang='lat' dir='ltr'>poris</span> <span class='ocrx_word' id='word_1_34' title='bbox 233 678 363 752; x_wconf 89' lang='lat' dir='ltr'>socialis,</span> <span class='ocrx_word' id='word_1_35' title='bbox 380 692 453 753; x_wconf 86' lang='lat' dir='ltr'>qnae</span> <span class='ocrx_word' id='word_1_36' title='bbox 469 677 501 736; x_wconf 91' lang='lat' dir='ltr'>in</span> <span class='ocrx_word' id='word_1_37' title='bbox 514 678 612 738; x_wconf 88' lang='lat' dir='ltr'>omnia</span> <span class='ocrx_word' id='word_1_38' title='bbox 624 678 757 737; x_wconf 91' lang='lat' dir='ltr'>membra</span> <span class='ocrx_word' id='word_1_39' title='bbox 771 694 804 737; x_wconf 90' lang='lat' dir='ltr'>ac</span> <span class='ocrx_word' id='word_1_40' title='bbox 814 679 933 754; x_wconf 87' lang='lat' dir='ltr'>proinde</span> <span class='ocrx_word' id='word_1_41' title='bbox 947 680 978 737; x_wconf 90' lang='lat' dir='ltr'>in</span> <span class='ocrx_word' id='word_1_42' title='bbox 995 679 1090 753; x_wconf 89' lang='lat' dir='ltr'>ipsum</span> <span class='ocrx_word' id='word_1_43' title='bbox 1100 680 1188 738; x_wconf 88' lang='lat' dir='ltr'>etiam</span> 
     </span>
     <span class='ocr_line' id='line_1_6' title="bbox 142 762 1191 838; baseline 0.001 -17"><span class='ocrx_word' id='word_1_44' title='bbox 142 763 192 837; x_wconf 87' lang='lat' dir='ltr'>qni</span> <span class='ocrx_word' id='word_1_45' title='bbox 206 770 356 838; x_wconf 87' lang='lat' dir='ltr'>operatur,</span> <span class='ocrx_word' id='word_1_46' title='bbox 377 762 490 821; x_wconf 90' lang='lat' dir='ltr'>sicutin</span> <span class='ocrx_word' id='word_1_47' title='bbox 502 762 688 836; x_wconf 84' lang='lat' dir='ltr'>superiorem,</span> <span class='ocrx_word' id='word_1_48' title='bbox 710 762 760 837; x_wconf 86' lang='lat' dir='ltr'>qni</span> <span class='ocrx_word' id='word_1_49' title='bbox 771 769 857 837; x_wconf 91' lang='lat' dir='ltr'>caput</span> <span class='ocrx_word' id='word_1_50' title='bbox 870 771 914 822; x_wconf 87' lang='lat' dir='ltr'>est</span> <span class='ocrx_word' id='word_1_51' title='bbox 929 762 1081 835; x_wconf 88' lang='lat' dir='ltr'>societatis,</span> <span class='ocrx_word' id='word_1_52' title='bbox 1093 764 1191 822; x_wconf 85' lang='lat' dir='ltr'>reinn-</span> 
     </span>
     <span class='ocr_line' id='line_1_7' title="bbox 138 847 1185 923; baseline 0.001 -17"><span class='ocrx_word' id='word_1_53' title='bbox 138 848 224 908; x_wconf 90' lang='lat' dir='ltr'>ditur.</span> <span class='ocrx_word' id='word_1_54' title='bbox 242 850 417 923; x_wconf 74' lang='lat' dir='ltr'>Quapropter</span> <span class='ocrx_word' id='word_1_55' title='bbox 431 847 561 906; x_wconf 91' lang='lat' dir='ltr'>subditus</span> <span class='ocrx_word' id='word_1_56' title='bbox 575 848 615 905; x_wconf 89' lang='lat' dir='ltr'>ita</span> <span class='ocrx_word' id='word_1_57' title='bbox 628 848 749 922; x_wconf 89' lang='lat' dir='ltr'>imperio</span> <span class='ocrx_word' id='word_1_58' title='bbox 770 848 940 921; x_wconf 89' lang='lat' dir='ltr'>subiicitur,</span> <span class='ocrx_word' id='word_1_59' title='bbox 958 852 990 906; x_wconf 89' lang='lat' dir='ltr'>nt</span> <span class='ocrx_word' id='word_1_60' title='bbox 1008 848 1185 907; x_wconf 88' lang='lat' dir='ltr'>subiectione</span> 
     </span>
     <span class='ocr_line' id='line_1_8' title="bbox 139 931 1186 1006; baseline -0.002 -15"><span class='ocrx_word' id='word_1_61' title='bbox 139 932 190 991; x_wconf 92' lang='lat' dir='ltr'>illa</span> <span class='ocrx_word' id='word_1_62' title='bbox 209 949 268 992; x_wconf 92' lang='lat' dir='ltr'>non</span> <span class='ocrx_word' id='word_1_63' title='bbox 287 932 385 1005; x_wconf 90' lang='lat' dir='ltr'>alteri,</span> <span class='ocrx_word' id='word_1_64' title='bbox 409 933 459 990; x_wconf 92' lang='lat' dir='ltr'>sed</span> <span class='ocrx_word' id='word_1_65' title='bbox 477 932 532 990; x_wconf 88' lang='lat' dir='ltr'>sibi</span> <span class='ocrx_word' id='word_1_66' title='bbox 551 934 668 1006; x_wconf 84' lang='lat' dir='ltr'>servint3</span> <span class='ocrx_word' id='word_1_67' title='bbox 688 933 742 991; x_wconf 89' lang='lat' dir='ltr'>etsi</span> <span class='ocrx_word' id='word_1_68' title='bbox 764 948 823 991; x_wconf 94' lang='lat' dir='ltr'>non</span> <span class='ocrx_word' id='word_1_69' title='bbox 840 948 968 992; x_wconf 90' lang='lat' dir='ltr'>scorsum</span> <span class='ocrx_word' id='word_1_70' title='bbox 993 931 1120 1005; x_wconf 89' lang='lat' dir='ltr'>inspecto</span> <span class='ocrx_word' id='word_1_71' title='bbox 1136 933 1186 990; x_wconf 92' lang='lat' dir='ltr'>sed</span> 
     </span>
     <span class='ocr_line' id='line_1_9' title="bbox 140 1016 1187 1094; baseline 0.001 -20"><span class='ocrx_word' id='word_1_72' title='bbox 140 1022 281 1094; x_wconf 71' lang='lat' dir='ltr'>quatenus</span> <span class='ocrx_word' id='word_1_73' title='bbox 294 1018 439 1076; x_wconf 90' lang='lat' dir='ltr'>iunctione</span> <span class='ocrx_word' id='word_1_74' title='bbox 454 1031 520 1075; x_wconf 89' lang='lat' dir='ltr'>eum</span> <span class='ocrx_word' id='word_1_75' title='bbox 530 1016 594 1075; x_wconf 90' lang='lat' dir='ltr'>aliis</span> <span class='ocrx_word' id='word_1_76' title='bbox 605 1017 771 1076; x_wconf 89' lang='lat' dir='ltr'>societatem</span> <span class='ocrx_word' id='word_1_77' title='bbox 781 1018 921 1089; x_wconf 81' lang='lat' dir='ltr'>efformet,</span> <span class='ocrx_word' id='word_1_78' title='bbox 934 1016 1068 1090; x_wconf 87' lang='lat' dir='ltr'>adquam</span> <span class='ocrx_word' id='word_1_79' title='bbox 1080 1031 1187 1089; x_wconf 80' lang='lat' dir='ltr'>augen-</span> 
     </span>
     <span class='ocr_line' id='line_1_10' title="bbox 139 1100 1092 1176; baseline 0 -17"><span class='ocrx_word' id='word_1_80' title='bbox 139 1102 207 1159; x_wconf 88' lang='lat' dir='ltr'>dam</span> <span class='ocrx_word' id='word_1_81' title='bbox 221 1102 327 1161; x_wconf 87' lang='lat' dir='ltr'>directe</span> <span class='ocrx_word' id='word_1_82' title='bbox 340 1106 449 1175; x_wconf 88' lang='lat' dir='ltr'>spectat</span> <span class='ocrx_word' id='word_1_83' title='bbox 463 1101 572 1160; x_wconf 94' lang='lat' dir='ltr'>bonum</span> <span class='ocrx_word' id='word_1_84' title='bbox 582 1102 681 1161; x_wconf 91' lang='lat' dir='ltr'>sociali</span> <span class='ocrx_word' id='word_1_85' title='bbox 697 1102 861 1176; x_wconf 80' lang='lat' dir='ltr'>operatione</span> <span class='ocrx_word' id='word_1_86' title='bbox 871 1100 1092 1175; x_wconf 90' lang='lat' dir='ltr'>procurandum.</span> 
     </span>
     <span class='ocr_line' id='line_1_11' title="bbox 168 1184 1181 1259; baseline 0 -16"><span class='ocrx_word' id='word_1_87' title='bbox 168 1185 417 1253; x_wconf 90' lang='lat' dir='ltr'>Quainresedulo</span> <span class='ocrx_word' id='word_1_88' title='bbox 429 1184 952 1259; x_wconf 83' lang='lat' dir='ltr'>cogitandumest,bonumcommuue</span> <span class='ocrx_word' id='word_1_89' title='bbox 964 1184 1181 1245; x_wconf 86' lang='lat' dir='ltr'>nonesseidem</span> 
     </span>
     <span class='ocr_line' id='line_1_12' title="bbox 135 1269 1182 1344; baseline -0.001 -16"><span class='ocrx_word' id='word_1_90' title='bbox 135 1284 169 1328; x_wconf 90' lang='lat' dir='ltr'>ac</span> <span class='ocrx_word' id='word_1_91' title='bbox 185 1269 293 1328; x_wconf 93' lang='lat' dir='ltr'>bonum</span> <span class='ocrx_word' id='word_1_92' title='bbox 315 1269 433 1328; x_wconf 90' lang='lat' dir='ltr'>maioris</span> <span class='ocrx_word' id='word_1_93' title='bbox 448 1270 547 1344; x_wconf 91' lang='lat' dir='ltr'>partis,</span> <span class='ocrx_word' id='word_1_94' title='bbox 568 1271 619 1329; x_wconf 89' lang='lat' dir='ltr'>sed</span> <span class='ocrx_word' id='word_1_95' title='bbox 642 1269 836 1329; x_wconf 88' lang='lat' dir='ltr'>essebonum</span> <span class='ocrx_word' id='word_1_96' title='bbox 862 1270 946 1329; x_wconf 90' lang='lat' dir='ltr'>totius</span> <span class='ocrx_word' id='word_1_97' title='bbox 968 1269 1182 1329; x_wconf 84' lang='lat' dir='ltr'>communitatis</span> 
     </span>
     <span class='ocr_line' id='line_1_13' title="bbox 133 1353 1184 1427; baseline 0.001 -17"><span class='ocrx_word' id='word_1_98' title='bbox 133 1353 210 1426; x_wconf 84' lang='lat' dir='ltr'>quod</span> <span class='ocrx_word' id='word_1_99' title='bbox 223 1355 268 1412; x_wconf 81' lang='lat' dir='ltr'>vet</span> <span class='ocrx_word' id='word_1_100' title='bbox 284 1353 390 1412; x_wconf 85' lang='lat' dir='ltr'>directe</span> <span class='ocrx_word' id='word_1_101' title='bbox 405 1354 451 1413; x_wconf 88' lang='lat' dir='ltr'>vel</span> <span class='ocrx_word' id='word_1_102' title='bbox 465 1354 604 1413; x_wconf 86' lang='lat' dir='ltr'>indirecte</span> <span class='ocrx_word' id='word_1_103' title='bbox 617 1354 648 1413; x_wconf 93' lang='lat' dir='ltr'>in</span> <span class='ocrx_word' id='word_1_104' title='bbox 664 1354 816 1413; x_wconf 88' lang='lat' dir='ltr'>utilitatem</span> <span class='ocrx_word' id='word_1_105' title='bbox 831 1354 962 1413; x_wconf 89' lang='lat' dir='ltr'>omnium</span> <span class='ocrx_word' id='word_1_106' title='bbox 977 1354 1067 1426; x_wconf 90' lang='lat' dir='ltr'>cedat,</span> <span class='ocrx_word' id='word_1_107' title='bbox 1086 1358 1114 1411; x_wconf 89' lang='lat' dir='ltr'>et</span> <span class='ocrx_word' id='word_1_108' title='bbox 1127 1368 1184 1427; x_wconf 88' lang='lat' dir='ltr'>quo</span> 
     </span>
     <span class='ocr_line' id='line_1_14' title="bbox 132 1437 1184 1512; baseline 0.001 -18"><span class='ocrx_word' id='word_1_109' title='bbox 132 1452 217 1496; x_wconf 93' lang='lat' dir='ltr'>nemo</span> <span class='ocrx_word' id='word_1_110' title='bbox 231 1437 338 1511; x_wconf 85' lang='lat' dir='ltr'>privari</span> <span class='ocrx_word' id='word_1_111' title='bbox 348 1442 450 1511; x_wconf 84' lang='lat' dir='ltr'>potest,</span> <span class='ocrx_word' id='word_1_112' title='bbox 461 1438 518 1497; x_wconf 87' lang='lat' dir='ltr'>nisi</span> <span class='ocrx_word' id='word_1_113' title='bbox 533 1438 563 1497; x_wconf 88' lang='lat' dir='ltr'>in</span> <span class='ocrx_word' id='word_1_114' title='bbox 580 1453 702 1512; x_wconf 87' lang='lat' dir='ltr'>poenam</span> <span class='ocrx_word' id='word_1_115' title='bbox 718 1438 821 1512; x_wconf 91' lang='lat' dir='ltr'>patrati</span> <span class='ocrx_word' id='word_1_116' title='bbox 836 1437 971 1496; x_wconf 80' lang='lat' dir='ltr'>facinoris</span> <span class='ocrx_word' id='word_1_117' title='bbox 981 1453 998 1496; x_wconf 88' lang='lat' dir='ltr'>a</span> <span class='ocrx_word' id='word_1_118' title='bbox 1008 1452 1125 1511; x_wconf 89' lang='lat' dir='ltr'>corpore</span> <span class='ocrx_word' id='word_1_119' title='bbox 1140 1452 1184 1495; x_wconf 91' lang='lat' dir='ltr'>so·</span> 
     </span>
     <span class='ocr_line' id='line_1_15' title="bbox 133 1520 1179 1596; baseline -0.001 -17"><span class='ocrx_word' id='word_1_120' title='bbox 133 1520 243 1580; x_wconf 88' lang='lat' dir='ltr'>cietatis</span> <span class='ocrx_word' id='word_1_121' title='bbox 264 1520 458 1581; x_wconf 86' lang='lat' dir='ltr'>abscindatur.</span> <span class='ocrx_word' id='word_1_122' title='bbox 475 1522 568 1591; x_wconf 83' lang='lat' dir='ltr'>Quare</span> <span class='ocrx_word' id='word_1_123' title='bbox 588 1522 730 1582; x_wconf 89' lang='lat' dir='ltr'>societatis</span> <span class='ocrx_word' id='word_1_124' title='bbox 750 1528 853 1581; x_wconf 88' lang='lat' dir='ltr'>natura</span> <span class='ocrx_word' id='word_1_125' title='bbox 867 1522 984 1581; x_wconf 90' lang='lat' dir='ltr'>omnino</span> <span class='ocrx_word' id='word_1_126' title='bbox 998 1520 1179 1596; x_wconf 88' lang='lat' dir='ltr'>pervertitur,</span> 
     </span>
     <span class='ocr_line' id='line_1_16' title="bbox 132 1605 1182 1682; baseline -0.002 -17"><span class='ocrx_word' id='word_1_127' title='bbox 132 1606 243 1679; x_wconf 88' lang='lat' dir='ltr'>quoties</span> <span class='ocrx_word' id='word_1_128' title='bbox 256 1622 394 1666; x_wconf 87' lang='lat' dir='ltr'>numerus</span> <span class='ocrx_word' id='word_1_129' title='bbox 408 1607 512 1682; x_wconf 87' lang='lat' dir='ltr'>aliquis</span> <span class='ocrx_word' id='word_1_130' title='bbox 527 1606 680 1681; x_wconf 89' lang='lat' dir='ltr'>sociorum,</span> <span class='ocrx_word' id='word_1_131' title='bbox 696 1607 756 1667; x_wconf 87' lang='lat' dir='ltr'>sive</span> <span class='ocrx_word' id='word_1_132' title='bbox 767 1623 890 1681; x_wconf 84' lang='lat' dir='ltr'>magnus</span> <span class='ocrx_word' id='word_1_133' title='bbox 900 1606 937 1665; x_wconf 88' lang='lat' dir='ltr'>sit</span> <span class='ocrx_word' id='word_1_134' title='bbox 947 1607 1007 1665; x_wconf 86' lang='lat' dir='ltr'>sive</span> <span class='ocrx_word' id='word_1_135' title='bbox 1018 1621 1132 1679; x_wconf 87' lang='lat' dir='ltr'>parvus,</span> <span class='ocrx_word' id='word_1_136' title='bbox 1146 1605 1182 1663; x_wconf 92' lang='lat' dir='ltr'>ad</span> 
     </span>
     <span class='ocr_line' id='line_1_17' title="bbox 136 1689 1185 1765; baseline -0.002 -16"><span class='ocrx_word' id='word_1_137' title='bbox 136 1706 167 1749; x_wconf 90' lang='lat' dir='ltr'>se</span> <span class='ocrx_word' id='word_1_138' title='bbox 183 1706 297 1749; x_wconf 90' lang='lat' dir='ltr'>omnem</span> <span class='ocrx_word' id='word_1_139' title='bbox 318 1691 469 1750; x_wconf 81' lang='lat' dir='ltr'>utilitatem</span> <span class='ocrx_word' id='word_1_140' title='bbox 489 1691 635 1765; x_wconf 89' lang='lat' dir='ltr'>publicam</span> <span class='ocrx_word' id='word_1_141' title='bbox 650 1699 777 1765; x_wconf 73' lang='lat' dir='ltr'>revocet,</span> <span class='ocrx_word' id='word_1_142' title='bbox 794 1691 895 1751; x_wconf 85' lang='lat' dir='ltr'>ceteris</span> <span class='ocrx_word' id='word_1_143' title='bbox 909 1689 1034 1749; x_wconf 86' lang='lat' dir='ltr'>exclusis</span> <span class='ocrx_word' id='word_1_144' title='bbox 1047 1696 1075 1749; x_wconf 87' lang='lat' dir='ltr'>et</span> <span class='ocrx_word' id='word_1_145' title='bbox 1089 1690 1185 1764; x_wconf 87' lang='lat' dir='ltr'>inopia</span> 
     </span>
     <span class='ocr_line' id='line_1_18' title="bbox 134 1774 1258 1850; baseline -0.001 -17"><span class='ocrx_word' id='word_1_146' title='bbox 134 1775 284 1850; x_wconf 87' lang='lat' dir='ltr'>omnisque</span> <span class='ocrx_word' id='word_1_147' title='bbox 307 1774 436 1834; x_wconf 87' lang='lat' dir='ltr'>culturae</span> <span class='ocrx_word' id='word_1_148' title='bbox 456 1776 583 1835; x_wconf 89' lang='lat' dir='ltr'>carentia</span> <span class='ocrx_word' id='word_1_149' title='bbox 604 1776 809 1835; x_wconf 89' lang='lat' dir='ltr'>laborantibus.</span> <span class='ocrx_word' id='word_1_150' title='bbox 830 1778 920 1835; x_wconf 89' lang='lat' dir='ltr'>Immo</span> <span class='ocrx_word' id='word_1_151' title='bbox 940 1774 1053 1834; x_wconf 90' lang='lat' dir='ltr'>socialis</span> <span class='ocrx_word' id='word_1_152' title='bbox 1072 1774 1181 1833; x_wconf 87' lang='lat' dir='ltr'>iustitia</span> <span class='ocrx_word' id='word_1_153' title='bbox 1255 1840 1258 1847; x_wconf 49' lang='grc'>,</span> 
     </span>
     <span class='ocr_line' id='line_1_19' title="bbox 133 1857 1180 1935; baseline 0.001 -19"><span class='ocrx_word' id='word_1_154' title='bbox 133 1857 264 1932; x_wconf 89' lang='lat' dir='ltr'>laeditur,</span> <span class='ocrx_word' id='word_1_155' title='bbox 276 1860 388 1919; x_wconf 88' lang='lat' dir='ltr'>etiamsi</span> <span class='ocrx_word' id='word_1_156' title='bbox 398 1860 444 1918; x_wconf 89' lang='lat' dir='ltr'>vel</span> <span class='ocrx_word' id='word_1_157' title='bbox 454 1860 540 1919; x_wconf 91' lang='lat' dir='ltr'>nnius</span> <span class='ocrx_word' id='word_1_158' title='bbox 555 1860 705 1929; x_wconf 78' lang='lat' dir='ltr'>dumtaxat</span> <span class='ocrx_word' id='word_1_159' title='bbox 720 1861 789 1919; x_wconf 89' lang='lat' dir='ltr'>socii</span> <span class='ocrx_word' id='word_1_160' title='bbox 805 1860 1023 1935; x_wconf 88' lang='lat' dir='ltr'>praesidiumac</span> <span class='ocrx_word' id='word_1_161' title='bbox 1034 1860 1121 1918; x_wconf 89' lang='lat' dir='ltr'>tutela</span> <span class='ocrx_word' id='word_1_162' title='bbox 1131 1874 1180 1918; x_wconf 91' lang='lat' dir='ltr'>ne-</span> 
     </span>
     <span class='ocr_line' id='line_1_20' title="bbox 133 1941 1182 2019; baseline 0.001 -21"><span class='ocrx_word' id='word_1_163' title='bbox 133 1941 265 2015; x_wconf 85' lang='lat' dir='ltr'>gligatur.</span> <span class='ocrx_word' id='word_1_164' title='bbox 283 1944 459 2018; x_wconf 85' lang='lat' dir='ltr'>Quapropter</span> <span class='ocrx_word' id='word_1_165' title='bbox 477 1960 563 2003; x_wconf 89' lang='lat' dir='ltr'>nemo</span> <span class='ocrx_word' id='word_1_166' title='bbox 577 1960 635 2003; x_wconf 94' lang='lat' dir='ltr'>non</span> <span class='ocrx_word' id='word_1_167' title='bbox 651 1945 728 2003; x_wconf 85' lang='lat' dir='ltr'>ridet</span> <span class='ocrx_word' id='word_1_168' title='bbox 745 1950 919 2019; x_wconf 83' lang='lat' dir='ltr'>qrrantopcre</span> <span class='ocrx_word' id='word_1_169' title='bbox 934 1943 990 2002; x_wconf 91' lang='lat' dir='ltr'>iuri</span> <span class='ocrx_word' id='word_1_170' title='bbox 1006 1949 1123 2002; x_wconf 89' lang='lat' dir='ltr'>naturae</span> <span class='ocrx_word' id='word_1_171' title='bbox 1138 1959 1182 2000; x_wconf 90' lang='lat' dir='ltr'>re-</span> 
     </span>
     <span class='ocr_line' id='line_1_21' title="bbox 132 2026 1181 2102; baseline 0.004 -19"><span class='ocrx_word' id='word_1_172' title='bbox 132 2032 261 2099; x_wconf 85' lang='lat' dir='ltr'>pugnent</span> <span class='ocrx_word' id='word_1_173' title='bbox 272 2026 340 2086; x_wconf 89' lang='lat' dir='ltr'>illae</span> <span class='ocrx_word' id='word_1_174' title='bbox 355 2029 543 2101; x_wconf 85' lang='lat' dir='ltr'>respublicae,</span> <span class='ocrx_word' id='word_1_175' title='bbox 559 2029 590 2087; x_wconf 90' lang='lat' dir='ltr'>in</span> <span class='ocrx_word' id='word_1_176' title='bbox 606 2029 712 2101; x_wconf 82' lang='lat' dir='ltr'>quibus</span> <span class='ocrx_word' id='word_1_177' title='bbox 731 2044 790 2087; x_wconf 90' lang='lat' dir='ltr'>una</span> <span class='ocrx_word' id='word_1_178' title='bbox 806 2034 915 2087; x_wconf 91' lang='lat' dir='ltr'>tantum</span> <span class='ocrx_word' id='word_1_179' title='bbox 931 2042 997 2102; x_wconf 89' lang='lat' dir='ltr'>pars</span> <span class='ocrx_word' id='word_1_180' title='bbox 1017 2028 1124 2087; x_wconf 88' lang='lat' dir='ltr'>civium</span> <span class='ocrx_word' id='word_1_181' title='bbox 1139 2044 1181 2087; x_wconf 83' lang='lat' dir='ltr'>so</span> 
     </span>
     <span class='ocr_line' id='line_1_22' title="bbox 133 2110 1220 2187; baseline 0.006 -20"><span class='ocrx_word' id='word_1_182' title='bbox 133 2111 257 2184; x_wconf 90' lang='lat' dir='ltr'>spiratur</span> <span class='ocrx_word' id='word_1_183' title='bbox 271 2117 300 2171; x_wconf 90' lang='lat' dir='ltr'>et</span> <span class='ocrx_word' id='word_1_184' title='bbox 318 2110 408 2185; x_wconf 87' lang='lat' dir='ltr'>floret,</span> <span class='ocrx_word' id='word_1_185' title='bbox 425 2112 514 2171; x_wconf 89' lang='lat' dir='ltr'>altera</span> <span class='ocrx_word' id='word_1_186' title='bbox 527 2112 632 2174; x_wconf 87' lang='lat' dir='ltr'>misere</span> <span class='ocrx_word' id='word_1_187' title='bbox 647 2114 767 2173; x_wconf 87' lang='lat' dir='ltr'>tabescit</span> <span class='ocrx_word' id='word_1_188' title='bbox 781 2120 810 2173; x_wconf 92' lang='lat' dir='ltr'>et</span> <span class='ocrx_word' id='word_1_189' title='bbox 825 2114 951 2187; x_wconf 85' lang='lat' dir='ltr'>angitur.</span> <span class='ocrx_word' id='word_1_190' title='bbox 1214 2118 1220 2123; x_wconf 87' lang='lat'>&#39;</span> 
     </span>
    </p>
   </div>
   <div class='ocr_carea' id='block_1_3' title="bbox 638 2282 672 2343">
    <p class='ocr_par' dir='ltr' id='par_1_3' title="bbox 638 2282 672 2343">
     <span class='ocr_line' id='line_1_23' title="bbox 638 2282 672 2343; baseline 0.029 -1"><span class='ocrx_word' id='word_1_191' title='bbox 638 2282 672 2343; x_wconf 87' lang='grc' dir='ltr'>ΙΙ.</span> 
     </span>
    </p>
   </div>
   <div class='ocr_carea' id='block_1_4' title="bbox 106 2422 1140 2611">
    <p class='ocr_par' dir='ltr' id='par_1_4' title="bbox 106 2422 1140 2611">
     <span class='ocr_line' id='line_1_24' title="bbox 106 2422 1140 2611; baseline 0.007 -103"><span class='ocrx_word' id='word_1_192' title='bbox 106 2422 110 2429; x_wconf 45' lang='grc'><strong>’</strong></span> <span class='ocrx_word' id='word_1_193' title='bbox 167 2446 324 2511; x_wconf 79' lang='lat' dir='ltr'>Multitudo</span> <span class='ocrx_word' id='word_1_194' title='bbox 339 2446 454 2511; x_wconf 76' lang='lat' dir='ltr'>socialis</span> <span class='ocrx_word' id='word_1_195' title='bbox 467 2451 608 2596; x_wconf 46' lang='lat' dir='ltr'>proxim}</span> <span class='ocrx_word' id='word_1_196' title='bbox 617 2467 678 2611; x_wconf 41' lang='lat' dir='ltr'>pou</span> <span class='ocrx_word' id='word_1_197' title='bbox 692 2458 805 2595; x_wconf 50' lang='lat' dir='ltr'>f‘qua‘</span> <span class='ocrx_word' id='word_1_198' title='bbox 819 2450 985 2512; x_wconf 77' lang='lat' dir='ltr'>indiuiduis</span> <span class='ocrx_word' id='word_1_199' title='bbox 995 2454 1140 2529; x_wconf 80' lang='lat' dir='ltr'>soporatis</span> 
     </span>
     <span class='ocr_line' id='line_1_25' title="bbox 559 2553 759 2597; baseline 0.01 -2"><span class='ocrx_word' id='word_1_200' title='bbox 559 2554 587 2595; x_wconf 82' lang='lat' dir='ltr'>rc</span> <span class='ocrx_word' id='word_1_201' title='bbox 637 2553 699 2595; x_wconf 82' lang='lat' dir='ltr'>outa</span> <span class='ocrx_word' id='word_1_202' title='bbox 715 2554 759 2597; x_wconf 85' lang='lat' dir='ltr'>us.</span> 
     </span>
    </p>
   </div>
   <div class='ocr_carea' id='block_1_5' title="bbox 128 2706 1179 3879">
    <p class='ocr_par' dir='ltr' id='par_1_5' title="bbox 128 2706 1179 3795">
     <span class='ocr_line' id='line_1_26' title="bbox 168 2706 1177 2769; baseline 0 -2"><span class='ocrx_word' id='word_1_203' title='bbox 168 2706 228 2768; x_wconf 71' lang='lat' dir='ltr'>tut.</span> <span class='ocrx_word' id='word_1_204' title='bbox 246 2708 390 2769; x_wconf 79' lang='lat' dir='ltr'>Rousseau</span> <span class='ocrx_word' id='word_1_205' title='bbox 405 2715 433 2769; x_wconf 88' lang='lat' dir='ltr'>et</span> <span class='ocrx_word' id='word_1_206' title='bbox 447 2708 579 2769; x_wconf 86' lang='lat' dir='ltr'>Boccaria</span> <span class='ocrx_word' id='word_1_207' title='bbox 593 2708 758 2768; x_wconf 87' lang='lat' dir='ltr'>societatem</span> <span class='ocrx_word' id='word_1_208' title='bbox 772 2724 830 2767; x_wconf 91' lang='lat' dir='ltr'>non</span> <span class='ocrx_word' id='word_1_209' title='bbox 846 2706 873 2766; x_wconf 88' lang='lat' dir='ltr'>vi</span> <span class='ocrx_word' id='word_1_210' title='bbox 889 2713 1008 2767; x_wconf 88' lang='lat' dir='ltr'>naturae</span> <span class='ocrx_word' id='word_1_211' title='bbox 1028 2708 1077 2767; x_wconf 88' lang='lat' dir='ltr'>scd</span> <span class='ocrx_word' id='word_1_212' title='bbox 1092 2722 1129 2767; x_wconf 82' lang='lat' dir='ltr'>ex</span> <span class='ocrx_word' id='word_1_213' title='bbox 1144 2709 1177 2768; x_wconf 88' lang='lat' dir='ltr'>li·</span> 
     </span>
     <span class='ocr_line' id='line_1_27' title="bbox 130 2791 1177 2874; baseline 0.002 -24"><span class='ocrx_word' id='word_1_214' title='bbox 130 2791 346 2852; x_wconf 85' lang='lat' dir='ltr'>beroarbitratu</span> <span class='ocrx_word' id='word_1_215' title='bbox 360 2795 502 2852; x_wconf 89' lang='lat' dir='ltr'>sociorum</span> <span class='ocrx_word' id='word_1_216' title='bbox 517 2795 688 2866; x_wconf 62' lang='lat' dir='ltr'>derivantes</span> <span class='ocrx_word' id='word_1_217' title='bbox 701 2808 765 2851; x_wconf 90' lang='lat' dir='ltr'>eam</span> <span class='ocrx_word' id='word_1_218' title='bbox 778 2798 809 2851; x_wconf 91' lang='lat' dir='ltr'>ot</span> <span class='ocrx_word' id='word_1_219' title='bbox 821 2792 1018 2874; x_wconf 82' lang='lat' dir='ltr'>collectionem</span> <span class='ocrx_word' id='word_1_220' title='bbox 1026 2808 1083 2851; x_wconf 91' lang='lat' dir='ltr'>noa</span> <span class='ocrx_word' id='word_1_221' title='bbox 1096 2793 1177 2852; x_wconf 87' lang='lat' dir='ltr'>tanri-</span> 
     </span>
     <span class='ocr_line' id='line_1_28' title="bbox 129 2876 1174 2951; baseline 0.003 -17"><span class='ocrx_word' id='word_1_222' title='bbox 129 2876 234 2935; x_wconf 91' lang='lat' dir='ltr'>liarnm</span> <span class='ocrx_word' id='word_1_223' title='bbox 247 2879 297 2935; x_wconf 88' lang='lat' dir='ltr'>sed</span> <span class='ocrx_word' id='word_1_224' title='bbox 312 2879 524 2937; x_wconf 84' lang='lat' dir='ltr'>individuorum</span> <span class='ocrx_word' id='word_1_225' title='bbox 542 2880 740 2937; x_wconf 76' lang='lat' dir='ltr'>traduxerunt.</span> <span class='ocrx_word' id='word_1_226' title='bbox 756 2878 834 2936; x_wconf 90' lang='lat' dir='ltr'>ldem</span> <span class='ocrx_word' id='word_1_227' title='bbox 849 2878 960 2936; x_wconf 85' lang='lat' dir='ltr'>iaciunt</span> <span class='ocrx_word' id='word_1_228' title='bbox 972 2877 1174 2951; x_wconf 87' lang='lat' dir='ltr'>rationalistae,</span> 
     </span>
     <span class='ocr_line' id='line_1_29' title="bbox 130 2958 1178 3036; baseline 0.005 -20"><span class='ocrx_word' id='word_1_229' title='bbox 130 2958 180 3033; x_wconf 85' lang='lat' dir='ltr'>qui</span> <span class='ocrx_word' id='word_1_230' title='bbox 194 2960 384 3020; x_wconf 89' lang='lat' dir='ltr'>abstractione</span> <span class='ocrx_word' id='word_1_231' title='bbox 398 2963 504 3020; x_wconf 88' lang='lat' dir='ltr'>mentis</span> <span class='ocrx_word' id='word_1_232' title='bbox 519 2963 684 3021; x_wconf 87' lang='lat' dir='ltr'>societatem</span> <span class='ocrx_word' id='word_1_233' title='bbox 700 2962 869 3036; x_wconf 87' lang='lat' dir='ltr'>dissolvunt,</span> <span class='ocrx_word' id='word_1_234' title='bbox 885 2978 1006 3036; x_wconf 86' lang='lat' dir='ltr'>eamque</span> <span class='ocrx_word' id='word_1_235' title='bbox 1026 2962 1120 3021; x_wconf 90' lang='lat' dir='ltr'>denno</span> <span class='ocrx_word' id='word_1_236' title='bbox 1135 2978 1178 3021; x_wconf 91' lang='lat' dir='ltr'>ro·</span> 
     </span>
     <span class='ocr_line' id='line_1_30' title="bbox 128 3044 1175 3120; baseline 0.002 -17"><span class='ocrx_word' id='word_1_237' title='bbox 128 3044 290 3117; x_wconf 79' lang='lat' dir='ltr'>dintegraut</span> <span class='ocrx_word' id='word_1_238' title='bbox 304 3061 356 3118; x_wconf 88' lang='lat' dir='ltr'>per</span> <span class='ocrx_word' id='word_1_239' title='bbox 371 3044 542 3120; x_wconf 81' lang='lat' dir='ltr'>implicitum</span> <span class='ocrx_word' id='word_1_240' title='bbox 557 3047 658 3105; x_wconf 89' lang='lat' dir='ltr'>saltem</span> <span class='ocrx_word' id='word_1_241' title='bbox 669 3062 841 3106; x_wconf 90' lang='lat' dir='ltr'>consensum</span> <span class='ocrx_word' id='word_1_242' title='bbox 853 3047 1031 3120; x_wconf 84' lang='lat' dir='ltr'>singularum</span> <span class='ocrx_word' id='word_1_243' title='bbox 1041 3046 1175 3120; x_wconf 89' lang='lat' dir='ltr'>partium.</span> 
     </span>
     <span class='ocr_line' id='line_1_31' title="bbox 130 3129 1179 3205; baseline 0.003 -20"><span class='ocrx_word' id='word_1_244' title='bbox 130 3129 183 3185; x_wconf 87' lang='lat' dir='ltr'>Sed</span> <span class='ocrx_word' id='word_1_245' title='bbox 193 3129 263 3187; x_wconf 76' lang='lat' dir='ltr'>llaec</span> <span class='ocrx_word' id='word_1_246' title='bbox 279 3131 419 3188; x_wconf 88' lang='lat' dir='ltr'>sententia</span> <span class='ocrx_word' id='word_1_247' title='bbox 430 3130 585 3189; x_wconf 81' lang='lat' dir='ltr'>falsissima</span> <span class='ocrx_word' id='word_1_248' title='bbox 597 3138 649 3190; x_wconf 84' lang='lat' dir='ltr'>est.</span> <span class='ocrx_word' id='word_1_249' title='bbox 659 3132 795 3205; x_wconf 88' lang='lat' dir='ltr'>Primum,</span> <span class='ocrx_word' id='word_1_250' title='bbox 808 3132 875 3205; x_wconf 88' lang='lat' dir='ltr'>qnia</span> <span class='ocrx_word' id='word_1_251' title='bbox 885 3132 929 3190; x_wconf 80' lang='lat' dir='ltr'>uel</span> <span class='ocrx_word' id='word_1_252' title='bbox 943 3132 1038 3190; x_wconf 84' lang='lat' dir='ltr'>tabula</span> <span class='ocrx_word' id='word_1_253' title='bbox 1052 3132 1087 3189; x_wconf 92' lang='lat' dir='ltr'>dc</span> <span class='ocrx_word' id='word_1_254' title='bbox 1097 3138 1179 3189; x_wconf 84' lang='lat' dir='ltr'>statu</span> 
     </span>
     <span class='ocr_line' id='line_1_32' title="bbox 128 3213 1178 3286; baseline 0.003 -16"><span class='ocrx_word' id='word_1_255' title='bbox 128 3221 266 3286; x_wconf 79' lang='lat' dir='ltr'>iacturae,</span> <span class='ocrx_word' id='word_1_256' title='bbox 283 3213 328 3272; x_wconf 88' lang='lat' dir='ltr'>vel</span> <span class='ocrx_word' id='word_1_257' title='bbox 343 3214 457 3274; x_wconf 88' lang='lat' dir='ltr'>fictione</span> <span class='ocrx_word' id='word_1_258' title='bbox 472 3216 593 3275; x_wconf 89' lang='lat' dir='ltr'>iuridica</span> <span class='ocrx_word' id='word_1_259' title='bbox 611 3216 743 3275; x_wconf 89' lang='lat' dir='ltr'>innititur</span> <span class='ocrx_word' id='word_1_260' title='bbox 758 3216 874 3275; x_wconf 90' lang='lat' dir='ltr'>omnino</span> <span class='ocrx_word' id='word_1_261' title='bbox 890 3216 1051 3275; x_wconf 88' lang='lat' dir='ltr'>arbitraria.</span> <span class='ocrx_word' id='word_1_262' title='bbox 1071 3215 1178 3274; x_wconf 86' lang='lat' dir='ltr'>Deinde</span> 
     </span>
     <span class='ocr_line' id='line_1_33' title="bbox 129 3298 1177 3374; baseline 0 -17"><span class='ocrx_word' id='word_1_263' title='bbox 129 3298 197 3373; x_wconf 89' lang='lat' dir='ltr'>qnia</span> <span class='ocrx_word' id='word_1_264' title='bbox 214 3298 378 3357; x_wconf 88' lang='lat' dir='ltr'>societatem</span> <span class='ocrx_word' id='word_1_265' title='bbox 398 3300 539 3358; x_wconf 88' lang='lat' dir='ltr'>assimilat</span> <span class='ocrx_word' id='word_1_266' title='bbox 559 3316 616 3359; x_wconf 90' lang='lat' dir='ltr'>uon</span> <span class='ocrx_word' id='word_1_267' title='bbox 635 3301 748 3374; x_wconf 90' lang='lat' dir='ltr'>corpori</span> <span class='ocrx_word' id='word_1_268' title='bbox 768 3300 884 3372; x_wconf 86' lang='lat' dir='ltr'>viventi,</span> <span class='ocrx_word' id='word_1_269' title='bbox 906 3301 989 3358; x_wconf 87' lang='lat' dir='ltr'>cuius</span> <span class='ocrx_word' id='word_1_270' title='bbox 1004 3306 1100 3373; x_wconf 90' lang='lat' dir='ltr'>partes</span> <span class='ocrx_word' id='word_1_271' title='bbox 1119 3299 1177 3357; x_wconf 87' lang='lat' dir='ltr'>sint</span> 
     </span>
     <span class='ocr_line' id='line_1_34' title="bbox 128 3380 1175 3458; baseline 0 -17"><span class='ocrx_word' id='word_1_272' title='bbox 128 3381 294 3455; x_wconf 86' lang='lat' dir='ltr'>organicac;</span> <span class='ocrx_word' id='word_1_273' title='bbox 312 3382 362 3440; x_wconf 91' lang='lat' dir='ltr'>sed</span> <span class='ocrx_word' id='word_1_274' title='bbox 377 3383 488 3457; x_wconf 91' lang='lat' dir='ltr'>corpori</span> <span class='ocrx_word' id='word_1_275' title='bbox 500 3380 583 3457; x_wconf 89' lang='lat' dir='ltr'>plane</span> <span class='ocrx_word' id='word_1_276' title='bbox 593 3383 724 3458; x_wconf 86' lang='lat' dir='ltr'>inanimi,</span> <span class='ocrx_word' id='word_1_277' title='bbox 738 3384 813 3457; x_wconf 86' lang='lat' dir='ltr'>quod</span> <span class='ocrx_word' id='word_1_278' title='bbox 823 3383 883 3442; x_wconf 93' lang='lat' dir='ltr'>sola</span> <span class='ocrx_word' id='word_1_279' title='bbox 893 3382 1099 3440; x_wconf 89' lang='lat' dir='ltr'>molcculurnm</span> <span class='ocrx_word' id='word_1_280' title='bbox 1113 3397 1175 3441; x_wconf 92' lang='lat' dir='ltr'>coa·</span> 
     </span>
     <span class='ocr_line' id='line_1_35' title="bbox 129 3466 1172 3541; baseline -0.002 -15"><span class='ocrx_word' id='word_1_281' title='bbox 129 3466 290 3527; x_wconf 78' lang='lat' dir='ltr'>certatione</span> <span class='ocrx_word' id='word_1_282' title='bbox 304 3473 413 3526; x_wconf 90' lang='lat' dir='ltr'>constet</span> <span class='ocrx_word' id='word_1_283' title='bbox 427 3469 524 3541; x_wconf 87' lang='lat' dir='ltr'>aliqua</span> <span class='ocrx_word' id='word_1_284' title='bbox 538 3471 706 3528; x_wconf 89' lang='lat' dir='ltr'>attractione</span> <span class='ocrx_word' id='word_1_285' title='bbox 721 3474 819 3527; x_wconf 91' lang='lat' dir='ltr'>mutuo</span> <span class='ocrx_word' id='word_1_286' title='bbox 835 3466 1059 3526; x_wconf 85' lang='lat' dir='ltr'>cohaerentium.</span> <span class='ocrx_word' id='word_1_287' title='bbox 1072 3468 1172 3534; x_wconf 85' lang='lat' dir='ltr'>Tertio,</span> 
     </span>
     <span class='ocr_line' id='line_1_36' title="bbox 128 3551 1173 3627; baseline -0.001 -16"><span class='ocrx_word' id='word_1_288' title='bbox 128 3553 196 3626; x_wconf 88' lang='lat' dir='ltr'>quia</span> <span class='ocrx_word' id='word_1_289' title='bbox 210 3566 375 3626; x_wconf 90' lang='lat' dir='ltr'>processum</span> <span class='ocrx_word' id='word_1_290' title='bbox 394 3553 530 3625; x_wconf 84' lang='lat' dir='ltr'>pervertit</span> <span class='ocrx_word' id='word_1_291' title='bbox 548 3560 678 3627; x_wconf 91' lang='lat' dir='ltr'>naturae,</span> <span class='ocrx_word' id='word_1_292' title='bbox 695 3570 768 3627; x_wconf 87' lang='lat' dir='ltr'>quae</span> <span class='ocrx_word' id='word_1_293' title='bbox 788 3552 823 3609; x_wconf 91' lang='lat' dir='ltr'>ab</span> <span class='ocrx_word' id='word_1_294' title='bbox 839 3552 1005 3626; x_wconf 78' lang='lat' dir='ltr'>imperfecto</span> <span class='ocrx_word' id='word_1_295' title='bbox 1025 3551 1062 3609; x_wconf 92' lang='lat' dir='ltr'>ad</span> <span class='ocrx_word' id='word_1_296' title='bbox 1081 3551 1173 3624; x_wconf 87' lang='lat' dir='ltr'>perfe-</span> 
     </span>
     <span class='ocr_line' id='line_1_37' title="bbox 129 3634 1174 3709; baseline 0 -16"><span class='ocrx_word' id='word_1_297' title='bbox 129 3642 207 3694; x_wconf 90' lang='lat' dir='ltr'>ctum</span> <span class='ocrx_word' id='word_1_298' title='bbox 220 3635 359 3707; x_wconf 89' lang='lat' dir='ltr'>incidens,</span> <span class='ocrx_word' id='word_1_299' title='bbox 376 3636 501 3709; x_wconf 85' lang='lat' dir='ltr'>primunr</span> <span class='ocrx_word' id='word_1_300' title='bbox 515 3638 682 3696; x_wconf 88' lang='lat' dir='ltr'>societatem</span> <span class='ocrx_word' id='word_1_301' title='bbox 698 3639 729 3695; x_wconf 91' lang='lat' dir='ltr'>in</span> <span class='ocrx_word' id='word_1_302' title='bbox 745 3636 885 3709; x_wconf 81' lang='lat' dir='ltr'>coniugio,</span> <span class='ocrx_word' id='word_1_303' title='bbox 902 3635 1004 3693; x_wconf 91' lang='lat' dir='ltr'>deinde</span> <span class='ocrx_word' id='word_1_304' title='bbox 1019 3636 1049 3693; x_wconf 90' lang='lat' dir='ltr'>in</span> <span class='ocrx_word' id='word_1_305' title='bbox 1065 3634 1174 3693; x_wconf 85' lang='lat' dir='ltr'>tamilla</span> 
     </span>
     <span class='ocr_line' id='line_1_38' title="bbox 128 3718 939 3795; baseline 0.005 -20"><span class='ocrx_word' id='word_1_306' title='bbox 128 3718 215 3777; x_wconf 89' lang='lat' dir='ltr'>latius</span> <span class='ocrx_word' id='word_1_307' title='bbox 230 3720 382 3795; x_wconf 89' lang='lat' dir='ltr'>explicata,</span> <span class='ocrx_word' id='word_1_308' title='bbox 401 3719 515 3777; x_wconf 89' lang='lat' dir='ltr'>tandem</span> <span class='ocrx_word' id='word_1_309' title='bbox 529 3722 559 3779; x_wconf 89' lang='lat' dir='ltr'>in</span> <span class='ocrx_word' id='word_1_310' title='bbox 575 3721 652 3779; x_wconf 87' lang='lat' dir='ltr'>cirili</span> <span class='ocrx_word' id='word_1_311' title='bbox 665 3720 805 3779; x_wconf 90' lang='lat' dir='ltr'>consortio</span> <span class='ocrx_word' id='word_1_312' title='bbox 819 3722 939 3794; x_wconf 88' lang='lat' dir='ltr'>reponit.</span> 
     </span>
    </p>

    <p class='ocr_par' dir='ltr' id='par_1_6' title="bbox 164 3803 1172 3879">
     <span class='ocr_line' id='line_1_39' title="bbox 164 3803 1172 3879; baseline 0.003 -19"><span class='ocrx_word' id='word_1_313' title='bbox 164 3804 204 3861; x_wconf 81' lang='lat' dir='ltr'>lia</span> <span class='ocrx_word' id='word_1_314' title='bbox 217 3804 304 3877; x_wconf 83' lang='lat' dir='ltr'>igitur</span> <span class='ocrx_word' id='word_1_315' title='bbox 317 3803 451 3879; x_wconf 90' lang='lat' dir='ltr'>opinione</span> <span class='ocrx_word' id='word_1_316' title='bbox 464 3803 579 3878; x_wconf 89' lang='lat' dir='ltr'>reiecta,</span> <span class='ocrx_word' id='word_1_317' title='bbox 592 3804 715 3864; x_wconf 88' lang='lat' dir='ltr'>dicimus</span> <span class='ocrx_word' id='word_1_318' title='bbox 726 3804 873 3864; x_wconf 87' lang='lat' dir='ltr'>irulividaa</span> <span class='ocrx_word' id='word_1_319' title='bbox 884 3805 997 3865; x_wconf 84' lang='lat' dir='ltr'>ciuilem</span> <span class='ocrx_word' id='word_1_320' title='bbox 1008 3806 1172 3865; x_wconf 87' lang='lat' dir='ltr'>societatem</span> 
     </span>
    </p>
   </div>
   <div class='ocr_carea' id='block_1_6' title="bbox 129 3887 1173 4047">
    <p class='ocr_par' dir='ltr' id='par_1_7' title="bbox 129 3887 1173 4047">
     <span class='ocr_line' id='line_1_40' title="bbox 129 3887 1173 4047; baseline 0.011 -98"><span class='ocrx_word' id='word_1_321' title='bbox 129 3887 288 3967; x_wconf 76' lang='lat' dir='ltr'>efformare,</span> <span class='ocrx_word' id='word_1_322' title='bbox 305 3896 445 3969; x_wconf 84' lang='lat' dir='ltr'>quatenus</span> <span class='ocrx_word' id='word_1_323' title='bbox 460 3889 518 3952; x_wconf 81' lang='lat' dir='ltr'>iant</span> <span class='ocrx_word' id='word_1_324' title='bbox 532 3895 597 3959; x_wconf 83' lang='lat' dir='ltr'>ante</span> <span class='ocrx_word' id='word_1_325' title='bbox 613 3892 649 3953; x_wconf 88' lang='lat' dir='ltr'>ad</span> <span class='ocrx_word' id='word_1_326' title='bbox 665 3890 804 3957; x_wconf 81' lang='lat' dir='ltr'>latoiliam</span> <span class='ocrx_word' id='word_1_327' title='bbox 818 3892 1173 4047; x_wconf 55' lang='lat' dir='ltr'>peruneffgdonasticaut</span> 
     </span>
    </p>
   </div>
   <div class='ocr_carea' id='block_1_7' title="bbox 0 0 1388 4492">
    <p class='ocr_par' dir='ltr' id='par_1_8' title="bbox 0 0 1388 4492">
     <span class='ocr_line' id='line_1_41' title="bbox 0 0 1388 4492; baseline 0 4"><span class='ocrx_word' id='word_1_328' title='bbox 0 0 1388 4492; x_wconf 95' lang='lat' dir='ltr'> </span> 
     </span>
    </p>
   </div>
  </div>
 </body>
</html>
