2767 4492
26 4040 71 4047 Q

291 177 315 207 ἢ

223 369 274 428 tol
519 367 760 424 'murmuramus
774 374 920 420 srnminrs
946 409 950 416 .

220 465 308 544 rueris
323 462 509 523 attinitatibns
523 462 660 538 chymicis
678 459 725 518 vel
738 459 848 518 viribus
867 457 993 533 physicis
1011 456 1167 532 repetenda
1179 457 1266 519 duce·

220 558 274 612 ret.
287 551 344 610 liae
358 563 462 626 comae
470 548 663 608 conditionem
672 550 792 605 naturae
800 544 902 604 brutae
915 544 961 603 rel
974 547 1114 617 mortuae,
1126 548 1160 603 ut
1172 543 1264 618 aium,

221 636 340 697 minime
354 637 503 708 superant3
520 631 598 690 etad
620 645 767 690 summum
784 627 840 690 sub
860 627 1050 688 determinata
1062 627 1187 701 quadam
1203 627 1267 711 lege

222 723 372 794 operantes
393 718 430 776 ad
448 721 621 776 structuram
639 720 670 774 et
687 713 827 786 ordinem,
846 713 945 787 quiin
962 712 1130 772 accidentali
1144 712 1269 778 molocu-

221 805 315 863 larnm
328 801 473 861 iunctione
491 814 576 874 saepo
590 798 773 872 conspicitur,
789 797 992 871 explicandum
1009 797 1116 857 valent.
1136 798 1171 860 dt
1180 797 1212 856 in
1226 797 1267 857 η’-

222 887 356 952 tontibus
378 885 497 944 effectius
515 883 601 956 longe
622 881 729 942 diversi
742 887 771 939 et
785 880 893 940 altioris
911 880 1020 940 ordinis
1037 881 1267 956 manifestantur,

221 973 340 1046 ipsoque
355 969 496 1028 elementa
518 967 596 1041 leges
615 966 733 1026 omnino
757 965 828 1025 alias
843 971 1011 1040 sequmtnr,
1028 980 1115 1039 quam
1129 965 1196 1024 illae
1210 965 1269 1024 sint

221 1055 326 1130 quinus
335 1057 539 1128 temperantur,
551 1051 619 1110 dum
634 1049 801 1124 inorganica
815 1064 935 1123 corpora
949 1049 1109 1128 edormant.
1125 1049 1155 1108 ln
1166 1066 1199 1109 re
1212 1051 1268 1110 hac

221 1140 295 1206 mire
309 1137 491 1198 consentiunt
500 1134 739 1211 praestantissimi
749 1134 933 1194 scientiarum
948 1133 1122 1193 naturalium
1133 1135 1265 1218 cultores,
1305 1195 1310 1202 ,

223 1225 272 1299 qui
285 1223 404 1299 proinde
418 1222 507 1282 vitam
521 1221 595 1280 inter
607 1219 747 1294 impervia
761 1224 880 1278 naturae
896 1233 1002 1278 arcana
1018 1219 1208 1279 adnumerare
1225 1235 1269 1280 oo
1383 1263 1384 1270 ,

222 1307 395 1382 gesturum
404 1306 538 1365 omnihus
546 1319 769 1364 commemorare
780 1303 903 1362 sufficiat
918 1301 1137 1363 celeberrimum
1150 1305 1266 1380 doner,

222 1394 273 1467 qui
292 1393 333 1452 sic
347 1391 485 1464 loquittu:
506 1390 605 1462 u-l'ita,
627 1403 701 1462 oriae
714 1389 746 1447 in
760 1388 902 1449 elementa
925 1403 1028 1462 corpus
1046 1387 1147 1448 virens
1164 1389 1268 1464 iugiter

225 1501 236 1530 «
254 1474 454 1536 constituentia
464 1480 513 1534 aut
523 1475 559 1532 ab
570 1473 671 1533 eodem
685 1477 804 1533 attracta
814 1472 954 1532 actionem
969 1477 1086 1532 exercet
1094 1475 1268 1534 concauam

225 1586 236 1612 α
254 1561 325 1634 eius,
342 1574 429 1634 quam
440 1560 501 1617 sine
516 1558 579 1631 ipse
593 1561 761 1616 exercerent
774 1561 927 1616 consuetae
941 1557 1094 1615 affinitates
1109 1557 1266 1631 chymicae¹

226 1669 236 1696 ι
255 1644 354 1718 nequit
368 1642 485 1701 omnino
500 1657 563 1701 esse
579 1641 745 1700 earumdem
765 1641 939 1700 affinitatum
957 1640 1089 1713 ellectum
1103 1656 1157 1699 nec
1172 1646 1269 1701 tamen
1383 1705 1384 1722 χ

226 1753 237 1780 ι
254 1730 285 1786 in
299 1733 401 1786 natura
415 1726 471 1784 alin
482 1726 524 1785 vis
539 1726 719 1799 cognoscitur
734 1740 827 1798 capax
840 1724 960 1784 uniendi
973 1724 1049 1784 inter
1069 1741 1100 1784 sc
1113 1725 1268 1785 moleculas

226 1837 236 1864 t
255 1817 320 1870 ante
339 1815 492 1885 separatas.
518 1809 653 1870 Nativitas
677 1809 765 1882 igitur
780 1809 889 1868 entium
903 1809 1103 1882 organicorum
1117 1816 1161 1868 est
1175 1811 1269 1870 maxi-

226 1920 237 1949 «
255 1911 337 1956 mum
356 1895 524 1970 mysterium
539 1893 721 1953 oeconomiae
735 1893 886 1966 organicae
901 1897 929 1952 et
944 1893 1029 1952 totius
1044 1899 1162 1952 naturae
1175 1897 1202 1952 t.
1222 1917 1234 1944 ι

223 2033 226 2040 .
258 1981 285 2039 Si
296 1976 382 2053 igitur
396 1978 481 2038 limus
499 1977 627 2051 mysterii
642 1975 1015 2050 explicationemaliquam
1033 1977 1138 2036 rationi
1155 1991 1268 2038 acoom·

223 2066 338 2126 modam
362 2063 430 2122 darc
445 2060 590 2134 volumus,
607 2060 755 2120 latendum
769 2061 896 2119 ommino
911 2065 955 2119 est
968 2061 1044 2120 vires
1060 2061 1206 2135 cnpmicas
1224 2064 1271 2122 vel
1382 2062 1383 2065 ’

224 2148 355 2223 physicas
365 2147 396 2206 in
405 2145 539 2219 operibus
549 2145 622 2204 vitae
634 2159 786 2218 corporum
799 2144 959 2202 virentium
973 2143 1193 2204 considerandas
1207 2162 1271 2207 esse

225 2240 371 2304 umquam
389 2231 587 2301 instrumenta,
604 2244 677 2304 qnae
692 2229 796 2287 virtute
811 2228 935 2301 quadam
945 2229 1043 2289 altiore
1057 2229 1215 2289 evehantur
1234 2231 1272 2290 ad

225 2317 342 2376 effectus
356 2315 548 2388 praestandos,
566 2313 602 2370 ad
626 2329 698 2386 qnos
713 2315 765 2387 pei
779 2329 810 2372 se
826 2325 955 2372 seorsum
977 2314 1097 2374 idoneae
1115 2330 1173 2374 non
1192 2321 1269 2375 sunt.

225 2399 315 2468 Quare
325 2403 437 2471 praeter
450 2399 527 2472 ipses
542 2396 716 2470 principium
729 2398 845 2471 aliquod
859 2396 983 2471 simplex
997 2398 1156 2457 invisente
1176 2400 1271 2460 inesse

225 2488 343 2556 oportet,
360 2482 436 2556 quod
455 2480 565 2540 viribus
579 2486 698 2540 naturae
711 2489 840 2540 mortuae
862 2482 984 2555 propriis
1007 2481 1091 2555 longe
1108 2483 1269 2558 antecellat,

226 2567 356 2640 qiiodqne
381 2565 530 2624 materiam
556 2563 713 2624 informans
738 2565 850 2624 virtutis
874 2565 951 2625 illius
975 2565 1012 2624 sit
1035 2566 1115 2639 lons,
1139 2567 1272 2641 viresque

225 2649 367 2708 interioris
388 2647 496 2707 ordinis
515 2646 570 2706 sibi
592 2648 741 2706 submittat
754 2653 782 2707 et
806 2649 842 2708 ad
855 2649 930 2708 vitae
947 2651 1110 2708 functiones
1125 2651 1268 2709 adhibeat.
1381 2654 1383 2667 '

225 2732 398 2806 Principium
412 2730 552 2790 eiusmodi
566 2731 603 2790 ad
620 2733 775 2791 essentiam
789 2733 882 2808 ipsam
901 2733 1027 2807 corporis
1049 2734 1172 2794 virentis
1186 2735 1272 2808 perti·
1381 2782 1382 2797 ,

225 2834 295 2877 nere
310 2817 403 2889 debet,
420 2820 449 2874 et
467 2816 529 2874 cius
545 2815 720 2876 extinctione
734 2817 793 2878 rita
806 2818 900 2877 omnis
913 2818 944 2878 in
960 2834 994 2878 eo
1012 2817 1127 2891 desinit,
1143 2818 1210 2877 lieet
1223 2834 1272 2878 su·

224 2902 334 2976 porsint
348 2900 489 2960 clementa
503 2900 662 2962 materialia
671 2902 852 2974 generalibus
866 2902 1002 2962 materiae
1011 2902 1195 2975 inorganicac
1204 2903 1271 2962 uiri·
1381 2928 1382 2933 ¹

224 2986 280 3043 bus
303 2984 583 3043 innocentiorem
602 2985 757 3046 Bernclius:
776 3011 787 3037 α
806 2986 915 3047 lterera
929 2985 1070 3045 clementa
1090 2992 1211 3046 naturae
1227 3002 1272 3047 or-

229 3092 240 3120 l
258 3066 377 3140 garricas
397 3071 464 3126 snut
478 3067 731 3144 indestructibilia3
750 3071 801 3134 scd
821 3070 976 3130 existentia
989 3072 1103 3145 proprie
1117 3072 1193 3132 dicta
1209 3087 1272 3132 cor·

230 3167 360 3225 «porum
382 3151 580 3225 organicorum
604 3154 759 3214 destmitur
779 3155 841 3214 sinc
869 3154 972 3214 reditu.
995 3155 1176 3214 lndiriduum
1194 3156 1272 3228 quod

231 3236 385 3309 «moritum,
411 3236 541 3312 quodque
565 3253 616 3296 sua
634 3239 775 3297 elementa
797 3238 922 3298 restituit
935 3243 1055 3310 naturae
1074 3238 1269 3312 morganicae,

220 3383 224 3390 Ι
270 3381 283 3450 t¹
302 3427 311 3448 s
327 3407 361 3453 En
376 3406 436 3469 ellat,
451 3406 473 3452 lu
488 3405 523 3453 rie
536 3411 637 3466 excrpuut
647 3423 684 3454 sur
699 3408 732 3454 les
746 3409 852 3456 dldments
865 3410 904 3472 qni
918 3409 967 3456 font
981 3411 993 3456 d
1007 3409 1092 3473 chaque
1104 3410 1189 3456 instant
1201 3408 1275 3471 portio

221 3500 236 3546 ,ι
253 3481 283 3527 du
298 3497 360 3544 corps
374 3482 458 3543 virtut,
470 3486 492 3527 ct
506 3497 543 3528 anr
558 3497 610 3528 ceux
625 3483 662 3542 qu'
673 3482 716 3528 elle
730 3499 745 3545 p
758 3485 831 3547 attice,
843 3500 887 3530 une
897 3485 970 3531 action
981 3485 1089 3532 contraire
1105 3487 1117 3530 d
1131 3499 1156 3530 ce
1166 3499 1209 3545 que
1223 3499 1276 3545 pro-

228 3571 237 3593 ·
254 3553 363 3602 dnirsicnt
375 3569 427 3602 suns
443 3554 529 3602 alleles
546 3553 640 3601 nffinitds
659 3557 779 3620 chimiques
794 3557 935 3622 ordinairee,
951 3559 967 3604 tl
984 3574 1082 3621 repugno
1095 3558 1132 3621 qn'
1143 3558 1185 3604 elle
1199 3558 1277 3619 puisse

193 3665 197 3676 .
228 3645 237 3668 ι
255 3631 299 3673 dtro
313 3631 438 3678 ellomdmc
453 3629 554 3692 produite
567 3645 607 3692 pur
621 3647 656 3678 oea
671 3631 786 3695 «finite,
802 3640 825 3680 et
837 3633 883 3679 l'on
898 3649 927 3681 ne
939 3639 1030 3681 oonnutt
1044 3634 1167 3696 dependunt
1181 3631 1237 3678 daus
1251 3632 1277 3680 la

228 3719 237 3743 ι
255 3707 332 3749 nature
345 3719 429 3753 aucune
443 3711 505 3752 anua
518 3704 577 3752 force
592 3707 681 3768 ospello
697 3707 724 3753 de
738 3707 815 3754 munit
833 3708 871 3755 des
884 3709 1001 3756 meletulo·
1015 3713 1151 3771 superarunt
1164 3709 1275 3769 sdpsrdoa

228 3795 238 3818 ι
254 3777 284 3821 La
298 3776 410 3826 naissance
425 3780 463 3826 dos
478 3785 535 3827 oues
556 3781 667 3840 organista
685 3787 719 3828 est
738 3782 795 3828 douc
809 3781 830 3828 le
845 3783 895 3845 plus
910 3784 979 3846 pand
993 3786 1089 3846 mpstdre
1104 3782 1131 3828 de
1145 3781 1278 3827 l’dconomie

227 3869 236 3891 ι
255 3851 373 3912 organicus
387 3857 409 3898 et
422 3853 450 3898 de
464 3859 523 3900 toute
537 3855 559 3900 lu
574 3859 659 3902 nature.
674 3876 684 3898 ι
701 3859 734 3905 lc
748 3859 823 3918 lldptte
837 3861 930 3907 animal
943 3859 1059 3907 ddttn'dttd
1068 3859 1164 3918 d'cprdc
1177 3871 1220 3904 m
1234 3870 1279 3906 ot·-

223 3927 365 4002 pcclsoticc.
382 3927 449 3976 Tema
459 3929 477 3977 l.
495 3930 653 3980 lnuoduotion.
