2767 4492
519 355 748 408 rnnanonronrs
1143 346 1161 408 il

112 451 154 512 Ex
171 451 237 512 tanti
251 449 305 510 uiri
321 449 471 525 disciplina
480 449 663 524 quamplures
677 446 770 507 exorti
785 449 853 506 sunt
866 446 1018 521 sapientes,
1035 461 1161 521 quorum

111 537 198 596 aliiin
213 536 340 610 gerenda
353 534 509 610 republica,
527 534 575 592 alii
589 534 619 593 in
634 532 827 608 promovenda
841 531 1021 607 philosophia
1039 546 1158 606 operam

115 619 299 680 collocarunt.
320 619 340 678 E
359 619 463 693 quibus
482 617 640 692 Aristippus
662 615 833 692 Cyrenaicae
852 615 966 676 scholae
980 621 1089 690 auctor,
1105 615 1160 675 lin-

109 705 199 764 clides
210 704 390 779 Megalensia,
401 702 513 762 Phaedo
523 703 652 776 hiiensis,
664 702 846 761 Antisthenes
856 701 977 776 Cynicae
987 700 1074 774 (unde
1088 699 1159 760 Stoi·

108 805 144 849 ca
157 790 292 863 deinceps
306 789 417 847 Zenone
428 788 500 846 duce
511 785 648 858 manavit)
663 785 846 860 potissimum
860 789 1059 845 recensentur·
1066 785 1100 843 At
1108 801 1157 845 ne·

109 889 159 934 nro
174 890 212 933 ex
226 874 271 932 his
286 873 495 948 comparandus
510 877 553 932 est
563 871 681 944 Platoni,
699 872 749 945 qui
764 871 888 930 Socratis
901 870 1103 945 mentemplus
1112 886 1158 930 oe·

108 961 177 1020 teris
197 964 385 1034 assoqnuhrs,
412 958 594 1018 Academiam
609 957 748 1030 institerit,
766 956 892 1031 talesque
905 956 1014 1030 ingenii
1036 957 1082 1015 sui
1095 972 1158 1031 par-

108 1049 155 1104 tus
176 1045 273 1116 edidit,
290 1059 360 1118 quos
374 1042 454 1103 nulla
468 1058 597 1118 unquam
615 1042 761 1102 interimet
776 1047 863 1116 aetas,
880 1041 1011 1116 quamtis
1030 1041 1094 1100 luce
1114 1055 1158 1101 re

104 1127 257 1188 velationis
281 1143 382 1188 carens
408 1126 439 1187 in
458 1127 638 1206 turpissimos
662 1125 802 1200 quosdam
821 1142 932 1186 errores
950 1126 1099 1185 corruerit.
1115 1125 1157 1184 lix

104 1213 194 1272 huius
214 1229 281 1273 vero
301 1213 398 1272 schola
422 1212 528 1287 prodiit
546 1211 702 1270 Aristotiles
716 1211 919 1285 Peripateticae
939 1216 1033 1271 sectae
1048 1215 1155 1284 auctor,

107 1297 159 1370 qui
174 1313 233 1356 una
255 1313 322 1356 cunr
337 1297 454 1356 Platone
466 1311 566 1355 omnes
580 1295 729 1354 uetustatis
743 1295 887 1368 sapientes
900 1295 985 1356 facile
999 1295 1154 1370 superarit.

106 1383 165 1441 llos
177 1383 253 1442 inter
270 1381 302 1440 id
320 1379 496 1439 discriminis
510 1379 636 1444 interest,
654 1378 730 1451 quod
742 1378 820 1436 Plato
837 1379 870 1437 in
882 1379 1043 1454 synthesim
1056 1385 1086 1438 et
1103 1380 1155 1439 eb·

102 1465 294 1526 iectiritatem
312 1464 444 1523 idearum
467 1461 595 1534 inclinet,
612 1461 774 1522 Aristoteles
788 1468 888 1523 conha
900 1463 932 1522 in
946 1464 1159 1538 experientiam

104 1555 137 1610 et
151 1549 295 1624 enalysim
309 1548 493 1622 propendeat.

143 1635 202 1695 Sub
220 1633 249 1692 id
266 1635 400 1708 temporis
414 1639 530 1692 exortus
546 1633 684 1692 osteliam
696 1633 791 1708 Pyrro,
803 1637 854 1708 qui
864 1635 1157 1710 scephcismumaori-

106 1725 149 1779 tor
163 1719 361 1794 propugnas-'ie
378 1721 410 1782 et
421 1716 568 1790 Epicurus,
585 1717 634 1791 qui
648 1719 826 1778 atomisticae
842 1719 955 1779 scholae
969 1719 1082 1794 placitis
1100 1721 1152 1796 cp·

102 1805 285 1862 renaieorum
300 1802 483 1876 voluptatem3
503 1803 535 1860 in
549 1816 607 1876 qua
616 1801 809 1862 linisultimus
819 1803 944 1864 hominis
953 1809 1149 1881 reponeretur,

106 1889 248 1960 adiunxit,
260 1887 392 1962 quamvis
403 1885 534 1945 nonnulli
545 1887 751 1960 turpitudinem
760 1888 837 1947 hanc
852 1888 889 1947 ab
900 1889 1021 1964 Epicuro
1036 1890 1067 1949 in
1078 1905 1154 1950 asse·

103 1974 164 2032 clas
178 1973 355 2046 detorquent,
373 1969 455 2029 illum
469 1971 504 2029 de
517 1970 661 2046 voluptate
675 1988 735 2031 non
745 1973 1044 2033 sensibiliscdmorah
1053 1973 1154 2050 loquu-

103 2065 166 2118 tum
181 2073 242 2118 osse
256 2058 486 2130 interpretantes.

138 2143 166 2200 9.
183 2143 287 2202 Ceteris
301 2155 436 2200 successu
451 2141 587 2214 temporis
605 2143 690 2202 sectis
710 2143 854 2216 extinctis,
880 2148 1003 2218 quahmr
1028 2147 1148 2218 mutum,

100 2226 279 2298 Academica,
304 2223 487 2292 Aristotdica,
511 2227 612 2301 Stoica,
629 2227 769 2304 Epicurea
783 2229 933 2302 llorebant,
955 2244 1022 2288 cum
1046 2231 1152 2289 Graeca

100 2310 325 2387 philosophiam
339 2315 447 2370 celeras
461 2311 660 2386 eliamgentes
671 2317 771 2387 coepta
781 2319 824 2371 est
832 2313 995 2387 propagari.
1007 2314 1152 2388 liemapo

101 2397 247 2456 tissimum
263 2398 291 2453 et
304 2393 474 2455 Alexandria
487 2401 586 2456 notatu
601 2403 667 2456 sunt
683 2397 797 2472 dignae3
824 2413 947 2472 quarum
961 2397 1056 2472 prima
1075 2397 1151 2456 inter

100 2481 175 2540 alios
189 2479 372 2554 quamplures
388 2480 524 2539 Senecam
538 2482 570 2541 in
585 2482 690 2554 stoicis,
708 2482 871 2542 Lucretium
887 2483 917 2541 in
927 2481 1079 2557 epicureis,
1091 2481 1153 2539 'lul-

100 2565 176 2623 lium
188 2564 219 2622 in
242 2563 421 2624 aristotelicis
440 2564 527 2624 simul
542 2571 570 2624 et
586 2566 739 2641 platonicis
758 2569 890 2642 (utraque
909 2567 987 2627 enim
1012 2567 1151 2640 doctrina,

101 2650 191 2708 immo
206 2653 234 2706 ol
247 2648 336 2708 stoica
350 2649 447 2722 otiam,
464 2650 496 2708 in
510 2651 612 2710 morah
625 2652 803 2725 praesertim,
820 2649 1024 2725 delectabatur)
1034 2666 1151 2711 enumc-

99 2741 155 2806 rae
182 2733 270 2793 altera
290 2749 358 2792 uero
380 2737 480 2793 exorta
503 2733 769 2808 Neoplatonicornm
793 2739 871 2795 secta
894 2736 1042 2808 inclamit,
1073 2751 1148 2810 qnae

99 2818 187 2878 etiam
202 2817 334 2877 eclectica
341 2818 490 2877 nominata
496 2824 547 2876 est.
560 2819 644 2878 Porro
654 2819 882 2893 leoplatonismo
893 2820 1009 2880 initium
1020 2821 1087 2879 iecit
1096 2820 1147 2879 Po-

102 2907 209 2961 tamon.
236 2904 315 2971 Quod
339 2908 465 2977 systema
479 2917 513 2962 eo
528 2903 624 2962 anime
644 2903 838 2982 excogitatum
852 2912 904 2973 est,
926 2909 959 2960 ut
978 2904 1152 2961 christianae

98 2986 237 3058 lloligioni
255 2987 286 3045 in
300 2987 362 3044 dies
381 3003 412 3045 se
426 2988 595 3060 propagasti
610 3000 698 3058 agger
712 2983 893 3057 obtineretur,
914 2994 943 3043 ol
962 2985 1152 3058 spueretismo

97 3071 246 3131 doctrinae
260 3085 297 3127 ex
311 3069 434 3126 Platonis
447 3069 628 3140 potissimum
643 3073 670 3126 ot
684 3067 859 3142 Pythagorae
872 3067 985 3141 placitis
1000 3069 1037 3126 ad
1051 3070 1150 3143 mysti-

98 3169 167 3216 cum
179 3168 295 3212 sensum
305 3151 381 3211 male
393 3151 518 3224 detortis,
531 3156 559 3210 et
569 3152 728 3212 innumeris
738 3152 1022 3226 superstitutionibus
1033 3153 1150 3216 adiectis

97 3237 286 3299 conllabatur.
309 3235 534 3296 Praestantiores
557 3235 636 3296 illinc
654 3237 785 3312 prodiere
808 3237 944 3311 Plotinus,
968 3237 1147 3316 Porphyrius,

98 3321 281 3394 lamblichus,
298 3320 476 3394 Plutarchus,
486 3319 611 3380 Procles.
627 3321 657 3381 At
670 3321 745 3380 alius
759 3321 843 3394 longe
857 3321 959 3381 melior
972 3321 1150 3384 eclectismus

98 3412 229 3466 auctores
252 3405 353 3464 habuit
375 3405 517 3464 Ecclesiae
532 3405 636 3478 Patres,
655 3412 717 3465 tum
731 3420 780 3464 eos
794 3406 853 3479 qui,
871 3406 1018 3480 gymnasio
1036 3408 1068 3467 in
1083 3409 1147 3483 ipsa

70 3531 75 3540 ·
98 3491 269 3550 Alexandria
283 3505 335 3564 per
348 3491 528 3549 Ammonium
545 3492 707 3563 constitute,
724 3489 839 3564 publice
862 3489 1020 3552 docuemnt
1038 3493 1147 3567 (quales

99 3582 167 3634 sunt
190 3574 390 3650 Athenagoras,
417 3575 587 3648 Pantaenus,
604 3575 734 3636 Clemens
748 3574 965 3645 Alexandrinus,
992 3577 1146 3652 Origenosl3

99 3665 160 3719 tem
174 3675 232 3733 eos,
249 3661 298 3733 qui
313 3659 381 3718 alibi
395 3659 530 3733 privatim
544 3660 737 3734 philosophati
750 3665 827 3732 sunt,
839 3663 845 3673 “
857 3666 888 3719 ut
902 3661 1035 3731 lustinus,
1062 3661 1146 3722 lluso

97 3743 174 3816 hius,
198 3743 347 3817 Amobius‚
373 3744 515 3818 irenaeus,
541 3743 738 3818 Tertullianus,
764 3745 946 3820 Augustinus,
963 3745 1148 3820 aliiqueper·

97 3829 191 3902 multi;
208 3829 257 3904 qui
282 3845 349 3902 non,
372 3834 405 3888 ut
420 3829 565 3890 nonnulhs
579 3830 651 3888 ialso
666 3831 781 3904 arridet,
808 3830 954 3904 Platonici,
975 3831 1026 3889 sed
1045 3844 1147 3889 revera

97 3912 225 3973 eclectici
233 3913 353 3987 putandi
363 3919 438 3988 sunt,
448 3919 476 3974 et
486 3929 609 3988 quomm
620 3929 773 3976 nrrmerum
784 3915 992 3992 prodammodo
1006 3912 1144 3974 claudunt

97 3995 280 4066 Cassiodorus
299 4003 327 4058 ot
343 3997 487 4064 Bodtldus.
882 4014 886 4020 ·
