2767 4492
515 447 753 502 marsuam
1103 433 1162 503 ¹275

115 535 194 619 pium
212 541 256 602 est
269 535 407 618 superior.
426 539 559 616 superior
573 541 674 616 igitur,
694 555 799 616 nempe
815 536 976 602 subiectum
991 539 1160 600 anctoritate

115 627 294 704 praeditum,
309 643 377 687 rere
392 641 468 686 unns
483 641 544 686 esso
559 625 661 701 debet,
682 641 855 702 quamquam
871 643 908 686 err
927 627 989 702 ipso
1001 626 1098 685 variae
1116 625 1159 684 la·

115 713 231 773 cultates
247 711 404 786 pullulent,
425 713 600 787 adquorum
618 712 789 772 exercitium
813 711 932 770 diversis
956 709 1156 770 instrumentis

114 801 218 859 alaim.
234 797 426 872 Montesqnicu
440 810 506 856 curn
521 796 650 867 asseclis,
667 797 695 856 ei
707 797 820 856 uidetur
833 812 896 857 esse
910 794 1014 853 similis
1028 794 1078 868 qui
1093 795 1158 854 uni·

116 887 201 943 tatem
215 883 314 956 animi,
335 897 352 941 a
370 897 426 956 ouo
441 897 543 956 corpus
558 882 731 941 inlormatur
747 887 776 940 et
789 881 907 955 regitur,
928 880 1044 939 omnino
1059 884 1155 953 neget;

114 969 162 1029 sed
173 968 299 1042 singulae
310 968 459 1042 potentias,
471 967 586 1034 uidendi
601 983 648 1026 ex.
660 983 703 1041 gr.
715 965 903 1041 imaginandi,
914 964 1091 1037 intelligendi
1102 970 1157 1026 etc.

114 1069 130 1114 a
144 1052 283 1114 distinctis
297 1055 326 1110 ct
343 1051 463 1111 diversis
480 1051 630 1126 principiis
648 1052 790 1127 profluere
805 1052 947 1127 opinetur.

146 1138 251 1199 Verum
266 1137 327 1197 eius
342 1153 420 1196 error
438 1135 506 1196 inde
520 1137 674 1213 processli,
692 1138 768 1213 quod
783 1138 868 1197 unice
887 1137 923 1196 ad
942 1142 1053 1212 partem
1072 1151 1159 1214 nega·

113 1223 199 1284 tlvam
216 1222 390 1282 auctoritatis
409 1223 656 1298 contemplandam
675 1239 707 1283 se
726 1222 883 1296 convertit3
899 1222 1051 1296 positivam
1068 1239 1155 1299 vero,

112 1325 185 1384 qnae
197 1306 349 1381 praecipua
358 1309 402 1366 est
411 1305 664 1367 etlundamentnm
674 1309 764 1383 ipsius
773 1309 861 1382 partis
871 1308 1029 1381 negativae,
1041 1309 1159 1370 omnino

113 1393 247 1466 neglexit.
263 1391 404 1452 Nimirum
420 1392 608 1452 consideravit
618 1393 805 1452 remotionem
817 1392 933 1466 abusns3
950 1409 987 1452 ne
998 1393 1088 1452 lrilnm
1099 1394 1160 1468 qui·

39 1486 43 1492 '
113 1477 178 1536 dem
193 1475 326 1550 cogitarit
341 1477 376 1536 de
391 1477 498 1537 unitate
513 1477 619 1537 ordinis
635 1482 663 1538 et
677 1479 771 1552 vitae,
792 1493 879 1552 quam
898 1479 1050 1538 auotoritas
1064 1479 1160 1538 multi·

114 1561 214 1635 tudini,
231 1563 263 1620 ut
280 1561 394 1620 animus
408 1561 519 1637 corpori
537 1562 709 1636 impartitur.
726 1563 755 1620 Si
768 1571 863 1638 partes
879 1563 1063 1635 auctoritatis,
1080 1567 1160 1622 anto·

10 1663 14 1706 ι
113 1661 215 1707 nomae
228 1647 344 1707 omnino
358 1646 520 1706 alliciantur
534 1653 562 1707 et
571 1664 588 1707 a
597 1647 674 1706 nullo
684 1647 825 1722 principio
839 1663 905 1707 vere
922 1663 978 1707 nno
993 1649 1156 1722 dependen-

10 1747 14 1788 r
116 1738 174 1806 tes,
191 1731 331 1806 quomodo
349 1745 505 1791 consensus
523 1736 552 1791 et
569 1731 721 1791 harmonia
738 1738 873 1806 exsurget
890 1734 920 1792 in
939 1738 1018 1791 motu
1037 1733 1160 1792 sociali?

10 1835 11 1850 ¹
116 1817 273 1877 consensus
287 1815 335 1875 hic
349 1815 471 1876 casualis
485 1818 540 1876 crit
553 1822 581 1876 el
596 1817 740 1890 fortuitum
754 1823 783 1876 et
796 1818 965 1892 plerumque
977 1817 1045 1877 inde
1058 1833 1160 1892 prove·

117 1903 194 1978 niet,
211 1901 286 1976 qnod
304 1917 443 1977 unapars
458 1903 562 1962 astutia
581 1909 630 1966 aut
648 1903 677 1962 vi
696 1903 767 1962 alias
782 1904 914 1977 subigat,
933 1910 980 1977 et,
1001 1904 1035 1962 ad
1052 1904 1161 1963 iactum

117 1987 191 2062 quod
206 1987 336 2062 pertinet,
350 1988 410 2046 sola
424 1985 454 2046 in
469 1993 578 2047 ceteras
588 1987 759 2047 dominetur.
777 1988 817 2046 ld
831 2003 894 2047 reru
904 1987 1084 2061 Romagnosi.
1104 1988 1163 2046 «la

121 2095 131 2126 e
152 2077 264 2147 pretesa
278 2072 402 2131 bilancia
417 2071 554 2146 de’poteri
565 2073 750 2132 contrastanti
765 2089 822 2131 non
837 2073 996 2132 sottomessi
1010 2074 1045 2131 ad
1059 2089 1099 2132 un
1114 2089 1164 2148 po·

120 2177 131 2209 a
154 2164 212 2215 tore
227 2156 351 2214 neutrale
366 2156 419 2213 cho
437 2155 457 2213 ll
473 2153 653 2230 predonum,
671 2159 687 2214 e
705 2173 746 2215 un
763 2163 945 2217 controsenso
964 2159 1017 2218 cire
1033 2165 1163 2219 surrecta

122 2263 133 2293 a
154 2241 221 2314 ogni
243 2242 308 2298 idea
322 2239 350 2298 di
369 2237 484 2312 politico
503 2255 636 2314 governo.
664 2241 766 2308 Questa
781 2241 905 2301 bilancis
919 2243 1048 2304 risolvesi
1063 2245 1092 2303 in
1107 2259 1166 2304 uno

123 2347 134 2378 a
155 2325 260 2383 scisma
278 2329 415 2397 perpetuo
433 2323 486 2383 cire
504 2323 592 2382 doura
611 2323 693 2382 finire
713 2324 775 2382 coll'
787 2329 969 2398 oppressione
994 2329 1068 2388 della
1085 2335 1166 2405 parte

124 2431 135 2462 a
156 2424 241 2468 meno
255 2409 345 2468 nnita.
364 2409 397 2467 Se
412 2425 453 2467 un
469 2424 592 2483 governo
607 2409 770 2467 der'essere
785 2409 1017 2471 cesennialmento
1031 2413 1167 2486 pubblico

125 2519 135 2548 a
160 2499 236 2554 tauto
251 2495 326 2553 nella
336 2493 516 2568 straorigine,
529 2499 635 2568 quanto
648 2493 782 2553 nellesue
798 2493 933 2567 lunzloni;
949 2496 1004 2567 egli
1014 2497 1030 2552 d
1040 2499 1159 2556 assurdo

122 2603 136 2632 a
156 2581 316 2640 introdurri
329 2595 370 2639 un
384 2579 613 2653 usdaudeismo,
631 2579 683 2638 clre
700 2579 783 2652 toglic
797 2579 814 2636 l’
826 2579 907 2638 amita
919 2579 965 2637 dei
980 2578 1069 2638 voleri
1087 2596 1103 2638 e
1118 2579 1165 2639 del

124 2689 135 2718 e
157 2665 256 2741 poteri.
275 2667 309 2725 Se
323 2665 351 2723 lo
370 2667 445 2725 lorza
460 2664 505 2723 del
520 2681 643 2739 governo
658 2664 816 2724 dev'essere
832 2663 994 2738 prevalente
1009 2664 1045 2722 ed
1060 2663 1164 2740 attica,

125 2775 136 2804 1
158 2753 212 2825 egli
228 2751 244 2809 d
259 2751 376 2809 assurdo
388 2750 526 2809 dividerla
540 2765 591 2824 per
601 2751 672 2810 iarla
681 2750 789 2809 servire
803 2765 820 2808 a
835 2749 937 2808 lazioni
950 2749 1110 2808 ostilmeute
1121 2765 1168 2809 aco

125 2857 137 2888 a
158 2839 288 2908 camparte
303 2835 329 2893 le
345 2848 401 2894 une
417 2841 514 2893 contro
529 2834 556 2893 le
570 2836 650 2894 altre.
668 2835 702 2893 Se
717 2840 817 2908 quiesta
832 2835 909 2892 lorea
924 2834 1009 2893 unica
1023 2833 1166 2896 dea'esser

125 2945 137 2974 a
157 2935 253 2978 mossa
271 2919 308 2978 da
325 2934 383 2977 una
402 2917 515 2977 volontd
530 2923 602 2977 tulta
615 2919 760 2994 publilius,
782 2919 837 2993 egli
856 2919 1005 2978 dassurdo
1021 2920 1065 2978 lar
1078 2919 1166 2978 inter·

125 3031 136 3058 a
158 3005 256 3063 v'eriire
266 3002 510 3064 un’altravolontd
520 3005 572 3063 elie
584 3005 610 3062 la
625 3019 710 3078 possa
723 3005 915 3063 imburnnzare
930 3006 1001 3063 olar
1017 3005 1164 3064 traviare.»

123 3089 200 3150 Unde
216 3089 367 3148 concludit:
387 3089 452 3147 «Lo
466 3087 642 3164 prenoteazo
656 3090 781 3164 offertioo
796 3089 841 3148 det
853 3105 966 3148 somaro
980 3091 1092 3166 impero
1107 3091 1168 3162 sor-

126 3199 138 3230 «
158 3189 210 3234 mo
224 3173 248 3234 a
261 3175 370 3250 dopmo
384 3175 545 3251 primario,
561 3175 793 3250 fundamentoto,
809 3175 1034 3251 tootrpeosodtte
1049 3175 1081 3235 di
1095 3191 1169 3250 quo

126 3281 139 3318 r
161 3259 272 3335 luraque
286 3261 368 3321 doto
385 3277 511 3337 posenno
526 3261 551 3321 1.
574 3283 586 3314 ι

424 3411 588 3496 Solvuntur·
603 3429 799 3512 difficultates.

161 3602 250 3668 Oblic.
262 3599 282 3668 Ῑ.
294 3601 353 3668 llisl
367 3601 502 3668 radicitus
517 3613 545 3669 et
558 3605 643 3684 plene
657 3614 753 3685 partes
768 3607 833 3668 illae
849 3599 1023 3668 ancoritatls
1038 3613 1169 3682 separer·

125 3697 191 3768 tur;
207 3708 321 3768 semper
335 3694 493 3768 periculum
508 3696 654 3770 imminet,
669 3711 710 3755 ne
726 3709 892 3770 supremum
907 3695 1061 3768 imperium
1076 3693 1107 3751 in
1122 3693 1170 3751 de·
1210 3725 1213 3732 -
1256 3715 1259 3718 ⁴

10 3843 12 3862 ζ
124 3779 294 3858 spotlsmnm
310 3783 499 3840 convertatur.
516 3779 550 3839 llt
562 3795 662 3841 revera
676 3781 708 3841 in
717 3781 804 3840 rebus
813 3777 938 3854 physicis
952 3795 990 3839 ex
1000 3777 1110 3839 mribus
1121 3793 1170 3852 op·

124 3863 225 3940 positis
240 3878 395 3924 consensus
410 3863 565 3926 enascitur.
1146 3864 1149 3873 '

172 4041 809 4146 ammisernanau,
