2767 4492
238 331 289 390 itii
566 336 953 384 rrsrserrrsrunssrscrsurs

234 432 289 500 est3
308 426 448 500 siquidem
461 423 636 483 sensationes
652 437 718 496 cum
732 420 769 478 ab
780 420 893 493 organis
908 419 1059 494 pendeant,
1070 436 1128 481 nen
1140 423 1273 498 spiritua·

232 512 343 570 litatem
363 511 411 569 sed
422 511 512 569 solam
529 506 740 580 simplicitatem
758 505 919 564 ostendunt.
938 504 993 563 Sed
1008 505 1067 564 iarn
1078 506 1114 564 ad
1129 509 1273 581 probatio

232 611 284 658 nes
299 595 457 654 veniamus.

266 677 352 737 Prot.
369 678 393 736 l.
410 679 442 736 Ut
460 677 579 750 quisque
595 676 718 748 conscit,
737 675 850 733 animus
870 680 966 734 noster
974 676 1179 751 perceptiones,
1200 678 1274 739 iudi·

231 765 285 838 cia,
301 762 587 836 ratiocinationesque
606 761 717 834 peragit
734 760 810 819 circa
825 761 936 820 obiecta
954 766 1036 820 extra
1050 775 1166 820 omnem
1184 769 1274 823 mate»

230 850 304 908 riam
322 847 412 923 posita
426 845 592 920 elundiquo
612 845 781 920 spiritualia,
800 845 835 903 ad
851 861 924 918 quae
939 844 1157 904 internoscenda
1171 862 1275 923 corpus

127 923 141 947 ⁶
230 933 341 991 influxu
361 948 412 990 suo
430 931 619 989 determinare
639 946 700 989 non
718 935 819 1004 potest.
839 928 1002 988 cuiusmodi
1019 929 1177 1004 suntlieus,
1190 931 1275 991 intel·

231 1017 364 1092 ligentie,
382 1017 480 1090 virtus,
501 1017 645 1088 honestae,
667 1017 745 1090 ordo,
762 1015 872 1088 vitium,
893 1015 1081 1089 pulchritudo,
1098 1015 1207 1090 relatio,
1223 1018 1273 1078 bo-

228 1103 312 1176 nitas,
328 1101 511 1176 possibilitas,
528 1107 643 1158 aeterna
659 1101 780 1173 duratio,
797 1100 910 1173 aliaque
930 1105 1065 1158 sexcenta
1084 1115 1157 1174 quae
1175 1117 1271 1176 corpo

228 1202 310 1245 reum
329 1185 490 1244 transiliunt
509 1185 638 1242 ordinem
662 1183 699 1242 ab
719 1184 855 1258 omnique
873 1188 942 1241 sunt
964 1184 1144 1243 concretione
1166 1185 1268 1246 soluta.

228 1271 316 1344 litque
330 1271 401 1328 hacc
419 1269 458 1327 ita
477 1268 589 1326 animus
609 1267 824 1340 contemplatur,
846 1272 878 1324 ut
892 1267 960 1324 talia
978 1282 1040 1326 esse
1056 1267 1199 1342 concipiat
1218 1269 1272 1328 eis·

227 1355 348 1428 demque
363 1351 557 1410 ratiocinando
567 1350 752 1424 proprietates
767 1350 881 1421 tribuat,
893 1365 966 1423 quae
977 1351 1137 1424 spirituales
1151 1353 1268 1412 omnino

228 1443 293 1496 sunt
306 1436 490 1495 etmateriam
499 1450 613 1494 omnem
624 1435 776 1502 excedunt.
789 1434 871 1507 Atqui
890 1435 1016 1506 operatio
1026 1435 1165 1494 eiusmodi
1177 1437 1213 1495 ab
1225 1453 1269 1497 or-

226 1537 300 1596 gano
319 1536 452 1595 corporeo
467 1518 586 1576 minime
606 1519 718 1592 pendet.
739 1518 807 1575 llam
829 1518 948 1576 facultas
959 1534 1032 1591 quae
1049 1520 1205 1579 materialis
1219 1537 1263 1580 or·

225 1605 292 1680 gani
307 1605 482 1663 consortium
504 1602 645 1676 exquirit,
667 1602 767 1675 nequit
784 1618 815 1660 se
835 1604 995 1675 porrigere,
1018 1603 1074 1661 nisi
1095 1604 1132 1661 ad
1150 1619 1269 1678 monae

226 1691 256 1748 in
276 1705 383 1763 organa
405 1687 590 1762 imprimunt,
609 1691 695 1760 atque
712 1686 776 1743 idco
794 1687 909 1744 nonnisi
928 1686 1039 1745 obiecta
1059 1688 1175 1761 respicit
1196 1705 1270 1762 qrrac

200 1795 205 1803 ·
227 1779 361 1833 concreta
376 1777 443 1831 suut
461 1777 489 1829 et
508 1769 704 1830 materialibus
724 1770 933 1828 conditionibus
954 1770 1098 1829 adstricta.
1120 1772 1191 1844 Ergo
1207 1772 1270 1831 ani·

225 1873 290 1916 mus
308 1859 452 1914 humanus
468 1854 630 1928 operatione
649 1853 754 1928 gaudet
769 1853 918 1927 spirituali,
931 1855 1097 1928 ac'proinde
1110 1856 1269 1929 spiritualis

226 1947 401 2082 millolltll.
424 2025 483 2083 lion
499 2023 591 2082 solum
608 2039 646 2081 ex
666 2022 826 2095 cognitione
843 2037 939 2080 rerum
958 2023 1157 2096 spiritualium,
1176 2029 1209 2083 ut
1224 2027 1267 2084 le·

224 2107 324 2181 cimus,
348 2108 398 2167 sed
417 2124 453 2166 ex
469 2108 530 2182 ipso
545 2107 629 2166 modo
647 2107 836 2180 cognoscendi
854 2122 901 2164 res
917 2106 1079 2166 materiales
1094 2106 1195 2165 eadem
1213 2123 1263 2166 ve·
1325 2134 1332 2142 ·

220 2329 302 2375 ergene
316 2313 433 2360 cerebrolis
448 2329 460 2360 s
474 2313 613 2376 phrenelogis
629 2317 762 2360 statuuntur.
784 2315 905 2374 hesma,
924 2317 949 2358 ut
963 2312 1084 2374 physiologi
1102 2313 1189 2376 docent,
1205 2328 1270 2360 cene-

219 2389 283 2435 brnm
299 2389 388 2451 eiusque
402 2395 488 2452 portes,
506 2389 688 2452 quemadmodem
702 2389 811 2451 reliquum
827 2404 905 2450 corpus
920 2387 1029 2449 bominis,
1044 2387 1126 2433 sensim
1140 2387 1188 2433 sine
1202 2403 1270 2433 sensu

216 2465 287 2526 qnesel
300 2463 417 2526 particulos
433 2464 492 2510 undo
508 2469 600 2526 constat,
622 2469 774 2512 commutetur.
791 2464 852 2509 l'ude
871 2463 974 2524 temporis
994 2463 1054 2508 iluna
1075 2467 1119 2507 tots
1135 2462 1182 2508 eius
1197 2477 1270 2509 mesen

217 2541 278 2601 prior
294 2539 403 2586 evanescit
417 2555 441 2584 sc
459 2553 514 2586 nore
529 2539 634 2602 paulatim
655 2538 771 2584 sollicitor.
788 2540 812 2584 Si
828 2539 895 2599 igitur
910 2539 933 2584 in
949 2538 1037 2584 cerebro
1057 2537 1190 2599 principium
1204 2537 1268 2597 eogi-

216 2613 278 2659 tsndi
293 2615 414 2675 reponitur,
433 2613 472 2658 lroe
487 2613 510 2659 in
528 2613 575 2658 dies
595 2613 683 2674 rerisri,
701 2628 726 2658 se
747 2612 835 2658 tandem
850 2613 873 2656 in
891 2610 950 2658 slinrl
965 2611 1019 2658 resti
1040 2611 1106 2673 pleno
1125 2611 1220 2658 deberet.
1238 2613 1268 2657 lt

217 2703 277 2750 vero,
294 2693 319 2732 nt
333 2703 396 2733 nemo
411 2703 454 2732 non
472 2687 589 2750 experitur,
609 2701 701 2749 persons
716 2691 825 2750 nmtrsbet
839 2686 949 2747 cogitandi
965 2687 1098 2749 principium
1118 2686 1176 2732 ilem
1192 2692 1270 2732 menet

215 2763 294 2824 ingiter
308 2767 329 2808 et
345 2777 370 2809 er
390 2763 483 2824 integrm
503 2763 534 2808 its
553 2767 577 2807 ut
593 2761 621 2808 sd
637 2762 758 2824 praesentis
778 2763 836 2809 sitae
856 2761 923 2809 linem
939 2761 1026 2808 eosdem
1047 2761 1137 2808 omnirm
1157 2778 1201 2808 non
1217 2777 1266 2808 esse

216 2837 308 2884 sciemus
324 2839 363 2900 qui
378 2853 437 2884 nune
452 2841 474 2883 et
489 2837 528 2899 qni
543 2841 615 2900 entes,
631 2836 703 2899 qnosel
712 2836 840 2896 longissime
849 2837 959 2883 reeordari
970 2853 1093 2899 pommus,
1111 2837 1264 2898 operabamur.

213 2912 269 2972 Ergo
283 2917 399 2975 utrumqne
415 2911 497 2958 cerebri
514 2919 586 2974 pestes
601 2913 674 2958 animo
690 2913 790 2974 operanti
807 2911 946 2975 subvenient,
965 2911 1024 2958 lrnnc
1039 2911 1066 2958 sb
1080 2912 1109 2958 iis
1124 2912 1214 2959 omnino
1226 2911 1266 2958 ‹ll-

215 2987 317 3033 stinetum
328 2993 477 3050 secretumque
491 3004 537 3034 esee
551 2993 643 3050 oportet.
954 3035 961 3047 ,

262 3061 404 3122 Pbrenologia
424 3062 490 3122 igitur
509 3063 527 3108 si
542 3063 696 3110 materialismo
714 3065 818 3126 coniungi
836 3064 897 3126 velit,
920 3063 1075 3110 absurdissime
1090 3064 1156 3126 plene
1172 3063 1267 3110 dicende

212 3135 262 3182 erit.
278 3136 317 3181 Sin
333 3141 404 3183 sutem
420 3151 445 3182 ee
456 3137 589 3184 absurditate
604 3140 718 3201 spolietur,
732 3146 797 3202 etque
811 3143 972 3186 constituentur
988 3140 1039 3186 illse
1049 3140 1132 3186 cerebri
1142 3144 1223 3202 portes,
1240 3144 1269 3184 nt

211 3213 356 3258 instrumente
369 3217 453 3258 tentum
470 3213 547 3276 enimi,
560 3215 687 3262 discrimine
703 3216 762 3261 inter
775 3216 942 3262 sensibilitatem
954 3219 976 3260 et
989 3215 1157 3276 intelligentiam
1168 3220 1264 3277 serrsto,

212 3288 380 3350 repugnantiam
393 3303 436 3334 nen
453 3288 556 3334 incolcet.
571 3289 599 3335 lt
608 3291 678 3351 quoad
690 3290 862 3353 distinctionem,
875 3305 999 3352 nnmerum,
1011 3291 1078 3336 situm
1088 3304 1216 3353 organorum
1228 3305 1267 3334 so-

212 3369 286 3410 cnrsta
302 3369 324 3410 et
338 3369 395 3410 certa
410 3363 560 3410 observatione
576 3365 657 3411 tremori
673 3364 770 3428 debebit,
787 3367 844 3426 qnod
861 3365 966 3412 bsetenns
982 3366 1063 3412 lectum
1074 3381 1118 3412 non
1135 3369 1204 3412 estet
1220 3364 1269 3410 lor·

211 3441 267 3484 tesso
283 3455 395 3501 nunqnam
406 3439 450 3484 tint.
465 3439 519 3485 lndo
530 3445 602 3485 entem
615 3439 670 3485 nibil
684 3440 832 3486 uladislao
843 3441 931 3503 poterit,
947 3441 991 3486 nisi
1000 3442 1114 3488 cerebrum
1124 3440 1266 3504 potissimum

210 3529 315 3572 organum
331 3530 378 3560 esse
388 3515 539 3576 operationum
555 3513 683 3574 animantis,
696 3529 720 3559 eo
736 3531 777 3576 pro
790 3515 915 3562 diversitate
926 3515 1066 3579 perfeetionis
1081 3530 1211 3576 amporam
1225 3515 1260 3560 ‹ll-

208 3589 331 3658 cessitatem
342 3590 460 3636 instinctns
474 3595 496 3635 et
511 3590 608 3635 molieris
619 3589 756 3649 cogitationis
771 3591 794 3636 in
811 3591 899 3638 bomine
909 3592 1020 3654 explicari.
1034 3592 1096 3647 Quod
1107 3591 1196 3653 quiderm
1207 3605 1266 3636 cen-

208 3658 289 3706 lessum
299 3679 383 3726 semper
393 3665 495 3711 omnibus
511 3665 564 3726 luit3
584 3664 691 3726 siquidem
705 3665 800 3727 enimus,
816 3666 869 3712 dum
878 3669 964 3728 corpori
974 3667 1082 3728 iungitur,
1093 3666 1266 3726 intelligentiam

206 3729 331 3797 eeterssq'ne
344 3741 401 3786 uires
416 3740 533 3786 sationales
544 3755 589 3784 non
604 3740 705 3801 explieat,
722 3740 764 3784 nisi
781 3740 924 3786 sensibilitate
934 3743 1052 3788 comitante
1065 3748 1087 3787 et
1100 3741 1214 3788 mutarim
1226 3756 1265 3786 ee-

207 3811 319 3872 gitntionis
338 3813 489 3879 ministrsnte3
506 3813 639 3862 sensibilitas
660 3819 734 3862 sutem
754 3831 844 3878 corpere
867 3821 977 3880 tamqnam
993 3818 1139 3864 instrumento
1161 3816 1190 3862 sd
1206 3831 1265 3879 ope-

210 3886 304 3935 randum
314 3888 390 3936 utitur.
