2767 4492
251 251 288 313 to
708 263 836 309 cosroen

252 353 313 408 tum
328 347 473 424 aliquibus
489 349 600 408 tantum
611 363 649 406 ex
658 347 842 406 interioribus
853 345 1008 421 trilunatum
1021 347 1098 422 qnod
1107 348 1238 408 innuitur
1246 365 1300 424 per

249 433 421 509 particulam
437 447 510 507 quae
523 432 610 492 huius
625 431 783 491 diminutae
797 430 970 505 acceptionis
982 432 1020 490 sit
1029 437 1114 506 notu,
1124 445 1171 492 ex.
1183 448 1227 508 gr.
1244 434 1299 494 oli

131 567 133 574 ,
250 517 507 593 petasunculus
523 522 577 577 etc.
590 515 726 592 Exemplo
740 517 811 575 sint:
828 515 942 590 aliquod
952 531 1004 575 ens
1018 523 1062 576 est
1075 517 1216 578 iniectum
1227 564 1235 592 ,
1247 519 1298 580 ali·

250 603 326 680 quod
341 608 449 663 astrum
459 618 518 662 non
533 601 676 662 scintillat.
692 601 843 661 lndeiinita
852 606 912 675 est,
928 601 1011 661 cuius
1025 600 1187 662 subiectum
1203 603 1297 664 termi-

248 703 304 748 nus
316 688 477 748 communis
495 693 576 762 agat,
593 692 623 746 at
637 686 716 746 nulla
730 686 848 746 affectum
869 685 907 745 sit
920 685 1060 761 particula
1076 701 1150 761 quae
1169 687 1232 747 eius
1247 702 1296 747 ex-

250 773 409 832 tensionem
418 774 536 847 innuat,
548 788 595 832 ex.
611 787 654 846 gr.
670 772 696 830 si
710 771 804 830 dicas:
819 771 905 831 homo
915 777 959 830 est
972 770 1054 830 liber.
1071 772 1239 831 Enunciatio
1249 772 1297 832 de·

249 857 336 932 nique
347 857 501 931 singularis
510 871 545 915 ea
555 856 698 929 est,cuius
707 855 867 915 srrbiectum
877 860 921 914 est
930 855 1068 914 terminus
1077 854 1295 930 singrduris,ex.

249 957 292 1015 gr.
308 940 415 1001 llrllius
429 947 473 1000 est
487 946 633 1000 cratonum
648 940 792 1015 princeps.

285 1025 394 1094 Tertio,
415 1025 525 1084 radone
539 1025 676 1088 materiae
691 1025 846 1100 propositio
859 1024 1030 1099 dispescitur
1047 1024 1078 1084 in
1091 1023 1253 1100 simplicem
1267 1031 1297 1084 et

189 1121 192 1126 ·
249 1110 450 1186 compositam.
463 1110 590 1185 Simplex
599 1111 669 1184 erit,
686 1126 760 1186 quae
773 1110 858 1170 unico
873 1110 1001 1170 srrbiecto
1015 1116 1044 1169 et
1056 1110 1218 1184 praedicato
1229 1125 1294 1169 oon-

248 1199 322 1270 stat,
347 1195 400 1254 etsi
418 1193 585 1254 alterutrum
602 1195 784 1271 complexum
799 1196 850 1269 sit,
870 1195 954 1255 modo
974 1194 1071 1270 plmcs
1089 1195 1226 1254 terminos
1240 1210 1293 1269 ope

248 1279 366 1340 alterius
376 1278 532 1355 particulae
546 1295 603 1339 non
613 1285 771 1340 connectat.
782 1280 951 1355 Exemplum
962 1279 1036 1339 sint:
1053 1279 1095 1338 sol
1109 1285 1152 1339 est
1164 1278 1291 1352 lucidus3

247 1365 293 1424 vir
306 1365 386 1454 tortis
405 1379 462 1424 non
477 1370 599 1440 expavet
616 1371 747 1426 mortem.
765 1366 866 1425 Contra
880 1365 1035 1441 propositio
1049 1365 1206 1439 composita
1220 1364 1291 1436 erit,

246 1449 271 1509 si
288 1454 338 1508 aut
352 1449 483 1524 pluribus
492 1450 733 1524 propositionibus
751 1451 907 1523 coalescat,
929 1456 978 1510 aut
992 1449 1126 1509 attributo
1139 1448 1185 1507 sel
1201 1448 1294 1508 suble

245 1537 290 1594 cto
309 1539 428 1608 constet,
439 1533 619 1608 quasplures
637 1535 773 1594 terminos
788 1535 944 1609 particulae
959 1533 1107 1594 ctriusdam
1123 1533 1235 1593 uinculo
1245 1548 1291 1592 co·

244 1618 355 1694 putant.

282 1701 437 1776 Propositio
452 1704 609 1776 composita
623 1704 802 1778 quadnrplex
821 1721 883 1764 esse
896 1711 1004 1780 potest:
1021 1701 1236 1769 coaditionalis,
1247 1715 1288 1759 co

244 1785 391 1862 puletico,
405 1787 595 1856 dislocation,
612 1789 790 1848 etcousolis.
808 1789 1008 1850 conditionalis
1017 1804 1052 1848 ea
1062 1793 1121 1862 est,
1141 1803 1198 1861 qua
1210 1787 1293 1860 plura

248 1869 412 1943 praedicata
429 1870 472 1930 vel
487 1872 584 1945 plures
604 1874 819 1936 enunciationes
833 1891 885 1950 per
899 1875 1070 1950 particulam
1083 1873 1110 1931 si
1124 1875 1288 1931 nectuntur:

245 1969 292 2014 ex.
308 1969 351 2029 gr.
368 1954 393 2014 si
408 1955 553 2029 esthomo,
567 1961 610 2016 est
623 1959 740 2018 animal.
756 1958 818 2018 llici
829 1960 898 2018 solet
909 1960 997 2018 etiam
1008 1957 1209 2033 ltppotltetioo5
1224 1969 1292 2014 cum

246 2043 345 2098 contra
358 2053 392 2098 ea
406 2041 574 2115 propositio,
595 2057 669 2115 (prae
685 2042 813 2102 absolute
826 2043 1023 2118 praedicatum
1037 2041 1165 2100 sribiecto
1180 2039 1289 2114 tribuit,

243 2123 404 2197 comportes
425 2123 572 2183 vocitetur.
589 2125 629 2184 Ex
645 2125 810 2187 huiusmodi
823 2127 995 2202 praedicatis
1020 2127 1066 2186 vel
1082 2124 1288 2185 enuntiationi-

243 2206 300 2265 bus
313 2206 375 2280 illa,
394 2222 467 2282 quae
477 2223 528 2282 per
537 2209 708 2284 particulam
721 2212 749 2270 si
763 2211 970 2286 quodammodo
985 2210 1178 2285 suspenditur,
1194 2209 1288 2283 appel-

180 2349 182 2352 .
244 2291 319 2352 latur
333 2293 459 2352 cmod'itio
469 2294 513 2353 tel
524 2295 707 2369 antecedeus;
727 2296 828 2371 altera,
845 2312 919 2371 quae
928 2313 966 2357 ex
976 2298 1062 2356 lituus
1072 2296 1211 2370 positione
1226 2309 1291 2354 con·

244 2377 387 2451 sequitur,
400 2377 636 2438 conditionatum
646 2379 692 2439 vel
708 2397 882 2457 consequeus
893 2382 981 2441 audit.
992 2383 1077 2441 Porro
1091 2381 1195 2440 veritas
1204 2379 1291 2438 huius

242 2461 444 2537 propositionis
458 2463 489 2522 in
503 2477 582 2522 nexu
596 2463 670 2523 inter
679 2465 871 2525 conditionem
886 2471 917 2534 et¹
928 2466 1153 2525 conditionatum
1166 2464 1288 2523 interce-

245 2545 330 2605 dente
344 2545 500 2620 reponitur.
519 2546 609 2614 Quare
630 2547 784 2609 dummodo
806 2549 855 2607 hio
871 2565 965 2608 nexus
978 2549 1067 2623 adsit,
1090 2547 1289 2608 conditionalis

244 2630 406 2688 enuntiatio
422 2631 571 2690 veritatem
580 2631 683 2706 habet,
700 2632 813 2693 etiamsi
830 2638 890 2692 tum
904 2634 1028 2694 conditio
1041 2637 1101 2694 tum
1115 2633 1290 2694 conditiona-

242 2717 303 2772 tum
318 2712 390 2772 falsa
404 2714 471 2773 sint.
488 2713 745 2791 Exempligratiusi
759 2717 881 2776 dixeris:
898 2711 932 2777 st
947 2719 1021 2777 Deos
1031 2734 1091 2777 nott
1100 2726 1185 2786 esset,
1201 2734 1290 2777 muro

240 2798 296 2856 dus
311 2813 373 2856 mou
385 2799 518 2858 caueret
526 2819 536 2858 .·
546 2815 644 2860 reram
660 2801 882 2876 propositionem
896 2804 1020 2877 profers,
1040 2817 1216 2878 quamquam
1226 2808 1289 2861 tum

240 2882 412 2943 antecedens
423 2889 484 2942 tum
499 2899 676 2960 consetprens
691 2885 796 2946 falsum
811 2892 863 2947 est.
885 2887 1047 2948 Cavendum
1063 2894 1157 2947 tamen
1172 2893 1231 2960 est,
1248 2903 1287 2946 ne

239 2967 270 3027 in
284 2968 348 3044 ipsa
370 2969 548 3029 connexione
570 2971 731 3030 involvatur
745 2971 949 3046 contradictio,
967 2977 1035 3031 tunc
1049 2973 1128 3032 enim
1150 2971 1287 3031 conditio

239 3052 312 3118 natis
323 3053 541 3114 contradictoria
551 3054 655 3128 evadit,
667 3069 701 3114 ac
711 3055 830 3129 proinde
840 3071 877 3115 ex
888 3055 951 3131 ipsa
960 3061 1081 3130 utraque
1093 3071 1161 3131 pars
1175 3061 1286 3114 contra-

238 3136 371 3198 dictionis
386 3140 524 3214 sequitur.
546 3139 591 3198 Sic
612 3140 761 3213 quaerenti
775 3139 845 3214 quid
859 3147 1024 3215 sequeretur
1048 3139 1074 3201 si
1086 3141 1212 3200 mundus
1226 3139 1288 3199 exi-

240 3225 326 3279 steret
340 3221 401 3280 sine
411 3222 478 3297 lieo,
490 3223 720 3297 respondendum
734 3225 816 3298 ioret,
828 3240 864 3284 ex
880 3225 1098 3284 contradictoria
1112 3224 1161 3283 illa
1171 3224 1286 3298 positio

239 3319 275 3362 ne
295 3305 376 3378 sequi
392 3306 470 3366 aliud
484 3306 751 3376 contradictorium,
762 3323 867 3382 nempe
881 3309 957 3381 quod
971 3309 1096 3368 mundus
1110 3314 1186 3368 esset
1199 3307 1286 3367 simul

241 3403 293 3447 ons
303 3390 498 3448 necessarium
512 3397 541 3451 et
554 3391 732 3466 contingens.

273 3471 437 3547 copulativa
452 3475 615 3535 enunciatio
631 3480 741 3549 esest,
761 3475 791 3534 in
805 3491 862 3550 qua
876 3476 973 3550 plures
988 3477 1112 3551 termini,
1128 3478 1175 3536 vel
1189 3491 1278 3537 enun·

237 3556 393 3630 siredones,
411 3571 464 3632 ope
478 3559 635 3632 particulae
649 3567 676 3618 et
689 3559 736 3619 rel
750 3559 855 3619 similis
868 3565 968 3621 mutuo
982 3563 1167 3638 copulantur3
1183 3577 1221 3620 ex
1235 3577 1279 3635 gr.

236 3639 341 3699 Tullius
360 3641 414 3701 luit
427 3649 523 3703 orator
537 3649 566 3703 et
577 3643 772 3719 philosophus.
792 3645 894 3706 Severe
908 3645 1070 3721 iudicando,
1083 3653 1140 3708 tota
1154 3647 1283 3723 proposi·=

238 3723 276 3785 tio
291 3739 358 3784 vera
371 3740 430 3787 non
445 3731 497 3800 est,
512 3727 570 3788 nisi
585 3735 706 3804 unaque
720 3745 787 3804 pars
802 3745 871 3790 vera
885 3731 930 3791 sit.
