2767 4492
519 364 573 409 ssu
589 364 763 410 onnonoora
1111 347 1165 410 tib

111 448 261 522 explorati
275 452 350 522 sunt,
363 447 497 510 deorsum
509 448 597 508 edam
611 448 740 522 tendent,
757 463 818 521 seu,
835 447 899 508 {diis
917 447 1021 521 verbio,
1038 445 1166 508 futurum

110 532 210 593 simile
221 535 280 593 erit
293 538 444 592 uansacto
460 533 537 594 ldem
552 533 663 592 dicatur
677 533 712 590 de
727 532 851 606 reliquis.

146 617 195 676 87.
228 618 275 676 lix
292 617 446 692 indagine,
463 631 550 693 quam
568 617 761 689 instituimus,
785 621 903 691 apparet
923 617 1062 677 iudicium
1076 617 1163 692 illud,

109 701 262 773 sutanum
275 701 372 761 simile
384 701 442 761 crit
451 709 609 774 troruocto,
626 701 707 760 aliter
720 701 774 759 niti
789 701 899 760 duobus
912 703 1075 777 principiis,
1092 719 1165 777 uuae

109 801 205 860 supra
216 786 300 860 dini,
322 787 347 846 si
365 788 396 845 in
410 785 555 845 obstructo
570 790 729 859 spectetur,
751 791 779 844 et
792 786 875 846 aliter
888 786 914 845 si
927 787 1121 847 consideretur
1135 788 1165 846 in

108 878 259 929 concreto.
284 871 317 929 tn
339 869 481 929 msuacto
503 870 582 929 enim
608 869 803 943 independens
827 869 943 929 omnino
962 876 1005 928 est
1022 870 1059 929 ab
1077 885 1163 946 expe·

108 951 240 1027 rieutia,
265 959 294 1012 et
315 969 367 1028 per
380 953 563 1013 ratiocinium
574 969 709 1028 purant,
726 957 758 1012 ut
773 953 862 1026 aiunt,
878 969 916 1013 ex
933 954 990 1014 illis
1008 956 1162 1014 derivatur.

108 1037 183 1096 llum
207 1038 291 1098 enim
313 1038 471 1112 generatim
489 1038 626 1097 assentur
643 1038 748 1097 debere
771 1038 802 1096 in
825 1043 928 1096 natura
950 1039 1077 1098 tulumm
1096 1040 1165 1098 asst-

107 1121 212 1182 mitari
228 1127 386 1196 uanoaoto,
406 1121 502 1182 nullae
520 1121 695 1200 praemissae
709 1121 965 1196 experimentatus,
981 1122 1030 1182 sed
1044 1123 1165 1182 rationa-
1195 1150 1197 1160 ι

107 1205 152 1266 les
177 1211 295 1266 tantum
312 1207 494 1266 adhibentur.
511 1207 558 1265 Sic
572 1206 651 1266 euim
668 1221 716 1264 ex.
737 1221 780 1278 gr.
796 1205 1019 1266 ratiocinamur:
1046 1207 1166 1266 admini-

107 1292 216 1349 stratio
232 1291 333 1349 mundi
347 1293 460 1365 sapiens
474 1305 537 1350 esse
551 1290 650 1362 debet,
678 1289 758 1363 atqui
778 1289 918 1364 sapientia
935 1290 1024 1363 eaigb
1037 1291 1166 1350 ordinem

107 1382 139 1434 et
153 1375 369 1448 consentiam
393 1389 461 1448 ergo
486 1376 582 1448 leger,
605 1374 710 1448 quibus
723 1373 849 1432 muudus
863 1373 1094 1449 administratur,
1118 1376 1166 1434 de

105 1459 186 1518 bent
200 1475 268 1518 esse
282 1464 462 1531 coarantes,
487 1473 555 1531 ergo
574 1459 717 1530 loturum,
745 1458 820 1531 quod
834 1458 866 1516 in
880 1457 1079 1531 permansione
1093 1457 1166 1517 ordi·

107 1544 160 1602 uis
176 1543 325 1615 consistit,
348 1542 823 1616 transactorespondeatopusest.
845 1543 900 1601 unt
914 1540 1057 1600 similiter:
1081 1556 1168 1602 causa

107 1626 282 1686 necessaria
295 1626 490 1699 necesarium,
503 1626 633 1686 ordinem
651 1626 738 1686 babet
752 1627 789 1685 ad
804 1626 955 1699 affectum,
970 1640 1037 1700 ergo
1057 1625 1083 1685 si
1097 1625 1168 1685 baec

111 1721 238 1772 clusum
255 1727 324 1771 suae
338 1717 457 1771 naturae
471 1710 552 1785 sequi
567 1711 759 1785 permittitur,
781 1711 933 1784 effectum,
957 1711 1167 1772 conditionibus

108 1797 240 1872 positis,
267 1802 344 1856 certo
366 1797 516 1872 progignet
535 1816 543 1869 ;
563 1811 631 1871 ergo
648 1798 777 1856 futurum
793 1841 801 1870 ,
832 1796 908 1870 quod
929 1796 961 1854 in
984 1796 1168 1858 effeodbusa

110 1881 288 1942 necessariis
302 1882 396 1941 causis
414 1881 543 1942 oriundis
560 1882 684 1956 posimm
698 1885 757 1955 est,
781 1885 922 1940 transacto
945 1881 1102 1940 seeundum
1121 1895 1176 1952 or·,

111 1962 264 2025 duranum
273 1971 392 2026 nabrrae
406 1981 523 2028 cursum
540 1965 753 2026 assimilabitur.
771 1967 944 2040 Quapropter
957 1965 1075 2025 allatum
1089 1965 1167 2026 istud

112 2049 247 2109 absolute
265 2054 295 2107 et
310 2049 342 2108 in
366 2049 508 2108 abstracto
525 2050 667 2123 prolatum
685 2049 824 2108 rationale
846 2055 889 2108 est
911 2065 1026 2124 prorsus
1044 2055 1072 2110 et
1085 2049 1167 2110 certi·

113 2133 226 2192 tudinis
249 2133 471 2208 metaphysioae.
491 2135 596 2193 lterum
623 2149 681 2192 non
700 2133 741 2192 ita
757 2136 816 2207 est,
847 2139 913 2192 cunr
937 2133 1091 2194 similitudo
1117 2133 1167 2192 itta

111 2218 242 2276 sumitur
259 2217 290 2276 in
304 2222 460 2284 concreto,
490 2222 575 2292 prout
588 2217 727 2276 nimirum
740 2217 772 2276 in
786 2217 912 2291 quodbet
934 2233 1032 2277 rerum
1054 2217 1164 2278 ambitu
1220 2264 1224 2274 .

111 2316 248 2361 seorsum
268 2307 384 2375 accepto
412 2301 505 2362 locum
523 2302 633 2360 obtinet
649 2306 678 2360 et
700 2302 859 2376 peculiares
876 2316 974 2362 rerum
991 2303 1107 2378 respicit
1123 2313 1167 2362 or·

111 2385 218 2460 diues3
244 2389 275 2444 ut
288 2386 314 2446 si
327 2401 374 2444 en.
390 2401 434 2460 gr.
450 2385 545 2459 dicas;
568 2385 629 2444 dics
642 2385 677 2444 iu
690 2393 842 2460 posterum
859 2393 947 2445 erunt
966 2385 1094 2462 ciusdem
1110 2386 1165 2444 du·

112 2470 247 2530 cottonis
263 2515 271 2538 ‚
302 2470 447 2544 ouoddet
460 2486 545 2545 aquo
557 2470 749 2545 refe-iuuabit
764 2491 772 2544 3
798 2475 884 2546 atque
898 2469 954 2528 alia
968 2469 1080 2544 generis
1095 2469 1168 2528 etus-

113 2555 191 2615 dem.
211 2555 288 2614 Tunc
303 2555 381 2617 enim
395 2555 426 2614 in
440 2554 629 2630 applicatione
643 2554 707 2629 ipsa
720 2555 869 2631 pendelab
881 2552 1076 2628 experientia3
1093 2569 1166 2628 quae

113 2653 166 2712 per
180 2640 315 2700 iteratam
329 2639 557 2700 obseruationem
570 2655 623 2698 nos
636 2639 733 2700 docuit
747 2654 808 2698 rem
822 2639 911 2711 illam,
928 2653 974 2698 ex.
991 2653 1033 2712 gr.
1050 2653 1164 2712 aquam,

115 2739 179 2783 esse
194 2739 314 2784 causam
329 2724 521 2783 necessariam
535 2724 693 2797 refrigerii,
714 2737 879 2784 mensuram
894 2723 949 2780 (liei
964 2738 1022 2782 non
1036 2737 1099 2782 esse
1112 2723 1167 2781 lor·

116 2807 225 2866 luiturm
238 2808 372 2880 abquod,
388 2809 458 2880 sed,
474 2809 506 2866 in
520 2808 639 2880 ordine,
656 2823 712 2880 quo
727 2808 802 2865 Deus
816 2806 956 2864 mundum
970 2806 1165 2877 administrat,

118 2892 270 2963 oondneri,
287 2896 341 2949 etc.
360 2892 461 2963 Quare,
483 2893 553 2949 dum
566 2893 596 2948 iu
611 2891 801 2963 applicatione
815 2888 933 2948 aliatum
947 2889 1019 2946 illud
1032 2888 1164 2960 sumitur,

115 2989 175 3034 non
190 2976 223 3035 in
236 2973 408 3032 iudiciorum
424 2973 646 3046 analyticorum,
671 2972 767 3030 sedin
787 2971 964 3029 automatum
987 2970 1167 3045 experimen·

117 3059 222 3116 talium
236 3071 356 3114 numero
370 3055 535 3114 babendum
549 3060 593 3114 est
610 3059 640 3112 ot
651 3055 800 3128 physicam
813 3069 872 3113 non
896 3054 1008 3133 excedit
1022 3054 1166 3114 certitudi-

116 3156 199 3200 nem.
229 3139 398 3198 Praesertim
416 3138 442 3197 si
461 3137 628 3196 observetur
647 3139 722 3211 quod
738 3137 912 3211 similitudo,
934 3139 969 3198 de
984 3131 1040 3213 uria
1053 3138 1164 3212 agitur,

116 3226 150 3284 in
165 3222 356 3298 applicatione
373 3223 410 3282 ad
430 3221 561 3296 singulos
571 3237 668 3281 rerum
687 3222 821 3296 ordines,
847 3237 960 3298 semper
974 3222 1168 3282 conditionem

120 3307 278 3382 subaudit,
305 3308 390 3367 modo
409 3307 484 3366 Deus
508 3306 619 3382 opttus
633 3307 776 3367 masuilio
792 3307 826 3366 iu
840 3307 943 3382 utiquo
957 3325 1028 3368 coru
1046 3323 1107 3367 nou
1121 3308 1167 3368 de·

121 3404 212 3469 repet.
233 3394 309 3462 uuae
323 3393 447 3453 conditio
462 3391 663 3452 certitudinem
675 3393 789 3452 illorum
804 3393 981 3452 automatum
1000 3393 1083 3466 (quae
1097 3393 1167 3468 phy-

122 3480 181 3538 sica
195 3480 252 3554 est)
267 3479 484 3553 non-intirmat,
506 3479 557 3538 sed
570 3478 787 3553 possibilitatem
801 3480 950 3538 dumtaxat
964 3477 1167 3538 miraculorum

123 3561 266 3638 importat.

495 3921 573 3968 snus
587 3920 791 3970 ONTOLOGIAE.
