2767 4492
215 265 250 343 tt
443 289 446 296 v
656 275 819 345 amensa

208 367 313 442 habet,
330 363 459 432 animum
478 364 561 450 puasi
580 363 739 446 opprimat,
758 372 787 426 et
801 372 869 432 tracto¹
888 363 1007 441 alectus
1025 360 1068 438 ilii
1081 363 1258 442 respondens

211 451 315 518 dicitur
330 450 430 527 timor.
446 443 573 534 Denique
592 449 616 521 si
634 449 742 517 mulum
761 465 819 521 nou
838 451 962 526 amplius
980 449 1184 524 inaminatum
1199 449 1259 513 iam

212 534 362 609 incumbit,
378 549 515 599 enascens
532 533 673 612 appetitus
690 533 849 600 ulciscendi
868 550 996 610 caumm,
1014 550 1089 614 uum
1102 531 1174 603 illud
1193 550 1257 616 pro·

210 618 304 694 ausit,
321 624 438 686 vocatur
452 618 511 689 iro.
1182 619 1188 631 ⁸

245 703 333 846 llige
357 703 411 765 hae
427 702 543 786 quidam
564 703 711 782 passiones
725 705 913 771 elementares
926 709 955 772 et
968 703 1131 788 primitivae
1148 703 1257 767 tanec-

211 792 265 858 tnr.
284 804 324 860 fx
338 787 440 852 irarum
455 803 523 850 uero
537 788 688 873 multipiici
701 789 849 862 iunctione
866 791 940 860 ntiae
963 790 1095 854 oriuntur
1111 789 1258 868 pomioner

211 869 405 946 secundariae.
421 888 492 950 uuas
507 871 613 942 mistas
637 874 780 951 appellare
794 875 871 938 licet.
891 875 1058 944 Huiusmodi
1073 873 1257 946 erasmiani

211 957 273 1028 diu,
290 956 514 1027 commiseratio,
528 955 637 1042 purior,
654 964 682 1018 et
695 957 810 1035 similia,
830 975 904 1036 pune
918 975 976 1026 non
989 976 1028 1025 ex
1041 957 1102 1031 sois
1116 955 1258 1022 sensibili·

211 1046 267 1103 tate
285 1040 435 1119 pullulant,
460 1043 510 1114 sed
534 1059 571 1102 ex
590 1043 735 1105 iunctione
754 1050 783 1103 et
801 1060 942 1107 concursu
963 1044 1130 1122 partiatum
1145 1041 1259 1105 sensitis

210 1132 270 1190 tum
291 1125 447 1210 rationalis.
475 1127 534 1194 leur
553 1127 637 1188 tacite
657 1128 826 1204 intelligitur
843 1128 945 1192 horum
960 1128 1089 1192 omnium
1103 1127 1259 1195 affectuum

210 1209 429 1275 fundamentum
449 1211 574 1288 primum
589 1227 652 1272 essa
673 1227 810 1288 amorem,
826 1213 876 1290 pai
896 1214 998 1278 ceteris
1022 1209 1260 1289 praesupponunt

211 1310 315 1368 eosque
326 1295 414 1372 veluti
428 1296 552 1369 quadam
562 1296 607 1356 sui
623 1298 872 1364 transformatione
884 1298 1028 1372 progignit
1043 1299 1068 1356 t.

212 1433 214 1437 ,
246 1379 290 1442 tt.
309 1380 382 1448 ilaec
396 1379 431 1440 ae
446 1380 560 1464 notione
577 1381 752 1455 passionum.
768 1381 982 1448 Discrrtisndum
1005 1381 1089 1446 modu
1103 1385 1147 1443 est
1160 1394 1273 1458 quant-J

213 1479 281 1522 nam
302 1462 470 1524 relationem
490 1479 556 1524 cunr
579 1463 739 1532 moralitate
754 1469 871 1526 actuum
890 1467 1081 1529 humanorum
1105 1465 1258 1524 retineant.

212 1549 271 1617 Oua
284 1547 315 1616 in
334 1563 365 1606 re
384 1549 440 1608 duo
458 1547 676 1622 vestigabimus:
714 1550 820 1617 rimam
835 1565 871 1613 au
893 1550 1050 1618 honitatem
1073 1547 1260 1624 eliquamini

210 1632 349 1691 nralitiarn
363 1648 415 1707 por
424 1648 455 1691 se
470 1633 603 1705 afferant3
620 1566 723 1693 delusio
733 1650 771 1693 an
786 1651 838 1694 suo
852 1634 1116 1709 superunctionem
1131 1632 1261 1695 uolunta·

211 1717 247 1782 rii
261 1717 292 1776 in
307 1722 374 1784 actu
397 1717 523 1779 liumauo
543 1717 700 1782 debilitent.
728 1718 767 1795 Et
775 1719 813 1778 ad
836 1720 961 1795 primum
981 1717 1057 1800 pinni
1079 1717 1189 1791 attinet,
1205 1717 1261 1776 tuit

212 1801 369 1868 Stoicorum
382 1802 477 1876 opinio
494 1803 639 1876 passiones
655 1820 706 1880 par
720 1820 751 1864 se
764 1805 855 1872 malas
869 1821 932 1866 esse
941 1810 971 1868 et
980 1819 1096 1880 promus
1110 1800 1262 1867 eliminan-

213 1887 275 1959 das,
292 1885 368 1952 unde
384 1889 495 1944 iactato
510 1903 559 1953 sau
577 1889 743 1966 passionum
764 1891 920 1954 carentiam
939 1889 970 1953 in
988 1890 1116 1964 sapiente
1133 1886 1261 1963 require·

211 1972 281 2034 bant
296 1973 321 2031 ².
338 1971 591 2050 oppositamptane
601 1975 772 2060 septentiam
781 1973 1076 2055 sequunturhlaniuli
1086 1973 1262 2050 quidamno

213 2067 289 2122 strae
313 2057 414 2122 aetatis
433 2057 607 2136 philosophi,
634 2075 706 2137 quos
724 2058 799 2120 inter
818 2059 951 2134 Fouricr,
968 2056 1072 2121 Gallici
1094 2056 1264 2118 Sociotisrni

212 2146 369 2206 acerrimus
384 2143 487 2216 farrmt,
505 2143 534 2210 in
551 2159 602 2202 suo
616 2143 699 2218 libro,
719 2159 807 2220 quem
820 2146 856 2203 de
870 2143 1078 2211 consociatione
1092 2144 1127 2205 ud
1142 2143 1263 2205 donum

212 2235 241 2290 et
255 2227 425 2291 industriam
442 2233 470 2286 et
485 2227 685 2300 agricotturam
698 2234 842 2302 spectante
851 2228 1004 2306 inscripsit,
1016 2229 1100 2288 docet
1113 2227 1263 2302 passiones

212 2314 242 2373 in
257 2312 335 2380 omni
350 2327 402 2373 suo
417 2319 495 2384 unctu
510 2311 652 2386 legitimos
663 2328 726 2376 esse
746 2319 831 2388 atque
849 2313 886 2374 ad
900 2313 1156 2391 obtemperandum
1169 2311 1264 2373 homi·

211 2413 263 2458 nes
287 2397 422 2470 obligare.
438 2397 508 2457 Nam
532 2412 633 2456 earum
657 2399 847 2472 propensione
861 2398 911 2456 Dei
925 2414 983 2457 nox
999 2397 1207 2468 manifestatur,
1226 2410 1263 2454 ac

212 2483 334 2544 felicitas
353 2482 382 2543 in
404 2481 458 2543 troc
479 2481 609 2546 consistit
626 2483 704 2556 uuod
719 2483 826 2546 multuo
840 2483 988 2558 pamioues
1002 2492 1032 2542 et
1049 2481 1139 2542 multa
1152 2479 1260 2552 mesia,

212 2568 316 2643 utribus
337 2566 444 2628 eisdem
469 2565 597 2640 satisfiat,
622 2567 784 2627 imbuamur
798 2569 824 2627 ὅ.
849 2567 970 2642 Dignam
991 2567 1076 2642 plano
1099 2566 1184 2627 bruto
1199 2564 1265 2624 eni·

213 2659 310 2722 manta
325 2649 508 2710 sententiomt

234 2737 279 2820 'tlt
292 2743 445 2810 utrumqne
460 2733 604 2794 averitata
619 2735 765 2820 discedere
773 2751 866 2816 ,nemo
880 2742 927 2822 est
932 2737 983 2822 qrrl
996 2753 1063 2821 nort¹
1071 2736 1173 2822 rideat.
1196 2735 1264 2795 Ete-

212 2824 272 2867 nrm
287 2815 386 2866 contra
410 2807 516 2868 titolum
541 2807 594 2866 hoe
609 2809 723 2884 mtlrtat,
739 2809 816 2882 quoti
834 2817 969 2884 appetitio
989 2809 1102 2870 sensilis
1117 2822 1175 2866 una
1189 2820 1264 2867 cum

212 2893 313 2952 ceteris
336 2892 519 2950 facultatibus
534 2895 552 2950 a
565 2892 695 2952 benefico
719 2899 839 2952 naturae
856 2895 974 2954 trictme
988 2893 1071 2953 nobis
1086 2892 1192 2953 tributa
1207 2890 1260 2964 sit3

213 2977 288 3051 qrrod
302 2983 397 3035 autom
413 2992 430 3034 a
444 2975 500 3036 lleu
516 2977 651 3054 procedit,
668 2977 778 3037 malum
794 2993 844 3061 per
859 2994 890 3038 se
904 2993 967 3040 esse
982 2994 1039 3041 non
1055 2981 1154 3057 potest.
1168 2974 1263 3046 Immo

214 3061 236 3122 si
248 3077 294 3120 res
309 3061 468 3130 accuratius
484 3062 685 3140 consideretur,
702 3062 849 3144 passiones
859 3063 894 3122 ad
905 3063 1013 3145 honum
1027 3062 1154 3128 hominis
1168 3060 1263 3138 polim

213 3145 383 3221 diriguntur.
407 3145 478 3214 Nam
494 3147 682 3212 commotione
706 3165 759 3214 sua
776 3148 974 3227 maximopere
993 3148 1145 3216 conterunt
1158 3143 1195 3214 su
1210 3161 1264 3207 ex·

258 3317 269 3366 l
290 3317 358 3378 linita
374 3317 509 3384 passionum,
526 3334 580 3383 unta
596 3319 755 3384 recensuimus,
771 3319 870 3385 onmium
885 3325 974 3386 propter
987 3318 1117 3375 mutuno
1131 3316 1229 3371 notionis
1243 3320 1268 3371 at

210 3391 300 3456 liupana
310 3401 467 3460 paupertatem,
481 3401 614 3458 usurpantur
624 3396 690 3444 etism
704 3396 731 3446 od
746 3395 848 3462 toalopos
862 3395 954 3454 niiectuu
967 3395 1086 3446 voluntatis
1100 3391 1264 3458 caprimontem

212 3469 247 3516 Sic
262 3485 322 3527 anmi·
337 3469 517 3533 complacentiam
533 3471 598 3532 etism
613 3471 723 3532 signifieat
737 3470 790 3520 troi
804 3471 925 3535 scienciis,
941 3476 963 3520 et
976 3487 1026 3521 suna
1041 3470 1094 3534 terri
1107 3469 1177 3534 possit
1190 3467 1226 3516 sei
1241 3467 1267 3515 in

212 3558 328 3606 personent
348 3545 443 3610 niiqnsm
463 3553 551 3610 propter
566 3562 589 3594 ra
604 3545 721 3605 illectam,
737 3545 771 3599 sat
786 3547 809 3596 in
824 3563 871 3602 rom
884 3553 974 3616 propter
988 3562 1028 3597 noo
1042 3545 1178 3610 appetitura,
1195 3542 1269 3600 iiiiii

213 3619 268 3674 tolet
283 3621 305 3668 in
322 3638 417 3677 errrorem
433 3622 541 3684 nnrieitina
555 3627 576 3670 ot
590 3638 685 3676 umorem
700 3622 897 3688 concupiscentiae.

259 3695 274 3745 2
293 3697 347 3746 tito
363 3699 480 3756 Leontium.
498 3699 546 3748 tit.
562 3699 580 3758 i.

214 3769 276 3898 mg
290 3771 358 3824 Visis:
371 3765 458 3832 titutum
471 3789 515 3836 pur
530 3777 562 3836 i‘i
576 3777 746 3840 dimittito
759 3776 946 3844 tonienporoint
960 3779 1002 3838 ,Gii-
1016 3787 1065 3840 μί’
1074 3774 1108 3830 H·
1120 3772 1194 3834 W
1209 3773 1270 3831 Μ’·
