2767 4492
219 337 271 418 itte
544 355 771 414 urcrrmumr
785 349 933 410 meuriss

216 451 340 528 ponitur.
351 451 441 521 Quare
449 451 474 510 si
483 449 654 512 sensibilitas
664 451 783 508 externa
790 447 819 507 et
827 445 945 506 reflexio
955 440 1068 506 altiores
1078 440 1184 507 mentis
1193 459 1259 508 con·

218 541 316 610 ceptus
331 550 387 596 non
399 533 556 610 explicant,
573 545 622 592 eos
635 532 725 592 marito
735 531 832 590 minus
846 525 1002 604 explicabit
1015 537 1115 590 sensus
1130 529 1260 591 intimus.

253 618 310 680 liac
324 619 410 694 igitur
425 619 549 677 admissa
561 610 691 676 idearum
705 617 825 690 origine,
841 626 900 673 non
916 609 994 673 aliud
1008 620 1191 688 cognosceret
1201 609 1264 676 ani·

217 716 300 772 mus,
317 699 373 761 nisi
387 702 462 776 quod
476 715 493 759 a
507 698 638 761 sensibus
652 705 818 774 perceptum
839 695 899 772 est,
916 698 1030 772 mtaque
1049 700 1153 757 mentis
1171 697 1215 759 ils
1231 699 1264 760 in

218 790 272 848 hoc
284 803 339 846 uno
350 789 520 859 cerneretur,
532 787 563 843 ut
573 779 748 844 sensationes
758 778 947 842 distinctiones
956 777 1091 857 efiiceret,
1103 789 1263 858 eammque

220 871 256 932 ari
271 882 414 931 summum
429 867 540 929 obiecta
553 869 600 927 rel
613 867 645 927 in
658 871 754 944 partes
769 860 959 941 distribueret,
971 866 1017 926 rel
1027 865 1059 926 in
1072 874 1147 926 nora
1160 865 1266 927 confla·

218 963 263 1015 ret
275 955 440 1026 composita.
461 953 503 1011 lin
517 952 641 1026 analysis
655 957 683 1010 et
697 951 839 1026 synthesis
853 950 1005 1010 bockiana.
1025 952 1058 1009 ut
1075 966 1144 1010 sero
1163 959 1267 1012 sensus

220 1048 278 1098 nou
293 1034 370 1097 aliud
384 1035 524 1096 obiiciunt
540 1033 597 1094 nlsl
611 1038 785 1108 concremm,
798 1034 973 1108 continguus,
983 1027 1131 1108 mutabile3
1142 1035 1174 1094 ln
1183 1032 1267 1177 iguis·

219 1137 276 1197 que
284 1121 450 1194 corporibus
459 1117 617 1179 referendis
626 1119 677 1178 rix
687 1123 822 1177 externas
831 1123 941 1177 tantum
950 1119 1100 1192 parilitates
1108 1113 1193 1193 depre
1214 1135 1264 1178 en-

221 1207 301 1265 dunt.
319 1205 390 1277 Ergo
404 1204 518 1262 nonnisi
532 1204 604 1262 llaec
624 1202 735 1261 obiecta
755 1202 911 1275 perciperet
929 1202 1061 1276 animus3
1081 1202 1148 1261 licet
1160 1217 1195 1261 ea
1208 1203 1266 1262 cla-

220 1288 297 1348 riora
311 1288 435 1359 laceret,
452 1291 480 1344 et
493 1287 646 1360 partiretur
659 1285 705 1343 rel
718 1285 910 1357 componeret.
931 1285 1015 1343 lotrrs
1035 1285 1122 1359 igion
1135 1285 1204 1345 ordo
1218 1301 1267 1346 co-

220 1372 381 1446 gnitionum
394 1385 414 1428 o
425 1369 543 1444 priore,
561 1378 634 1443 quse
647 1369 847 1428 necessitatem
866 1373 895 1427 et
912 1368 1156 1427 universalitatem
1170 1370 1265 1428 invol-

221 1459 301 1528 ruut,
315 1451 443 1512 exularet
457 1453 493 1510 ab
508 1451 622 1526 unim03
639 1451 773 1525 nullaque
787 1445 910 1525 amplius
924 1451 1002 1510 nodo
1017 1445 1178 1525 superesset
1191 1467 1267 1528 qnae

222 1537 353 1598 sensibus
366 1551 425 1596 non
439 1539 601 1611 usurpetur.
618 1535 689 1604 Quid
705 1537 792 1610 igitur
806 1536 860 1595 erit
872 1534 908 1594 de
919 1532 1076 1594 rationibus
1086 1535 1265 1612 existentiae,

226 1621 410 1695 substantiae,
426 1620 541 1693 inliniri,
558 1633 670 1693 causae,
686 1619 828 1693 iustitiae,
844 1615 960 1692 ordinis,
975 1614 1204 1695 pulchritudinis,
1220 1633 1267 1680 ce·

226 1704 351 1780 easque
363 1703 496 1764 omnibus
510 1714 583 1777 quae
597 1701 687 1762 menti
702 1703 889 1762 obversantur
905 1705 935 1761 et
949 1713 1021 1776 quae
1035 1705 1090 1763 nec
1099 1703 1268 1764 sensadoni-

226 1790 281 1850 bus
296 1791 424 1848 constant
437 1799 490 1847 nec
505 1800 522 1846 a
535 1787 744 1846 sensatioribus
758 1785 859 1845 deduci
868 1784 999 1862 possunt?

263 1872 363 1932 Mirum
378 1869 502 1946 pmiccto
517 1877 650 1942 essebon
669 1870 754 1930 debet
771 1870 796 1929 sl
816 1885 868 1928 sua
885 1871 972 1929 nixus
989 1865 1118 1930 idearum
1136 1869 1265 1948 origiue,

228 1955 358 2015 notiones
372 1953 512 2014 eiusmodi
527 1957 585 2013 tam
599 1950 722 2013 absurde
731 1950 851 2012 Loesius
866 1951 1000 2027 deinceps
1014 1951 1145 2028 explicet,
1156 1956 1188 2014 ut
1202 1953 1270 2014 sub·

231 2039 365 2113 stantiam
376 2037 410 2096 iu
428 2034 591 2097 collectione
606 2035 776 2111 qualitatum
797 2042 883 2095 sensu
902 2038 1102 2112 perceptarum
1116 2045 1178 2097 esse
1191 2039 1270 2114 posi·
1315 2048 1321 2060 ·

231 2126 307 2196 lam;
333 2121 478 2180 infinitum
501 2137 539 2180 ex
559 2120 706 2180 finitorum
730 2117 921 2179 additamento
945 2119 976 2179 iir
994 2117 1154 2195 cognitione
1172 2127 1270 2182 nostra

230 2213 388 2280 emergere3
406 2211 522 2264 causam
536 2205 567 2263 lu
583 2205 636 2264 truc
651 2205 731 2263 cerni
745 2201 829 2276 dicat,
844 2204 919 2277 qlnod
933 2213 986 2278 ope
1000 2217 1135 2264 musuum
1150 2205 1271 2265 nonnul·

228 2291 258 2350 ia
271 2302 301 2349 se
315 2289 441 2348 vicissim
455 2289 597 2362 excipere,
609 2291 638 2347 et
652 2289 708 2346 alia
723 2287 916 2361 post'allomm
931 2284 1149 2362 applicationem
1164 2290 1271 2350 exoriri

234 2375 427 2433 observemus.
444 2373 521 2440 uuae
534 2371 648 2446 quidem
665 2372 689 2430 si
704 2385 772 2430 vera
785 2375 889 2444 essent,
902 2369 955 2430 bae
970 2373 1026 2430 tres
1040 2374 1209 2446 praecipuae
1222 2387 1273 2432 no·

232 2455 330 2528 tiones,
348 2453 452 2530 qulbus
467 2459 524 2513 tota
537 2449 596 2512 iere
612 2453 713 2512 nititur
729 2452 916 2528 philosophia,
933 2455 1045 2529 ponitus
1059 2453 1269 2516 evanescerent.

230 2533 360 2600 collectio
374 2537 452 2598 enlm
467 2532 645 2614 minitatum,
657 2533 823 2596 earumdem
840 2537 1001 2611 congeriem
1014 2552 1072 2597 non
1083 2539 1273 2599 substantiam

234 2621 360 2694 exbibet
378 2621 459 2680 linita
474 2618 562 2679 linitis
577 2620 673 2678 addita
686 2621 801 2679 nonnisi
816 2618 942 2694 linitum,
958 2621 1011 2679 etsi
1024 2621 1126 2695 muns,
1142 2621 1275 2696 suppodi-

233 2711 303 2778 tant3
321 2703 463 2764 successio
472 2702 736 2778 phaenomenorum
745 2701 831 2762 unius
844 2707 908 2778 post
920 2700 1007 2776 alud,
1018 2718 1130 2763 merum
1144 2707 1275 2764 ordinem

231 2793 392 2861 externum,
405 2800 462 2847 non
477 2787 621 2846 internum
636 2798 746 2846 nexum
760 2791 789 2845 et
800 2787 1031 2847 consecutionem
1046 2788 1190 2864 propriam
1204 2787 1272 2848 elie·

232 2877 294 2932 ctus
308 2875 510 2945 repraesentat.
531 2869 622 2938 Quare
641 2870 770 2929 doctrina
788 2867 879 2944 llaec,
895 2877 961 2929 cum
975 2871 1127 2946 conceptus
1142 2870 1274 2931 substan·

233 2957 298 3026 tiae,
315 2961 426 3027 causae,
438 2953 553 3028 inliniri,
565 2955 738 3028 pessumdet
756 2954 844 3013 animi
855 2955 987 3030 buuuaui,
997 2956 1147 3016 exterioris
1162 2955 1273 3026 mundi,

234 3039 360 3113 supremi
379 3039 508 3098 Numinis
531 3039 679 3100 scientiam
698 3041 783 3115 plane
807 3039 935 3101 destruit.
956 3040 1001 3100 Sic
1018 3032 1143 3115 perbelle
1158 3041 1276 3116 quidem

215 3143 218 3146 ·
236 3119 404 3182 instauratio
414 3121 609 3198 pnuosopluae
623 3121 779 3198 perficitur.

574 3285 711 3364 Sprtomu
725 3279 930 3352 Cordiliccitt't‘.

272 3451 332 3516 lib.
348 3455 480 3516 Doctrina
494 3455 590 3516 Lockli
605 3453 874 3518 condiliachismum
893 3457 993 3532 genuit
1007 3459 1032 3516 ⁴.
1055 3446 1124 3518 ilum
1138 3446 1216 3516 enim
1229 3468 1277 3516 re-

235 3537 321 3600 ilexio
334 3539 451 3601 nonnisi
465 3539 558 3598 reditu
573 3541 697 3614 quodam
711 3543 843 3616 praeviae
857 3538 976 3601 uicum
990 3538 1132 3602 iaculatus
1148 3542 1278 3615 mnsret,

280 3731 293 3779 l
310 3733 412 3796 Apposite
428 3731 516 3781 cousin.
532 3753 540 3778 ι
554 3733 616 3782 dinei
631 3735 698 3783 d'uns
711 3737 782 3799 partia
795 3735 817 3783 la
831 3737 941 3784 mundun
956 3727 1060 3803 pristim
1076 3727 1104 3786 cis
1117 3727 1205 3803 Penus,
1220 3725 1281 3785 iisn-

239 3826 248 3852 ι
265 3807 392 3856 tsndsmont
407 3809 464 3857 n’srt
478 3825 534 3872 pour·
548 3811 627 3875 mals,
642 3811 679 3874 qn'
687 3827 719 3859 un
733 3813 865 3861 instrument
879 3813 932 3861 dont
945 3814 1040 3861 tontole
1069 3814 1171 3861 diurnos
1187 3829 1211 3862 ss
1224 3827 1286 3860 oon-

237 3901 250 3936 ,ι
267 3897 329 3936 rums
343 3899 381 3936 rur
393 3885 416 3938 le
429 3885 548 3938 wardon.
563 3885 634 3944 Lech
654 3889 706 3938 rtur
726 3883 794 3940 imis
805 3884 829 3938 π’
839 3891 856 3938 ί
865 3894 905 3956 pls
919 3881 1032 3942 maioris
1045 3830 1195 3940 liemarus
1208 3879 1232 3941 oi
1247 3887 1285 3942 Ικ
