2767 4492
429 242 504 288 anns
513 241 870 290 mrem-rsrcnocoom
1122 228 1170 288 lbi

121 329 200 388 hone
215 327 375 400 instruitur,
397 325 497 399 nequit
511 340 573 383 esse
587 323 716 382 materia.
729 327 826 399 Atrea,
839 341 912 400 quae
923 324 1110 383 materianda
1125 323 1170 397 sit,

119 418 164 472 est
178 428 232 471 ens
247 411 378 485 simplex,
400 411 505 484 quippe
520 410 594 467 inter
608 409 767 480 materiam,
785 408 1001 468 seuiealitatem
1012 415 1170 481 extensam,

119 503 208 571 atque
223 511 275 555 ens
290 495 489 565 inextensum,
513 509 564 551 sou
585 508 636 550 ens
651 491 791 564 simplex,
812 493 884 550 nihil
898 499 941 551 est
956 494 1081 553 tertium.
1101 492 1172 565 Ergo

119 581 239 640 animus
253 579 433 652 simplicitate
447 577 561 652 ganda.
575 577 774 648 Nihilominus,
787 583 901 650 propter
914 578 1016 636 obiecti
1030 583 1173 652 praestan·

118 665 201 738 tiam,
224 664 362 724 nonnulla
377 663 424 722 hic
439 663 577 720 addamus
593 666 762 734 argumenta
778 660 927 734 desumpta
941 677 977 719 ex
991 662 1173 721 unitatecon-

117 748 261 807 scientiae
275 763 332 822 qua
346 747 492 806 evidenter
507 745 659 818 allicimur,
681 750 762 804 etex
777 745 941 818 reflexione,
961 747 1173 818 quamanimae

117 847 209 906 supra
225 832 352 906 seipsum
367 835 491 889 exercet.

153 917 247 991 htque
256 916 424 990 adprimum
439 915 514 989 quod
529 915 639 987 attinet,
651 928 737 973 nemo
747 918 790 972 est
799 914 913 988 quinon
922 914 1175 973 cousciatseinnu·

115 1002 210 1060 meris
228 1000 438 1060 sensatioribus
453 999 651 1073 cogitandique
659 998 752 1056 modis
765 998 807 1056 ita
821 997 908 1070 allici,
926 1003 957 1056 ut
971 1013 1021 1058 eos
1031 999 1067 1056 ad
1082 1014 1173 1057 unum

114 1085 255 1159 idemque
270 1091 397 1159 spectare
412 1084 573 1143 subiectum
588 1082 683 1141 vivide
697 1082 894 1156 persentiscat.
915 1081 960 1140 Sic
973 1097 1020 1141 ex.
1037 1098 1081 1155 gr.
1102 1083 1173 1141 dum

113 1169 261 1228 matutino
276 1174 403 1243 tempore
418 1183 469 1240 per
481 1170 596 1241 pratum
611 1163 727 1238 aliquod
741 1163 918 1238 deambulas,
938 1165 1089 1239 multiplici
1108 1183 1173 1225 sua·

113 1251 207 1310 vitate
227 1252 338 1325 caperis
356 1251 476 1310 odorum
496 1249 544 1322 qui
566 1247 700 1307 alliantur
721 1264 738 1306 e
757 1249 893 1320 lloribus,
914 1255 943 1307 et
956 1256 1071 1308 cantum
1086 1251 1173 1311 simul

113 1335 254 1408 percipis,
276 1350 361 1409 quem
377 1349 444 1393 aves
458 1334 533 1392 diem
550 1333 706 1392 salutantes
720 1333 913 1393 modulantur.
935 1334 1045 1393 interea
1060 1336 1169 1395 lronde·

114 1419 263 1478 acontium
278 1434 391 1492 quoque
406 1418 568 1492 plantarum
584 1421 612 1474 et
625 1417 792 1476 nitidissimi
803 1417 873 1475 coeli
890 1425 1083 1490 conspectum,
1100 1417 1172 1476 colo·

113 1517 223 1576 resque
242 1502 336 1560 rarius
360 1517 499 1575 aumrae,
526 1500 594 1559 solis
615 1507 709 1559 ortum
731 1502 984 1575 praenuntiantes,
1008 1503 1167 1561 admiraris.

113 1587 208 1645 Tanta
222 1592 342 1648 uaturm
355 1591 503 1645 venustate
519 1585 638 1659 illectus,
656 1586 692 1644 ad
707 1586 768 1645 eius
778 1588 925 1645 ductorem
936 1585 1117 1660 cogitandum
1126 1598 1169 1644 us-
1185 1611 1189 1618 ·

114 1669 214 1743 surgis
232 1685 265 1728 ac
286 1668 433 1742 multiplici
458 1669 611 1728 allectunm
633 1685 738 1743 genere
757 1669 901 1728 excitaris.
926 1670 982 1728 Hos
1005 1670 1169 1743 similesque

113 1753 209 1812 animi
223 1759 317 1812 motus
330 1753 371 1812 ita
384 1753 536 1827 experiris,
553 1757 585 1812 ut
598 1753 778 1812 individuam
792 1768 890 1812 eorum
904 1754 1108 1812 conscientiam
1118 1754 1167 1812 ha·

112 1835 196 1911 beas,
217 1843 302 1912 atque
316 1843 429 1897 exstare
445 1843 472 1896 te
487 1852 592 1911 eosque
609 1837 660 1897 tibi
674 1838 725 1896 uni
744 1838 895 1911 eidemque
914 1837 1008 1896 inesse
1027 1853 1061 1896 ac
1075 1837 1167 1897 vindi·

115 1921 179 1980 cari
196 1921 235 1982 sis
251 1927 354 1981 certus.
1072 1929 1078 1943 “

150 2005 186 2063 st
199 1995 266 2063 r'ero
279 2005 310 2062 id
324 2005 424 2064 sentiri
443 2017 625 2078 nequaquam
640 2009 753 2079 posset,
775 2005 832 2062 nisi
852 2019 950 2062 eorum
972 2004 1164 2079 principium,

113 2103 221 2162 nempe
240 2087 354 2146 animus
371 2089 535 2147 omnimoda
557 2089 587 2145 in
607 2094 634 2145 te
650 2089 759 2146 unitate
774 2104 808 2145 ac
824 2087 1004 2162 simplicitate
1019 2090 1163 2163 gauderet.

113 2171 188 2230 llam
203 2170 227 2228 si
242 2170 308 2228 solis
321 2169 451 2244 partibus
466 2169 646 2243 coalesceret,
663 2176 747 2244 atque
761 2171 825 2230 ideo
834 2187 885 2244 por
900 2189 949 2231 eas
959 2178 1055 2246 ageret
1070 2173 1166 2248 (quod-

113 2269 173 2328 que
188 2253 267 2312 enim
282 2252 342 2326 agit
350 2259 435 2326 prout
444 2254 506 2326 est),
525 2270 612 2311 unum
626 2254 758 2328 idemque
769 2257 910 2328 cogitandi
926 2258 1097 2330 principium
1107 2273 1165 2316 non

112 2338 184 2395 inde
199 2342 373 2410 exsurgeret.
394 2338 489 2396 Partes
504 2338 579 2396 enim
596 2337 747 2397 distinctae
759 2339 833 2399 inter
848 2355 879 2398 se
894 2347 969 2413 sunt,
986 2351 1015 2398 ot
1029 2342 1163 2414 quemad-

111 2420 234 2480 modum
249 2419 375 2480 dirersas
390 2421 520 2480 efficiunt
534 2421 686 2496 realitates,
703 2423 744 2481 sic
759 2424 892 2483 distincta
906 2424 1088 2498 suppeditant
1101 2439 1164 2496 ope-

110 2503 198 2562 randi
215 2503 362 2578 principia.
385 2505 475 2574 Quare
494 2521 593 2564 earum
615 2522 744 2581 quaeque
760 2508 875 2582 propria
894 2508 1004 2566 actione
1026 2506 1160 2580 polleret,

14 2629 16 2664 ,
112 2601 254 2660 suamque
271 2589 512 2649 modillcetionem
531 2591 702 2665 attingeret3
724 2600 809 2666 atque
824 2592 929 2656 idcirco
943 2589 1034 2648 inscia
1047 2589 1163 2649 omniuo

14 2667 16 2692 ⁵
111 2677 188 2731 esset
207 2672 326 2731 actionis
341 2674 526 2748 reliquarum.
548 2676 593 2734 Sic
615 2677 644 2756 in
665 2677 815 2734 hominum
835 2674 1018 2733 multitudine
1038 2673 1160 2749 singuli,

112 2755 161 2828 qui
177 2755 257 2814 illam
272 2757 406 2829 condant,
430 2757 669 2831 quemadmodum
685 2773 813 2817 seorsum
827 2757 965 2822 existunt,
981 2757 1021 2814 ita
1036 2772 1164 2815 seorsum

110 2844 284 2914 operantur:
307 2847 336 2898 et
349 2840 416 2899 licet
430 2843 592 2914 congeriem
607 2857 694 2899 tinam
710 2843 879 2918 ellormant3
904 2847 998 2899 tamen
1016 2841 1160 2914 actiones,

109 2937 185 2995 quas
199 2921 325 2994 eliciunt,
347 2924 558 2980 communicare
574 2938 640 2980 cnm
650 2923 715 2980 aliis
724 2929 879 2996 nequeunt,
891 2924 940 2982 sod
950 2924 1069 2998 quisque
1079 2939 1162 2982 suam

112 3004 268 3062 dumtaxat
283 3003 438 3077 experitur.
510 3003 513 3014 '

146 3087 305 3160 Praeterea,
327 3101 379 3146 nos
393 3087 578 3160 cogitationes
592 3091 705 3146 nostras
719 3089 761 3147 sic
775 3089 914 3164 elicimus,
931 3097 962 3150 ut
976 3107 1024 3150 eas
1038 3093 1162 3152 invicem

109 3171 301 3242 cameramos,
322 3176 406 3245 atque
420 3172 587 3230 earumdem
603 3171 775 3245 discrimen,
797 3174 1031 3247 similitudinem,
1052 3175 1162 3232 relatio-

109 3270 163 3315 nes
177 3255 345 3315 iudicemus.
366 3256 397 3315 ld
411 3271 478 3314 vero
493 3269 577 3315 omne
593 3271 651 3315 non
667 3257 760 3316 solnm
782 3259 873 3332 exigit
887 3264 918 3317 ut
932 3259 1116 3332 cogitationes
1130 3259 1161 3315 il-

111 3338 157 3397 lae
171 3340 271 3399 eodem
286 3348 413 3414 tempore
435 3339 613 3414 habeantur,
636 3341 686 3400 sed
702 3341 787 3400 etiam
803 3347 834 3400 ut
848 3358 936 3402 unam
956 3347 984 3401 et
1002 3341 1162 3416 simplicem

110 3422 269 3483 realitatem
283 3412 419 3482 alliciant.
442 3424 528 3482 Secus
542 3424 567 3483 si
582 3424 743 3484 subiectum
757 3426 786 3484 in
804 3442 859 3500 quo
874 3426 1065 3500 recipiuntur,
1082 3439 1162 3484 mera

112 3505 238 3579 partium
257 3507 432 3568 admixtione
447 3512 574 3581 constat3
595 3509 674 3567 nulla
696 3509 849 3568 habebitur
867 3526 935 3569 vera
953 3510 1105 3584 identitas,
1125 3511 1161 3569 ad

112 3603 200 3662 quam
215 3590 300 3650 simul
316 3592 484 3665 pertineant,
497 3597 525 3650 et
539 3608 622 3667 aqua
632 3593 718 3652 simul
728 3594 836 3668 percipi
847 3595 965 3668 possint.
977 3594 1072 3653 Partes
1082 3594 1160 3655 enim
1194 3618 1204 3636 ⁴

14 3655 15 3692 ³
111 3673 283 3742 materiales,
300 3681 331 3733 ut
344 3691 396 3750 per
411 3691 440 3734 se
452 3682 537 3750 patet,
550 3677 700 3736 distinctae
715 3685 791 3751 sunt,
808 3685 894 3751 atque
905 3679 969 3738 ideo
984 3694 1035 3752 per
1049 3695 1079 3738 se
1089 3695 1159 3738 non·

111 3755 169 3815 nisi
185 3762 218 3816 ut
236 3757 385 3820 distinctae
400 3761 511 3834 operari
529 3767 653 3834 possent.
676 3761 768 3829 Quare
782 3762 813 3820 in
827 3777 862 3821 ea
876 3762 1025 3906 hypcgthesi
1039 3763 1069 3824 id
1083 3764 1159 3837 quod
