2767 4492
225 450 268 509 to
550 449 942 504 unrmaasrmrsrsnmns

226 547 334 618 careat,
351 547 438 616 atone
453 542 516 602 ideo
535 542 566 601 in
586 539 676 598 multa
688 535 825 611 dispergi,
845 539 930 607 atoue
947 529 1003 590 hac
1020 529 1086 590 illac
1099 543 1152 604 per
1169 542 1269 590 omnes

225 627 376 704 possibiles
389 642 473 686 casus
487 625 615 700 divagari
628 622 734 698 possit3
749 617 913 678 huiusmodi
929 615 1079 690 compedes
1092 612 1171 675 nullo
1184 615 1269 677 modo

226 713 343 788 patitur·
353 709 756 785 busigitmilliobaraeteras,
773 703 798 762 si
808 717 878 761 casu
893 704 1096 774 temperantur,
1109 699 1140 758 in
1150 698 1289 774 capsula·

227 811 286 856 nou
299 810 357 856 uuo
371 800 470 869 aperta
484 792 625 854 foramine
642 791 695 851 sed
708 786 869 848 innumeris
884 781 1075 844 foraminibus
1089 781 1216 856 undique
1230 787 1270 841 ta

229 881 344 941 rebrata
364 879 487 954 supponi
501 878 596 954 potius
614 874 734 948 debeut;
751 878 836 946 atque
849 870 914 929 ideo
933 882 1160 943 quaquaversus
1178 867 1270 927 emitti

227 969 369 1041 poterunt,
386 964 456 1022 dnm
469 963 622 1036 agitantur.

263 1050 353 1110 lmmo
366 1062 435 1108 vero
449 1062 503 1106 nec
523 1046 656 1120 capsulae
674 1041 814 1117 augustiis
833 1038 978 1100 temeritas
998 1037 1167 1098 mutiuemr.
1182 1037 1267 1111 llam,

228 1149 295 1193 cum
315 1133 481 1192 indiderens
495 1132 533 1191 sit
546 1131 606 1190 sive
622 1129 659 1188 ad
676 1129 754 1188 bunc
772 1127 832 1185 siva
850 1125 887 1183 ad
905 1136 1114 1198 quemcumque
1128 1121 1217 1182 alium
1231 1121 1271 1182 lo·

172 1251 180 1266 .
228 1233 310 1291 cum,
327 1217 444 1292 spadam
458 1216 566 1291 ubique
587 1213 705 1290 poterit,
721 1227 775 1270 nee
788 1211 849 1270 ulla
867 1209 939 1268 ratio
954 1212 998 1267 est
1011 1222 1063 1266 cur
1077 1206 1112 1265 ad
1126 1220 1217 1265 unum
1231 1207 1271 1266 lo-

229 1291 295 1362 cum
310 1302 413 1376 potius,
422 1307 472 1360 aut
485 1300 522 1360 ad
532 1309 643 1359 certum
655 1295 792 1372 operandi
806 1293 925 1353 modum
935 1291 1150 1352 determinetur.
1165 1290 1270 1359 Onam-

229 1387 329 1446 obrem
342 1386 374 1445 iu
394 1385 521 1460 quolibet
537 1383 623 1458 spatii
636 1381 774 1457 punctulo
789 1379 966 1438 characteres
981 1376 1045 1436 11111
1069 1375 1206 1436 collocare
1227 1377 1271 1437 ias

229 1475 281 1544 est,
299 1475 384 1544 atque
397 1470 446 1543 ita,
465 1485 512 1529 ex.
527 1484 572 1541 gr.
588 1471 621 1526 ut
639 1466 711 1526 alter
724 1465 755 1523 in
769 1463 899 1524 Mercurii
912 1462 994 1534 orbe,
1011 1461 1126 1520 alteria
1141 1461 1209 1520 orbe
1224 1461 1272 1521 Sa·

201 1541 208 1557 ⁸
229 1555 306 1614 turni
326 1554 478 1626 consistat,
498 1567 603 1625 eosque
617 1551 658 1608 ibi
678 1549 756 1608 omni
775 1547 902 1622 possibili
920 1547 1056 1606 varietate
1074 1545 1173 1605 donari
1189 1562 1271 1621 posse

230 1638 445 1700 concedendum
459 1635 617 1704 assonare
631 1634 702 1693 illud
717 1633 837 1706 emergit
850 1631 915 1691 1111
933 1632 989 1692 duo
1004 1631 1183 1690 characteres
1196 1632 1271 1692 rdtm

229 1713 296 1798 cito,
312 1737 427 1784 sursum
441 1723 585 1795 deorsum,
596 1735 666 1780 casu
680 1719 868 1794 agitarentur,
883 1719 914 1777 iu
928 1718 1056 1791 quolibet
1069 1717 1145 1777 iactu
1159 1719 1273 1777 infinita

228 1807 415 1884 probabilitas
430 1822 481 1865 scu
497 1805 592 1880 (iuxta
606 1803 833 1862 adversariorum
850 1801 1005 1878 principia)
1026 1803 1164 1862 certitudo
1182 1802 1271 1881 habe·

230 1899 310 1952 retur
324 1891 400 1965 quod
414 1889 524 1965 syllaba
537 1887 584 1947 All
596 1903 655 1948 non
669 1890 707 1947 sit
720 1888 878 1963 proditura,
894 1895 922 1946 et
936 1887 1051 1946 nonnisi
1064 1894 1128 1962 post
1145 1887 1272 1948 inlicitos

230 1974 447 2035 iteratosiactus
461 1972 647 2048 probabilitas
660 1971 843 2046 1111111111
858 1971 1057 2046 aequalitatem
1071 1971 1270 2030 adduceretur.

265 2060 408 2118 Hactenus
421 2058 456 2116 de
470 2056 583 2116 duobus
599 2062 709 2115 tantum
724 2055 885 2128 elementis3
904 2055 1054 2115 adiicietur
1066 2071 1144 2115 nuuc
1157 2055 1203 2114 his
1220 2061 1273 2115 ter·

232 2145 313 2202 tium.
330 2141 409 2201 Certe
423 2141 477 2200 hoc
492 2140 578 2198 etiam
597 2139 634 2199 ob
653 2140 784 2199 eamdem
803 2155 919 2198 causam
941 2139 1068 2198 infinitas
1086 2140 1272 2214 dispositmas

231 2241 297 2286 cum
315 2225 426 2285 duobus
446 2224 682 2298 praecedentibus
706 2223 849 2297 suscipere
871 2228 972 2299 potest.
1000 2223 1078 2292 Quod
1102 2223 1218 2298 quidem
1237 2224 1272 2283 ad

231 2309 347 2370 oculum
361 2314 448 2384 patet,
461 2309 486 2367 si
502 2307 556 2366 tria
565 2308 707 2367 elementa
717 2307 914 2382 concipiantur
925 2312 955 2366 ut
969 2315 1075 2382 puncta
1085 2315 1214 2368 extrema
1222 2324 1273 2367 an-

227 2394 361 2469 gulorum
379 2391 516 2466 trianguli
537 2392 697 2452 cuiusdam.
714 2393 746 2452 ln
760 2408 794 2452 eo
816 2393 893 2451 enim
912 2408 950 2450 ex
969 2408 1085 2452 accessu
1102 2408 1273 2467 recessuque

229 2486 278 2538 aut
292 2476 447 2538 inflexione
462 2477 643 2537 dextrorsum
657 2477 703 2537 vel
718 2477 913 2537 sinistrorsum
928 2476 1053 2536 cuiusvis
1071 2477 1270 2550 extremitatis,

228 2579 281 2623 scu
290 2561 518 2636 engolismum
532 2561 672 2621 conflatur
688 2561 875 2635 triangulum3
887 2561 1028 2622 cuminde
1038 2575 1150 2636 semper
1159 2561 1273 2620 varien-

230 2654 276 2709 tur
291 2647 388 2721 anguii
401 2652 430 2705 et
443 2646 566 2706 laterum
580 2646 738 2706 collocatio.

264 2731 336 2805 Ergo
350 2734 383 2788 ut
397 2745 489 2804 aequa
503 2730 690 2804 probabilitas
704 2731 799 2804 uigeat
809 2746 860 2805 pro
875 2731 1058 2806 dispositione
1073 2731 1168 2806 aliqua
1178 2731 1214 2791 ad
1229 2746 1273 2790 ar-

228 2815 348 2875 bitrium
367 2815 568 2890 determinata,
584 2814 714 2874 infinitae
733 2815 944 2876 exhauriendas
959 2823 1026 2875 1111
1043 2816 1223 2876 1111111111.
1240 2815 1274 2874 at

229 2900 365 2974 quoniam
374 2913 504 2974 quaeque
513 2899 633 2957 mutatio
643 2899 762 2958 instanti
777 2901 911 2974 temporis
925 2901 1086 2975 respondet,
1098 2916 1172 2960 nova
1182 2905 1273 2960 aeter-

228 2984 304 3042 nitas
314 2983 508 3056 requireretur
516 2983 554 3040 ad
567 2981 714 3042 habendas
729 2983 929 3044 collocationes
938 3000 1037 3045 omues
1049 3001 1086 3044 ex
1098 2985 1200 3060 triplici
1216 2985 1274 3044 ele·

229 3071 326 3125 mento
340 3065 499 3139 possibiles.
512 3066 642 3134 Querela
652 3082 687 3126 ca
701 3068 860 3143 hypothesi,
872 3069 941 3127 dum
953 3068 1127 3144 sempiterno
1139 3069 1276 3143 temporis

228 3149 377 3210 intervallo
391 3149 458 3208 illae
473 3163 573 3209 omues
586 3151 759 3212 1111111111
775 3153 936 3226 explentur,
954 3169 1027 3227 quae
1041 3154 1072 3212 11
1091 3151 1202 3212 duobus
1217 3152 1276 3212 ele-
1378 3165 1379 3190 t

228 3234 333 3294 mentis
347 3233 448 3293 baberi
461 3240 593 3308 possunt3
609 3250 662 3310 per
681 3250 787 3295 noram
802 3237 887 3294 aliam
903 3237 1100 3296 aeternitatem
1120 3237 1277 3296 varietates
1377 3293 1378 3298 ,

228 3317 295 3379 illae
309 3318 494 3393 complendae
510 3325 613 3392 essent,
630 3334 704 3392 quae
714 3335 751 3378 ex
766 3320 885 3395 siugulis
900 3322 1094 3396 superioribus
1109 3337 1175 3381 cum
1191 3321 1277 3380 terlio

229 3403 354 3475 quodam
372 3403 513 3462 elemento
531 3418 687 3476 exsurgere
705 3411 833 3478 possunt.
849 3406 880 3466 ld
894 3423 976 3481 vero,
992 3414 1024 3465 ut
1042 3408 1164 3482 quisque
1178 3407 1274 3480 videt,

229 3487 412 3546 manifestam
429 3486 486 3546 sibi
504 3485 633 3560 implicat
649 3489 879 3561 repugnantiam.
896 3490 973 3550 lianc
993 3491 1089 3564 itaqrre
1104 3497 1136 3551 ut
1155 3505 1275 3564 caveas,

230 3573 411 3630 statuendum
426 3570 478 3629 tibi
493 3571 547 3630 erit
560 3574 722 3632 necessario
735 3579 800 3648 post
818 3577 1013 3636 aeternitatem
1031 3576 1158 3636 iactuum
1176 3575 1277 3636 diver-

231 3667 340 3727 sorum,
361 3656 391 3712 in
410 3654 514 3727 quibus
532 3654 720 3728 disposituras
740 3659 970 3719 omnesduobus
989 3661 1138 3720 elementis
1157 3675 1281 3735 respou-

230 3736 330 3795 dentes
349 3739 556 3811 1111111111,
573 3740 718 3799 infinitam
737 3757 884 3817 superesse
902 3746 1144 3820 probabilitatem,
1161 3761 1226 3818 seu,
1243 3751 1282 3805 ut

231 3820 386 3903 aduersarii
401 3821 513 3894 dicunt,
530 3822 730 3884 certitudinem
748 3833 846 3886 contra
865 3829 1084 3889 determinatam
1102 3829 1280 3904 positionem

227 3919 266 3961 ex
280 3903 362 3962 tertio
375 3903 537 3963 hahendam
550 3905 701 3967 elemento.
719 3910 752 3968 Et
766 3911 881 3985 quidem
896 3912 990 3971 adhuc
1003 3919 1165 3988 perstamus
1178 3913 1209 3971 in
1226 3913 1281 3972 tri-

230 3987 299 4059 bus;
320 3987 390 4061 quid
405 4002 484 4060 vero,
500 3989 525 4047 si
539 3995 672 4062 nuatum
688 3994 862 4058 elementum
881 3996 1019 4058 addatur?
1034 3997 1063 4057 Si
1077 3995 1229 4070 quintum?
1245 3995 1283 4062 si
1371 4033 1372 4039 κ
