2767 4492
146 333 150 340 '
233 326 322 400 teo
389 341 411 398 '.
559 334 788 388 uermmsrmr
802 334 950 384 scaurus

230 425 335 487 11111111
349 424 385 482 ab
399 422 556 482 intrinseco
570 424 718 480 moveatur
732 424 817 493 atque
831 421 862 478 iu
877 423 967 479 semet
981 425 1122 493 operetur,
1138 417 1275 479 nimirum

230 525 282 585 per
294 508 370 568 vires
385 506 439 568 sibi
453 505 583 581 proprias
601 509 630 564 et
644 505 754 566 achone
774 505 893 580 quaein
911 505 974 580 ipso
989 504 1116 567 subiecto
1131 513 1274 576 manente

143 603 148 608 “
230 609 286 669 quo
300 591 437 668 procedit.
456 589 528 662 llrgo
543 593 597 647 etc.

233 707 236 712 ·
267 677 328 738 109.
346 675 423 746 Quod
438 689 504 735 cum
518 673 558 734 ite
569 673 614 746 sit,
628 672 738 736 fictitiis
751 673 957 749 hypothesibus
970 674 1190 748 praetermissis,
1203 690 1274 749 quae

225 771 287 817 rem
296 756 448 816 obscurant
457 755 560 830 potius,
569 769 655 828 quam
666 753 817 828 illustrent;
827 754 856 814 id
866 754 897 814 iu
907 754 1017 828 primis,
1029 755 1106 830 quod
1116 758 1274 817 communis
1375 804 1376 809 ,

225 847 255 903 et
268 841 386 902 intimus
401 855 502 900 seusus
517 839 620 914 cuique
635 837 733 912 dictat,
744 839 836 900 fixum
846 843 997 915 ratumque
1011 839 1057 899 sit:
1069 840 1199 900 animum
1208 856 1273 900 vere

226 929 255 984 et
271 923 388 1000 physice
408 928 493 998 atque
512 939 591 982 nexu
608 938 749 999 perquam
768 923 870 983 intimo
889 923 1002 998 corpori
1024 923 1170 999 copulari,
1186 925 1226 983 ita
1244 929 1274 984 ut

225 1024 284 1068 uua
298 1009 402 1068 exinde
416 1007 580 1068 ellormetur
595 1007 764 1080 substantia,
775 1007 842 1067 licet
855 1008 967 1068 duobus
982 1008 1139 1081 composita
1153 1007 1273 1070 elemen-

227 1093 274 1166 tis,
287 1107 403 1166 corpore
419 1091 583 1166 animoque,
594 1108 653 1150 nou
668 1091 794 1152 contusis
809 1092 884 1150 inter
894 1108 925 1152 se
935 1093 985 1153 sed
996 1091 1113 1154 omuino
1122 1091 1273 1157 distimtis.
1375 1104 1376 1109 ’

214 1177 269 1238 ‚lix
282 1177 448 1238 huiusmodi
463 1181 559 1236 autem
573 1175 719 1236 iunctione
734 1175 836 1236 intima
850 1177 1006 1251 perficitur,
1022 1181 1054 1236 ut
1067 1192 1126 1236 uua
1139 1176 1171 1236 in
1185 1175 1273 1237 homi·

225 1277 263 1321 ne
275 1278 397 1337 persona
410 1260 526 1324 resultet
541 1275 687 1335 unumque
702 1261 876 1335 completum
892 1262 1075 1336 principium,
1092 1261 1169 1336 quod
1183 1261 1273 1335 patia-

226 1351 272 1406 tur
286 1351 315 1405 et
329 1350 413 1419 agat,
429 1350 458 1404 et
472 1345 518 1405 cui
532 1346 675 1418 arbones,
691 1361 763 1422 quas
776 1344 866 1418 elicit,
884 1345 1055 1411 tribuantur.
1072 1346 1149 1414 Quae
1162 1361 1209 1404 res
1224 1362 1272 1406 ex-

223 1431 324 1506 plicari
337 1431 418 1490 aliter
428 1430 536 1504 nequit,
547 1429 604 1490 nisi
620 1429 806 1504 concipiendo
822 1429 952 1488 animum
967 1429 1102 1503 coniungi
1117 1430 1228 1504 corpori
1243 1436 1272 1493 ut

224 1514 398 1594 principium
409 1515 482 1574 vitae
491 1513 582 1588 ipsius
592 1513 729 1588 corporis
743 1528 846 1586 nempe
856 1518 887 1571 ul
897 1513 1070 1588 principium
1080 1516 1155 1588 quod
1163 1515 1272 1588 corpori

225 1605 359 1668 naturam
368 1597 490 1658 viventis
499 1598 691 1658 communicat
698 1603 728 1656 et
737 1598 856 1670 proinde
866 1598 951 1670 vires,
960 1598 1065 1673 quibus
1073 1603 1271 1672 tumvegetan-

231 1682 260 1742 di
273 1687 342 1742 tum
351 1681 492 1742 sentiendi
502 1681 680 1758 operationes
696 1686 875 1742 exercentem.
891 1682 962 1742 Hinc
977 1682 1091 1742 animus
1100 1680 1274 1761 principium

225 1767 288 1840 erit,
297 1766 372 1842 quod
383 1781 486 1839 corpus
496 1767 543 1824 cui
554 1767 690 1840 iungitur,
701 1781 759 1825 non
768 1767 851 1825 modo
862 1765 918 1826 sibi
929 1766 1061 1840 vindicet,
1071 1782 1173 1826 verum
1183 1768 1273 1828 etiam

225 1851 338 1911 influxu
352 1866 403 1909 suo
416 1851 447 1908 in
457 1849 581 1924 partium
590 1849 772 1930 substantiali
781 1848 889 1911 uuimte
900 1851 1043 1910 contineat
1052 1855 1081 1910 et
1090 1866 1123 1911 ea
1132 1851 1217 1910 donet
1228 1851 1272 1910 di·

225 1934 386 2010 spositione,
396 1949 469 2009 quae
484 1934 522 1992 sit
535 1935 572 1992 ad
586 1935 661 1994 vitae
671 1934 831 1994 functiones
841 1934 1016 2008 peragendas
1025 1939 1223 1994 consentanea.
1241 1935 1274 1994 ld

226 2022 322 2078 autem
332 2024 413 2078 vetus
423 2018 519 2078 schola
529 2018 710 2092 significabat
719 2019 861 2078 sententia
870 2019 927 2078 illa:
938 2019 1066 2078 animum
1076 2019 1152 2078 uniri
1162 2020 1274 2094 corpori

226 2109 372 2176 tamquam
387 2104 509 2164 formam
523 2103 584 2162 eius
600 2103 825 2164 substantialem.
842 2103 925 2177 llaec,
937 2119 1010 2178 quae
1025 2103 1230 2178 phoenomenis
1244 2109 1273 2161 et

223 2187 327 2247 rationi
342 2188 522 2262 respondent,
533 2187 665 2246 statuisse
675 2187 712 2246 sit
721 2188 799 2261 satis;
816 2203 833 2246 1
848 2187 988 2248 subtiliori
997 2187 1188 2262 explicatione
1198 2203 1273 2262 quae

223 2271 340 2334 modum
354 2271 462 2346 ipsum,
477 2287 535 2348 111111
549 2287 584 2331 ea
599 2271 684 2346 liunt,
696 2277 834 2346 exponat,
846 2278 1048 2348 temperamus.
1066 2273 1099 2331 Ut
1114 2272 1192 2330 enim
1207 2272 1271 2332 iure

223 2355 296 2414 dixit
309 2357 499 2430 Augustinus:
515 2357 637 2429 Mortua,
654 2373 713 2430 que
728 2357 897 2432 corporibus
917 2355 1080 2415 adbaerent
1100 2358 1227 2432 spiritus
1243 2363 1271 2416 ct

223 2441 372 2502 coimctie
385 2441 474 2516 pout,
491 2441 611 2502 omuino
624 2441 724 2502 crisos
739 2449 795 2518 ert,
810 2458 861 2503 occ
878 2442 1085 2519 comprehendi
1099 2441 1136 2503 eb
1156 2440 1274 2502 dominc

222 2533 315 2602 potest
330 2528 356 2585 ⁴.

631 2697 801 2758 Aurrcunus
814 2695 859 2760 u.

621 2867 661 2928 De
673 2867 737 2928 scdc
753 2869 860 2928 ocimi.

260 3034 320 3097 llll.
338 3033 455 3096 Omissis
470 3033 652 3112 opinionibus
664 3043 803 3112 vaurum,
816 3037 866 3112 qui
876 3036 1064 3118 animumve]
1078 3036 1110 3098 in
1120 3036 1206 3096 corde
1220 3034 1269 3096 rel

222 3120 253 3180 iu
263 3120 401 3196 sauguine
411 3121 455 3182 rel
465 3121 495 3181 in
507 3121 563 3182 alia
571 3123 666 3183 miuus
677 3123 831 3198 praecipua
838 3123 962 3198 corporls
975 3129 1055 3198 parte
1072 3121 1201 3182 habitare
1215 3119 1274 3181 rati

222 3210 298 3280 sunt,
315 3205 388 3264 duae
402 3205 571 3266 celebriores
581 3209 738 3270 extiterunt
751 3209 805 3266 hac
819 3207 850 3265 in
863 3223 895 3266 re
909 3207 1141 3284 philosophorum
1156 3210 1274 3264 seuten-
1375 3226 1376 3229 ¹

223 3289 293 3350 tiae:
309 3307 378 3365 11111,
390 3307 463 3366 quae
478 3291 510 3350 in
524 3292 640 3352 cerebro
654 3292 794 3352 conclusit
807 3293 947 3366 animum,
958 3293 1047 3352 altera
1057 3307 1130 3366 quae
1147 3289 1195 3350 tuli
1206 3304 1275 3348 cor·

220 3373 283 3448 pori
297 3381 475 3448 praesentem
489 3375 566 3434 lecit.
583 3376 636 3444 Qui
649 3376 767 3435 cerebro
778 3377 900 3450 affigunt
913 3377 1052 3450 animum,
1068 3377 1099 3435 hi
1114 3373 1207 3450 quoad
1227 3373 1274 3433 lo·

221 3473 288 3518 cum
302 3460 429 3534 praecise
444 3459 691 3520 determinandum
706 3459 869 3534 discrepant
882 3461 957 3520 inter
974 3477 1014 3521 se.
1032 3459 1173 3520 Gartesius
1187 3457 1274 3517 euim

221 3540 254 3600 iu
268 3543 402 3618 glandula
417 3543 534 3620 pinculi,
551 3559 625 3618 quae
640 3543 750 3603 cerebri
763 3545 946 3605 medietatem
960 3550 1093 3618 occupat3
1110 3543 1149 3603 ha
1167 3543 1273 3615 Pepro-

223 3625 272 3684 nic
287 3641 353 3686 cum
368 3628 510 3703 plerisque
524 3627 555 3688 in
571 3643 687 3702 corpore
706 3629 823 3703 calloso;
840 3630 889 3690 alii
904 3630 936 3690 iu
953 3630 1010 3689 alia
1024 3627 1126 3703 capitis
1141 3632 1274 3687 11111111-

224 3724 325 3770 vorum
338 3718 418 3786 parte
432 3712 561 3775 animum
578 3712 760 3777 collocarunt.
779 3715 912 3776 Rationes
930 3714 1035 3790 quihm
1052 3719 1217 3790 morentur,
1233 3713 1275 3774 ad

268 3874 542 3939 lDth'et'teteDtle.
559 3879 598 3932 tt.
675 3917 680 3930 .
