2767 4492
223 224 259 283 st
552 232 782 280 murmurarem
796 214 944 280 senciens

258 323 318 390 Qua
331 322 363 380 in
376 335 408 380 re
422 320 632 380 observandum
654 322 698 378 est
716 318 848 378 sufficere
867 323 900 377 ut
915 315 1088 379 miraculum
1108 321 1245 395 procedat
1258 339 1279 382 a

220 408 277 467 lieo
300 411 445 479 tanquan
464 421 482 463 a
501 419 588 464 causa
609 402 710 462 saltem
728 401 889 477 principali.
915 403 976 463 Nun
996 403 1073 462 enirn
1097 419 1211 479 semper
1230 413 1278 466 est

221 490 361 551 eiusmodi
372 489 470 548 utrim
484 489 626 553 intinitem
637 487 673 546 ad
683 486 729 546 sui
736 486 951 562 productionem
962 489 1109 562 exquirat,
1122 489 1173 547 sed
1181 496 1279 564 potest

222 575 391 650 quandoque
404 573 484 647 qtgm
498 587 536 632 ex
550 573 579 631 vi
593 572 692 641 finita,
715 576 801 645 atque
813 570 878 630 ideo
893 571 929 630 ab
945 577 1047 646 agente
1062 573 1158 646 aliquo
1173 589 1277 650 super·

222 659 368 718 mundano
384 659 434 717 sed
446 662 551 730 creato,
570 655 648 730 quod
661 655 779 714 nomine
789 655 840 714 Ilei
849 659 990 730 operetur,
1007 672 1060 716 seu
1074 656 1208 717 facultate
1218 660 1279 733 ipsi

171 811 175 818 ,
223 760 240 804 e
254 745 310 802 Deo
325 743 399 802 lacta
414 747 528 817 propter
542 741 631 800 tinem
645 755 732 814 quern
747 739 822 800 Deus
841 745 954 815 praeter
970 740 1101 800 ordinem
1119 742 1181 802 uult
1194 749 1224 802 et
1237 745 1279 803 ad

224 843 309 903 quem
323 826 555 901 consequendum
570 830 700 884 creatura
714 824 766 884 illa
779 829 892 899 praeter
906 825 1036 885 ordinem
1050 827 1149 887 utitur.

260 913 305 972 tt.
326 912 496 972 Germanum
514 909 646 969 miraculi
665 909 812 970 uodonem
830 916 992 984 pervertere
1009 911 1104 971 conati
1120 917 1188 971 sunt
1201 929 1276 972 non-

223 998 314 1067 nulli,
334 1003 367 1056 ut
380 1011 445 1056 eam
467 995 561 1055 verbis
578 995 793 1069 relinquerent,
813 995 864 1054 sed
881 1011 914 1055 re
934 995 1091 1055 demerent.
1112 996 1186 1065 Quos
1199 997 1278 1056 inter

227 1083 348 1157 Spinoaa
361 1082 486 1154 eminet,
505 1079 554 1154 qui
568 1085 647 1138 ratus
661 1085 780 1138 naturae
794 1080 872 1153 leges
885 1080 1053 1155 neutiquam
1066 1081 1173 1141 mutari
1191 1096 1278 1156 posse

223 1183 278 1227 nec
293 1181 421 1241 unquanr
434 1163 594 1239 praepediri
610 1163 651 1238 (ut
661 1163 873 1222 eumlatalismi
887 1164 1021 1223 delirium
1034 1165 1186 1241 adigebat),
1202 1182 1273 1226 con·

224 1252 297 1312 sulto
311 1251 387 1311 etde
401 1249 540 1308 industria
553 1247 726 1307 miraculum
741 1247 783 1306 sic
797 1247 957 1323 descripsit,
973 1251 1006 1306 ut
1019 1263 1087 1308 cum
1101 1250 1221 1310 insuetis
1235 1253 1276 1311 el·

224 1336 346 1396 lectibus
360 1335 411 1395 sed
424 1333 604 1394 naturalibus
625 1332 710 1408 plane
730 1332 926 1392 contunderet.
946 1332 991 1391 llit
1009 1333 1086 1392 enim
1104 1334 1279 1394 miraculum

223 1435 283 1480 non
293 1435 355 1480 esse
365 1419 451 1492 aliud,
465 1432 552 1492 quam
562 1433 634 1492 opus
643 1422 773 1489 naturae,
789 1417 872 1476 cuius
883 1432 999 1475 causam
1009 1417 1170 1476 namralem
1180 1435 1279 1478 exem-

223 1509 270 1585 plo
285 1509 402 1568 ulterius
415 1506 457 1566 rei
472 1507 571 1565 solitae
586 1505 732 1580 explicare
741 1521 800 1566 non
815 1521 968 1580 possumus
983 1508 1008 1566 ⁴.
1028 1506 1105 1575 Quae
1113 1508 1275 1583 descripb'o,

223 1599 258 1670 ut
264 1592 449 1668 perspicuum
457 1605 509 1665 per
519 1606 550 1650 se
560 1594 612 1664 est,
623 1589 706 1648 miris
722 1593 750 1649 et
763 1589 883 1650 insuetis
893 1590 1043 1650 eventibus
1053 1607 1124 1652 sane
1134 1596 1275 1668 congmrit,

224 1677 346 1752 quinon
368 1675 444 1750 quud
464 1679 597 1733 namnam
617 1674 777 1748 excedant,
798 1675 848 1733 sed
869 1674 937 1749 quia
954 1675 1094 1735 naturalis
1107 1677 1276 1736 eommdem

226 1777 313 1821 causa
326 1761 486 1819 intuentem
503 1760 580 1832 latet,
596 1760 703 1819 idcirco
723 1759 941 1820 admirationem
954 1760 1133 1834 ingenerant.
1151 1761 1184 1820 ln
1196 1775 1275 1822 eanr-

224 1847 290 1906 dem
304 1846 421 1904 omnino
435 1845 623 1918 seutentiam,
643 1853 675 1905 ut
689 1851 766 1904 recte
780 1849 860 1904 notat
871 1845 1007 1920 Woltius,
1025 1845 1078 1904 ivit
1092 1846 1203 1921 Locke,
1224 1849 1276 1921 qui
1376 1868 1377 1887 κ

225 1930 354 1990 decernit
368 1929 540 1988 mtraeulum
560 1945 622 1988 esse
637 1931 831 2004 operationem
845 1930 1000 2003 quamdm
1014 1930 1046 1988 in
1060 1945 1161 1989 sensus
1174 1946 1273 1990 occur-

224 2021 345 2088 rentem,
361 2029 434 2088 qnae
449 2029 516 2073 cum
532 2014 698 2088 spectatoris
713 2020 829 2088 captum
843 2020 996 2088 exsuperet
1007 2013 1154 2089 ipsiusque
1169 2016 1277 2090 opinio

184 2149 191 2160 .
224 2113 262 2158 ne
276 2099 372 2158 cursui
385 2103 505 2158 naturae
520 2098 672 2158 constituto
687 2098 830 2158 condaris
843 2099 896 2172 sit,
916 2098 953 2156 ab
967 2113 1002 2158 eo
1011 2113 1062 2173 pro
1076 2099 1173 2158 dirim
1187 2100 1274 2159 babo

226 2186 272 2241 tur
287 2185 312 2242 2.
332 2183 388 2245 Nec
402 2181 525 2242 multum
543 2182 624 2242 abest
645 2182 775 2242 Clarkius
797 2183 930 2257 inquiens
948 2183 1120 2241 miraculum
1138 2183 1273 2244 effectum

226 2282 288 2327 esse
303 2273 436 2328 consueto
450 2274 570 2328 naturae
583 2267 678 2327 ordini
692 2267 884 2341 contrarium,
904 2283 922 2326 a
936 2273 1040 2326 natura
1053 2268 1177 2342 quadam
1192 2269 1274 2328 intel-
1376 2322 1377 2339 ,

225 2352 348 2427 ligente,
371 2368 445 2427 quac
464 2352 574 2411 viribus
595 2352 742 2411 hominem
764 2359 896 2427 superet,
917 2358 1000 2411 extra
1021 2353 1152 2412 ordinem
1173 2354 1276 2428 produ-

225 2442 304 2497 ctum
319 2440 345 2496 ³.
362 2437 411 2498 Gui
423 2437 509 2496 etiam
520 2436 648 2510 opinioni
662 2437 783 2496 loannes
801 2437 925 2496 Clericus
939 2437 1044 2512 aliique
1055 2452 1114 2496 non
1123 2439 1208 2512 pauci
1219 2438 1277 2497 sul·

224 2522 373 2594 fragantur
387 2521 553 2580 heterodoxi
568 2523 593 2578 ⁴.
612 2521 716 2580 Verum
731 2522 785 2580 irae
799 2537 898 2580 omnes
913 2522 1093 2581 definitiones
1103 2523 1231 2596 gratim
1240 2523 1278 2581 ad
1376 2520 1377 2549 ³

225 2605 377 2664 arbitrium
391 2604 502 2662 effictae
515 2619 575 2664 uns
588 2602 786 2679 collabuntur,
804 2607 830 2664 si
844 2606 1001 2666 ostenditur
1015 2607 1149 2680 possibile
1163 2622 1226 2665 esse
1244 2612 1278 2665 ut

227 2689 317 2764 aliqui
333 2689 486 2763 gignantur
500 2688 635 2761 edoctus,
651 2689 702 2763 qui
715 2705 774 2749 nou
792 2691 925 2764 opinione
936 2693 1099 2766 spectantis,
1115 2691 1164 2749 sed
1178 2707 1232 2764 per
1246 2707 1278 2750 se

227 2781 256 2836 et
270 2773 431 2835 conditione
446 2789 498 2833 sua
511 2789 612 2834 causas
622 2775 767 2834 naturales
780 2782 924 2849 superent
941 2776 972 2835 ld
982 2777 1059 2852 enlm
1073 2775 1098 2834 si
1112 2788 1211 2833 rerum
1221 2781 1278 2848 est,

226 2860 343 2920 effectus
358 2859 530 2928 huiusmodi,
551 2865 647 2934 utpote
663 2861 852 2920 admiratione
866 2861 954 2934 digni,
971 2877 1079 2921 numen
1092 2859 1224 2919 miraculi
1234 2861 1280 2918 iu-

226 2961 258 3005 re
271 2951 436 3018 merentur,
458 2952 626 3021 ceteraeque
646 2946 871 3022 descriptiones,
892 2947 929 3005 ad
943 2949 1139 3022 quaestionem
1161 2945 1279 3005 eluden-

227 3030 295 3088 dam
315 3029 467 3105 obtrusae,
489 3031 701 3092 commentitiae
723 3038 808 3092 erunt
825 3037 854 3091 et
873 3047 940 3091 cunr
958 3033 1084 3092 vanitate
1097 3032 1276 3092 coniunctae.

227 3113 373 3174 Eiusmodi
393 3119 489 3174 autem
509 3115 779 3177 demonstrationem
795 3118 933 3180 iaciemus
947 3131 1007 3176 non
1020 3117 1111 3176 multo
1125 3121 1207 3191 post,
1227 3114 1279 3173 scd

227 3203 294 3259 ante
307 3199 511 3260 miraculorum
526 3200 651 3276 partitio,
671 3207 704 3260 ut
717 3207 761 3261 est
773 3203 959 3275 propositum,
976 3201 1122 3262 innuenda
1135 3206 1188 3261 est.

277 3414 288 3460 l
309 3417 420 3464 Tractatu
431 3417 661 3478 theodocion-politico
675 3432 695 3462 c.
709 3415 732 3463 li.

272 3490 287 3534 2
301 3493 420 3539 Discursu
435 3493 463 3538 de
474 3494 606 3540 miraculis.

273 3563 288 3607 b
307 3567 385 3614 Trcttd
400 3569 428 3613 de
443 3567 529 3614 t'eoetet.
546 3573 568 3613 ct
582 3569 621 3614 der
634 3569 715 3615 attriti.
732 3570 760 3616 dr
774 3571 837 3617 Diras
850 3575 867 3616 t.
883 3571 908 3634 d,
925 3569 960 3617 cb.
978 3571 1017 3617 ll),

273 3637 287 3681 l
303 3639 349 3686 Non
364 3641 458 3688 rnnltnrn
473 3641 524 3687 binc
539 3641 614 3690 dillert
630 3643 716 3690 bonnm
732 3647 839 3706 (Patisco.
850 3647 938 3709 pbri),
950 3647 1013 3694 eninr
1027 3646 1137 3694 ”nuntia
1150 3644 1285 3693 miraculum

227 3725 272 3758 nen
287 3717 320 3758 eet
333 3715 410 3780 alind,
427 3717 470 3763 nisi
485 3723 575 3766 euentus
589 3718 678 3780 qnidam
692 3719 762 3766 rnirrrr
777 3724 841 3783 elque
855 3721 976 3786 stupendus
990 3738 1017 3770 ex
1030 3723 1143 3784 incoquit«
1157 3722 1196 3770 rod
1211 3725 1277 3770 nalu-

227 3786 268 3836 rall
283 3787 355 3851 icquar
370 3789 483 3841 temoni·
497 3798 518 3844 et
532 3795 688 3860 temperatiore
704 3795 823 3861 prolectas.
