2767 4492
194 414 197 420 .
534 376 615 429 11111
632 376 780 429 uacuare
1127 358 1179 429 ue

169 462 241 529 uino
255 466 341 527 edam
365 470 482 544 apparet
504 468 642 543 cuiusque
662 468 803 528 societatis
828 468 1043 529 tundamentum
1061 467 1175 543 proprie

133 555 165 615 iu
179 560 281 613 mutua
294 553 490 613 benevolentia
504 553 733 613 constituendum
749 568 820 613 esee.
838 554 915 623 Quod
930 554 1044 629 quidem
1060 570 1097 613 11
1113 550 1177 611 nui·

133 640 236 699 versali
249 639 298 698 illo
311 638 451 713 principio
465 639 551 699 iuris:
583 637 718 699 ordinem
737 654 822 698 seron
843 638 987 697 evidenter
1010 638 1081 697 lirrit.
1108 638 1177 697 liam

134 725 271 799 mcietas,
287 740 482 801 quaecumque
506 724 620 785 undem
634 725 739 797 easit,
763 724 816 785 troc
841 723 966 783 maxime
989 723 1119 797 perlicit:
1146 727 1178 782 nt

133 812 278 884 sanctione
291 820 369 871 certa
383 811 532 869 conllrmet
546 815 574 870 el
587 811 759 869 determinet
772 808 896 882 clarius,
918 814 946 867 et
960 807 989 867 iu
1005 808 1177 882 quibusdam

133 897 220 957 etiam
234 896 378 956 modificet
400 903 558 970 augeatque
581 895 755 969 relationes,
778 894 881 969 quibus
906 901 1006 953 natura
1019 909 1070 952 suu
1095 893 1178 953 homo

132 984 241 1043 homiui
255 985 423 1043 devincitur.
440 984 473 1041 lt
486 982 541 1041 irae
556 983 723 1055 relationes,
741 984 775 1041 ad
791 978 951 1055 generalem
968 980 1118 1041 iormulam
1133 994 1177 1041 re·

132 1070 240 1144 ductae,
256 1070 312 1129 huc
325 1068 451 1128 revocari
466 1067 598 1141 vidimus,
610 1069 684 1142 qnod
698 1068 818 1141 unisque
833 1066 902 1125 alios
916 1066 1032 1139 diligere
1050 1071 1177 1125 teneatur

132 1160 160 1214 et
174 1154 250 1237 idom
260 1154 376 1226 bouum,
388 1152 463 1227 qnod
478 1152 533 1213 sibi
548 1153 665 1228 appetit,
681 1168 731 1227 pro
748 1154 783 1213 iis
799 1150 874 1211 velit.
888 1151 957 1225 Ergo
973 1149 1028 1209 nisi
1044 1151 1177 1209 societate

131 1238 328 1299 constituenda
341 1239 470 1298 ordinem
485 1244 605 1297 naturae
619 1238 760 1297 invertere
775 1241 824 1297 aut
844 1236 1013 1297 labetactare
1027 1234 1173 1309 cupimus,

131 1323 185 1383 lroc
198 1322 351 1382 iunctitruis
366 1322 508 1382 humanae
521 1319 740 1383 tundamentum
754 1330 863 1381 sartum
879 1329 1039 1395 tectumque
1050 1326 1177 1379 serretur

130 1412 249 1482 oportet.
265 1408 439 1482 Quapropter
453 1407 524 1469 socii
538 1423 596 1467 non
614 1414 758 1482 tamqnam
774 1406 877 1479 media,
889 1406 937 1467 sed
950 1410 1094 1479 tamquam
1106 1405 1177 1465 lines

131 1491 310 1552 seinvicem
334 1501 461 1567 spectare
484 1492 609 1566 delient,
633 1492 774 1567 siquidem
798 1507 897 1551 omnes
921 1506 1020 1565 reapse
1046 1489 1174 1563 viritim,

131 1584 214 1653 prout
231 1578 361 1637 membra
375 1582 442 1636 suut
455 1582 485 1637 et
497 1584 591 1653 partes
605 1577 734 1637 eiusdem
749 1578 844 1651 totins,
856 1577 890 1635 ad
901 1575 977 1635 idem
992 1574 1097 1633 bonnm
1115 1590 1177 1651 par·

130 1664 305 1737 ticipandnm
319 1668 502 1733 concurrunt,
518 1662 613 1737 idque,
630 1668 714 1738 prout
728 1677 879 1723 commune
893 1667 953 1733 est,
978 1660 1129 1719 intendunt
1143 1676 1177 1719 ac

111 1752 114 1757 '
130 1748 217 1807 veluti
231 1748 291 1807 suis
305 1748 416 1807 actibus
430 1747 586 1807 elaborant.
603 1747 645 1807 lla
655 1764 713 1821 qno
727 1750 879 1808 discrimen
894 1746 995 1817 elucet,
1012 1748 1086 1819 quod
1101 1747 1176 1805 inter
1244 1776 1246 1781 ,

129 1834 291 1895 societatem
306 1840 335 1891 et
347 1829 558 1907 proprietatem
572 1832 731 1893 intercedit.
757 1834 826 1894 Num
850 1828 933 1893 liomo
955 1832 982 1889 vi
997 1830 1176 1905 proprietatis

128 1934 174 1978 res
189 1919 243 1978 sliri
258 1919 384 1977 devincit
396 1928 510 1992 propter
524 1934 607 1977 suam
621 1919 772 1977 dumtaxat
786 1917 946 1988 utilitatem,
963 1932 1067 1990 ausone
1080 1917 1175 1991 proin·

128 2005 164 2063 de
178 2011 209 2062 nt
223 2003 318 2063 media
333 2010 442 2062 mutum
451 2004 632 2076 considerat;
645 2010 675 2061 at
687 2011 786 2062 contra
802 2004 827 2062 vi
842 2002 983 2061 societatis
997 2006 1104 2061 ceteros
1119 2000 1174 2061 sibi

129 2104 215 2162 seque
229 2089 293 2147 ains
307 2091 419 2162 copulat
433 2104 490 2147 non
504 2088 550 2147 sni
570 2096 679 2147 uutnm
695 2088 786 2161 gratia
800 2095 884 2161 atqrre
898 2087 1087 2146 emolumento
1099 2128 1106 2159 ,
1129 2086 1178 2145 sed

128 2173 219 2247 gratia
232 2172 418 2232 emolumenti
433 2172 614 2245 communis,
640 2176 717 2246 quod
737 2172 806 2231 socii
820 2179 905 2231 stram
922 2186 1021 2231 ornnes
1037 2188 1086 2244 pro
1102 2171 1177 2231 virili

128 2273 180 2318 aua
195 2263 273 2332 parte
287 2256 490 2331 adipiscantur.
516 2257 603 2315 Secns
618 2257 642 2315 si
658 2257 722 2330 quis
736 2264 843 2316 ceteros
860 2256 989 2315 homiues
1005 2264 1117 2331 propter
1131 2256 1177 2317 sni
1213 2324 1217 2333 ¹

129 2349 237 2401 tautum
253 2340 403 2399 utilitatem
417 2341 473 2400 sibi
488 2342 672 2415 adiungeret,
698 2340 788 2415 {incur
807 2343 835 2399 in
851 2342 1003 2414 nardium,
1030 2350 1058 2399 et
1081 2358 1174 2417 persa

127 2443 201 2487 uam
213 2427 243 2486 in
259 2443 323 2486 rem
337 2434 512 2487 converteret
525 2446 533 2501 3
549 2435 634 2500 atque
649 2428 713 2490 iden
729 2434 850 2486 naturae
864 2426 956 2487 ordini
971 2426 1175 2502 reluctaretur,

127 2512 196 2587 qni,
210 2518 243 2571 nt
258 2512 329 2572 alias
347 2512 492 2586 diximus,
508 2512 656 2571 hominem
670 2528 816 2587 poenique
833 2520 864 2570 nt
879 2526 1028 2586 pensorum
1047 2519 1076 2571 et
1089 2512 1176 2573 linem

128 2598 159 2657 iu
173 2613 271 2657 rerum
288 2598 470 2657 universitate
484 2613 597 2671 semper
610 2601 797 2671 spectandum
812 2613 874 2657 esse
890 2597 977 2657 tolet.

180 2682 222 2741 lia
236 2699 293 2757 nno
306 2682 393 2743 etiam
407 2682 536 2757 seqnitur
545 2684 718 2757 societatem,
735 2683 950 2757 qualiscumque
961 2680 1007 2747 sit,
1024 2680 1061 2740 ab
1076 2681 1175 2741 urdine

126 2769 227 2827 morali
242 2782 388 2842 uunquam
402 2768 600 2843 crogiutinuem
613 2768 787 2828 abstrahere.
814 2766 923 2827 illerum
939 2767 1059 2825 societas
1074 2765 1102 2824 in
1120 2766 1174 2827 troc

126 2852 276 2925 landatur,
294 2862 325 2911 nt
339 2855 446 2911 nouom
460 2853 525 2912 aliis
540 2854 679 2927 velimus,
696 2853 803 2912 bouum
817 2860 930 2925 antem,
949 2858 1021 2925 qnod
1038 2850 1102 2911 aliis
1115 2868 1173 2911 ma·

126 2937 206 2995 aime
223 2939 293 2996 velle
301 2938 450 3010 debemur,
466 2939 627 2997 esthonnm
641 2938 810 3011 honestum,
828 2937 885 3011 cui,
901 2938 926 2997 si
940 2938 1008 3010 unrd
1023 2944 1172 3013 repugnat,

127 3021 157 3079 id
172 3022 279 3080 bouum
294 3037 356 3080 esse
371 3021 480 3081 lrnmini
498 3038 679 3097 nequaqnam
695 3028 794 3097 potest.

163 3106 205 3165 Ex
222 3107 334 3166 notione
349 3107 513 3181 societatis,
534 3123 620 3182 qrram
636 3110 721 3182 paulo
736 3116 800 3167 ante
816 3107 972 3183 inuuimis,
989 3108 1076 3168 claret
1090 3102 1176 3168 etiam

127 3206 179 3251 cur
194 3193 332 3267 societas,
356 3194 466 3267 quoties
482 3199 513 3251 nt
526 3192 688 3252 subiectum
708 3193 821 3253 iuribus
835 3200 863 3253 et
877 3194 980 3253 ot‘liciis
1002 3195 1172 3253 instructum

126 3282 287 3351 spectatur,
309 3285 453 3353 umquam
468 3294 557 3339 unum
573 3278 682 3353 aliquid
697 3281 910 3352 consideretur,
927 3296 960 3337 ac
977 3279 1093 3353 proinde
1108 3294 1173 3355 per·

125 3378 199 3421 amru
211 3378 277 3421 nnn
289 3364 412 3423 marolis
425 3370 453 3424 11
467 3363 598 3425 inridier
613 3366 747 3440 appellari
763 3365 852 3425 soleat
867 3366 891 3423 t,
911 3366 988 3437 liam,
1005 3380 1071 3425 cum
1087 3366 1175 3425 socio

127 3448 420 3523 uolnerabantur,
447 3453 521 3525 qrrod
545 3452 639 3527 plnres
653 3454 684 3511 11
700 3452 821 3511 eundern
839 3453 923 3510 linem
940 3464 973 3509 ac
989 3452 1083 3509 media
1105 3450 1174 3509 illuc

126 3532 259 3593 ducentia
271 3534 450 3608 conspirent,
468 3536 592 3610 proiecto
605 3536 771 3607 individua,
787 3552 861 3611 quoe
882 3536 959 3593 illam
973 3536 1170 3610 constituunt,

126 3617 203 3677 idem
218 3619 383 3693 intelligere,
399 3619 533 3693 idemque
545 3620 615 3680 aelle
630 3628 715 3696 atque
729 3622 765 3681 ad
780 3621 856 3681 idem
867 3624 1036 3681 contendere
1051 3626 1169 3694 oportet.

127 3702 219 3770 Quare
234 3703 276 3763 sic
290 3720 321 3765 se
334 3712 434 3779 gerant
456 3720 573 3765 1111111
586 3712 645 3780 eat,
662 3707 744 3782 qnasi
766 3708 888 3767 eundern
903 3704 1076 3767 intellectum
1097 3720 1172 3765 eara-

171 3886 183 3934 l
203 3887 247 3937 liae
261 3889 407 3954 appellem
422 3890 565 3953 &domitur
578 3906 592 3941 a
607 3906 699 3956 paron
713 3892 820 3959 plorator,
836 3908 892 3959 quae
906 3906 950 3943 111
968 3890 1096 3943 aarum·
1110 3888 1172 3943 iadi-

124 3963 248 4038 mdaom,
263 3982 287 4015 aa
302 3968 419 4021 namuro
432 3969 551 4039 mlta
564 3977 653 4045 atqle
665 3970 816 4027 duamur.
