2767 4492
501 298 575 342 raus
592 298 713 342 aarum
1093 276 1137 346 [⁶5

88 377 179 451 ,l'equit
193 373 275 439 enim
290 381 435 455 perceptio
449 395 505 440 non
515 381 666 440 assimilari
681 380 792 438 obiecto
801 379 856 450 illi,
874 379 950 452 quod
964 378 1128 452 percipitur,

87 475 144 523 oum
162 465 314 539 perceptio
330 465 393 539 ipsa
404 465 440 523 sit
454 465 580 524 eiusdem
592 465 748 523 similitudo
763 465 919 537 quaedam:
930 469 1072 536 repugnat
1082 479 1131 522 au·

87 551 136 601 tem
150 546 312 608 similitudo
330 565 403 623 quae
420 549 491 607 nulli
505 550 547 607 rei
562 549 743 607 assimiletur.
755 549 851 616 Quoad
865 548 1010 606 obiectum
1027 546 1128 620 igitur,

84 643 133 684 non
143 631 221 703 quod
235 633 342 692 relcrrr
351 633 432 706 velat
450 634 499 692 sed
509 634 583 706 quod
592 648 691 706 reapse
700 633 821 690 retertur
823 632 1031 706 apprehensio
1041 631 1129 689 enam

82 711 199 786 simplex
219 716 372 776 veritatem
387 718 480 776 habel.

111 796 220 858 Deinde
240 815 327 859 mens
344 817 410 860 cum
428 802 569 862 obiectum
589 803 757 878 simpliciter
771 803 976 878 apprehendit,
997 802 1060 860 ita'
1051 817 1081 859 rn
1097 817 1130 861 eo

78 879 229 952 cogitando
244 884 335 957 sistit,
353 886 491 958 31333331
502 903 567 945 cum
584 888 648 946 aliis
663 903 722 945 non
737 888 906 959 contundam
924 887 973 944 sed
983 886 1075 944 solum
1086 903 1129 953 ea,

76 977 147 1034 quae
165 965 225 1040 ipsi
245 967 355 1041 insunt,
368 972 581 1044 contempletur.
601 973 670 1044 Ergo
687 987 724 1029 ex
734 971 787 1028 boc
801 972 893 1043 capite
907 970 994 1029 etiam
1008 969 1144 1042 simplici·

75 1051 304 1122 apprehensioni
321 1055 487 1128 imperfecta
496 1059 602 1116 3331133
613 1057 699 1115 tribui
709 1063 809 1129 potest.
826 1057 987 1114 liensenim
1002 1057 1132 1113 iamtum

75 1131 189 1193 obiecto
206 1137 313 1211 incipit
323 1139 495 1199 conformari
507 1189 511 1212 ,
525 1147 608 1214 atque
618 1141 682 1198 idco
693 1141 835 1198 rationem
848 1140 974 1197 veritatis
984 1140 1085 1197 saltem
1095 1154 1132 1196 ex

73 1223 154 1287 parte
174 1219 286 1279 induit.
304 1225 392 1281 lmmo
410 1225 495 1282 etiam
511 1226 582 1281 llaec
599 1225 732 1282 inchoata
748 1223 854 1281 veritas
867 1225 936 1282 adeo
950 1224 1073 1297 simplici
1083 1239 1131 1298 ap

72 1301 269 1371 prehensioni
280 1306 381 1362 intima
396 1313 448 1376 est,
461 1313 493 1363 ut
502 1321 565 1363 eam
574 1313 711 1378 perpetuo
721 1307 879 1364 comitetur.
891 1308 1033 1380 Perceptio
1043 1309 1129 1380 enim,

70 1389 103 1441 ut
120 1386 247 1457 concipi
261 1389 376 1460 nequit,
388 1389 458 1460 quin
474 1387 616 1445 obiectum
632 1389 745 1460 aliquod
759 1395 965 1462 repraesentet,
986 1390 1026 1446 sic
1035 1391 1134 1462 nequit

70 1466 232 1524 obiectum
244 1468 355 1541 aliquod
367 1477 588 1544 repraesentare,
600 1471 668 1544 quin
680 1472 814 1530 continuo
822 1470 915 1529 eidem
928 1472 1129 1530 conformetur.

110 1549 159 1608 31.
172 1551 262 1609 Hisce
272 1554 443 1626 explanatis,
455 1555 566 1614 elucere
580 1555 666 1612 etiarn
677 1561 767 1628 potest
776 1555 845 1628 quid
854 1555 890 1612 de
901 1554 1032 1612 sensibus
1041 1555 1132 1626 quoad

71 1634 234 1692 veritatem
249 1635 399 1696 disemum
414 1639 458 1696 sit.
475 1639 507 1697 lli
523 1640 600 1696 enim
616 1654 682 1697 cum
697 1639 835 1698 iudicium
849 1638 959 1696 nullum
968 1639 1128 1711 proterant,

73 1718 123 1775 sed
139 1718 307 1793 simplicem
325 1722 417 1794 potius
432 1723 616 1796 aequiparent
634 1723 922 1796 appraebensionem3
939 1720 1067 1780 tenutis
1085 1723 1130 1780 vel

73 1800 212 1860 falsitatis
228 1803 388 1864 subiectum
403 1807 515 1880 proprie
531 1823 593 1866 esse
603 1821 659 1864 non
675 1811 802 1880 possunt
819 1806 956 1864 Dicuntur
970 1811 1065 1862 tamen
1081 1805 1129 1863 ali·

75 1895 130 1952 quo
146 1883 237 1941 modo
252 1884 353 1942 salsam
369 1893 418 1944 aut
432 1881 531 1945 veram
546 1887 651 1945 babere
667 1887 894 1961 perceptionem,
912 1893 973 1944 tum
987 1891 1128 1958 quatenus

74 1967 163 2023 menti
184 1968 223 2025 ad
238 1968 343 2026 laisum
361 1977 524 2039 antrorum
542 1972 677 2030 iudicium
698 1971 898 2045 proterendum
917 1969 1066 2027 materiam
1081 1969 1126 2027 vel

74 2044 259 2104 occasionem
274 2047 447 2120 ministrent,
467 2055 525 2108 tum
541 2051 628 2108 etiam
642 2059 781 2123 quatenus
795 2065 846 2123 pro
856 2050 977 2108 termino
992 2049 1125 2142 cognitio

74 2126 118 2185 nis
133 2144 207 2189 suae
222 2130 388 2190 obiectum'
381 2149 475 2206 ipsum
491 2134 677 2207 compositum
696 2134 829 2192 babeant
851 2133 956 2192 Sensus
974 2133 1051 2190 enim
1065 2146 1127 2204 pro

74 2212 212 2280 prietates
228 2230 379 2288 corporum
394 2232 449 2274 non
466 2217 605 2276 abstracte
621 2218 670 2275 sed
685 2226 815 2276 concrete
831 2218 986 2290 attingunt3
1004 2232 1054 2274 seu
1063 2231 1127 2290 per·

74 2297 205 2368 ceptione
216 2315 272 2357 sua
286 2315 404 2374 corpora
421 2301 548 2360 referunt
557 2307 640 2375 prout
650 2301 1012 2374 qualitatibusquibusdam
1026 2315 1127 2358 ornan·

75 2383 129 2438 tur.
152 2382 199 2442 Sic
215 2384 318 2442 oculus
337 2386 518 2458 percipiendo
534 2388 656 2445 colorem
670 2387 698 2444 in
715 2387 831 2460 pariete,
851 2385 972 2460 percipit
990 2386 1128 2457 parietem

72 2461 166 2536 ipsum
181 2473 272 2543 prout
285 2469 378 2545 colore
397 2469 577 2530 srrffunditur.
595 2471 666 2544 Ergo
682 2486 799 2543 sensus,
816 2471 869 2528 etsi
888 2467 1124 2534 conlustranda,

73 2554 210 2612 exercitio
230 2559 324 2613 133333
339 2556 384 2613 331
398 2563 478 2615 33133
492 2557 677 2630 proprietates
691 2571 841 2630 corpomm
856 2570 927 2628 quas
942 2559 1079 2625 spectant,
1095 2551 1126 2611 in

75 2634 121 2690 1311
136 2638 337 2712 potiusquam
356 2640 410 2698 alio
429 2641 556 2699 subiecto
569 2642 663 2699 inesse
680 2647 832 2712 testantur;
850 2639 925 2712 quod
939 2636 1126 2696 imitationem

77 2722 236 2788 quamdam
252 2727 280 2780 et
294 2722 382 2782 veluti
400 2725 531 2794 umbram
550 2725 646 2783 iudicii
665 2725 777 2782 videtur
791 2723 933 2797 amplecti.
949 2723 1037 2795 aque
1055 2722 1126 2780 haec

75 2799 109 2858 de
125 2805 259 2874 veritate,
271 2807 364 2879 333311
373 2808 503 2880 logicam
521 2810 629 2867 attinet.

109 2885 257 2948 3313313
271 2905 348 2948 nunc
365 2892 400 2949 ad
409 2893 503 2950 vanos
514 2891 695 2949 deliniendos
706 2899 815 2958 status,
836 2889 980 2959 inquibus
993 2903 1126 2943 mensre·

74 2977 175 3040 spectu
194 2971 321 3028 veritatis
331 2975 520 3045 capessendae
530 2973 638 3030 versari
649 2977 748 3040 potest.
765 2972 843 3026 llens
857 2969 934 3025 enim
949 2983 1015 3024 cum
1029 2969 1066 3024 ad
1079 2969 1127 3026 ob

72 3050 183 3108 iactum
194 3051 350 3124 quodpiam
363 3059 553 3124 comparatur,
569 3052 639 3108 illud
655 3055 704 3107 aut
715 3051 823 3107 ratione
838 3050 932 3123 aliqua
947 3051 1066 3122 3111331,
1078 3055 1127 3109 331

72 3133 165 3192 33113.
186 3133 266 3201 Quod
281 3147 337 3191 non
353 3133 480 3205 attingit,
492 3134 521 3190 id
535 3134 598 3206 1333
611 3134 751 3207 13333333
765 3132 877 3191 dicitur.
890 3133 1014 3202 Quorum
1030 3139 1124 3193 autem

75 3217 257 3289 ignoratione
271 3233 329 3276 non
345 3221 512 3290 lanstanet
527 3222 576 3275 aut
589 3217 629 3274 ita
639 3217 742 3290 detegit
752 3217 893 3276 utiisdem
909 3218 971 3276 sine
986 3217 1125 3278 titubatio

75 3315 110 3358 ne
126 3317 278 3362 assensum
293 3306 432 3376 praestet;
452 3307 500 3360 331
519 3302 672 3360 assentitur
689 3303 803 3375 quidem
818 3304 868 3361 sed
886 3319 944 3362 non
957 3303 1124 3378 31333333-

75 3390 173 3456 pterea
184 3387 261 3461 quod
270 3387 428 3462 oppositum
443 3387 588 3462 probabile
599 3387 684 3445 etiam
699 3393 846 3462 appareat,
859 3394 908 3447 aut
922 3387 1042 3462 donique
1051 3389 1122 3446 nulli

77 3482 227 3530 assensum
242 3473 458 3546 partipraestal3
475 3473 524 3532 sed
539 3473 637 3531 baeret
651 3486 765 3547 anceps.
782 3475 871 3546 Atque
885 3473 987 3531 borum
997 3475 1083 3530 trium
1098 3473 1122 3532 si

77 3553 202 3622 primum
212 3556 328 3628 accidit,
349 3571 431 3615 mens
448 3557 551 3615 dicitur
565 3572 626 3615 esse
644 3565 735 3629 eerto;
754 3559 778 3615 si
795 3559 969 3630 secundum,
987 3557 1121 3632 opinata,-

79 3635 101 3692 si
122 3641 248 3713 tertium,
268 3641 423 3714 ombipera.
447 3641 540 3700 Status
555 3641 650 3714 itaque
664 3641 768 3700 mentis
782 3648 903 3715 quatrmr
916 3642 1058 3702 recenseri
1074 3643 1121 3702 de·

79 3715 158 3780 bent:
176 3723 359 3800 ipoorontio,
379 3723 514 3799 dolitura,
536 3724 816 3800 opinio,oortitodo.

895 3898 915 3957 4
