2767 4492
214 338 271 399 til
548 345 937 395 sarmarsrcnoarnrsrrs

216 441 274 495 tate
293 432 503 510 principlonrm
525 431 819 508 experimentalium,
844 431 944 490 eodem
967 427 1154 490 fundamento
1178 433 1268 493 subsi-

216 524 308 592 stere,
325 533 382 593 qno
399 516 599 578 universalitas
618 516 669 575 illa
685 515 797 574 nititur.
818 513 962 574 Eiusmodi
981 519 1078 574 autem
1097 514 1268 576 fundamen·

215 613 294 678 tum,
311 608 352 664 ut
369 604 401 664 in
424 602 527 676 logica
540 601 687 674 diximus,
713 600 760 660 bis
781 599 893 659 dnobus
911 598 1061 674 principiis
1080 600 1265 674 condnetur:

215 689 331 758 madeo
344 703 453 748 cauam
465 684 621 746 naturales
633 685 748 744 medem
762 699 876 760 reaper
885 683 1058 759 produceret
1072 684 1200 759 effectae,
1223 692 1266 746 et:

216 772 290 848 lepor
305 780 436 833 acturae
452 777 714 830 supercrescentes.
734 767 806 843 Ergo
826 767 856 827 ri
876 767 979 827 berum
997 767 1205 842 principiorum
1227 770 1264 830 si·

215 857 345 918 mititudo
358 858 434 916 inter
447 857 577 914 loturum
584 859 614 912 et
627 857 803 912 transactum
817 850 977 912 innotescit.
994 851 1028 910 lit
1042 867 1123 926 sane,-
1138 852 1267 912 futurum

215 933 291 1014 quod
310 941 403 1000 umils
419 944 562 998 transacto
580 937 765 1012 praedicitur,
781 934 827 996 rel
839 935 927 995 situm
940 941 984 995 est
997 936 1028 995 in
1041 935 1199 1010 ellectibus,
1215 937 1266 1020 quui
1331 991 1336 1000 .

215 1039 235 1084 a
257 1024 455 1085 consimilibus
478 1023 574 1082 causis
595 1021 756 1082 necessario
778 1020 957 1096 agentibusl
984 1025 1188 1095 expectantur,
1210 1027 1264 1081 ut:

215 1124 299 1182 oque
313 1108 404 1167 etium
422 1106 543 1182 posthoc
556 1107 641 1166 sitim
653 1106 834 1179 cestioque,-
859 1104 904 1164 vel
924 1104 956 1163 in
975 1105 1176 1179 permansione
1200 1120 1266 1164 con·

215 1193 304 1252 amnti
317 1192 437 1252 alicuius
451 1191 579 1264 ordinis,
596 1206 653 1264 quo
667 1190 768 1248 mundi
786 1188 922 1248 machina
936 1189 1121 1262 gribernatur,
1137 1195 1182 1248 ut:
1198 1205 1266 1249 aas

214 1277 326 1336 iterum
339 1277 454 1336 unctor
466 1275 525 1348 sol,
540 1273 651 1350 lapides
663 1287 726 1332 noo
739 1272 858 1347 suffulti
871 1272 1010 1332 doment.

250 1361 311 1419 lam
326 1375 392 1420 rero
405 1360 430 1419 si
444 1361 480 1420 de
493 1359 586 1435 primo
599 1373 704 1432 genere
718 1371 812 1417 sermo
827 1362 887 1428 est,
914 1357 1053 1417 iudicium
1069 1356 1207 1417 eiusmodi
1222 1359 1265 1418 sic

214 1445 358 1504 efformari
376 1444 511 1504 videtur:
534 1445 685 1516 Postquam
707 1442 809 1500 iterata
827 1441 1007 1516 experientia
1026 1448 1202 1517 compertum
1223 1449 1266 1502 est

214 1529 340 1602 aliquem
353 1530 488 1588 ellectum
501 1545 539 1587 ex
553 1527 742 1587 determinata
757 1542 845 1586 causa
859 1528 990 1602 progigni
1005 1531 1181 1600 constanter,
1199 1543 1264 1588 con·

215 1613 295 1672 tinuo
309 1628 392 1672 mens
405 1612 435 1670 ri
449 1610 584 1686 principii
603 1611 778 1670 camalitatls
793 1611 901 1670 iudicat
914 1611 995 1669 illum
1009 1625 1102 1685 neque
1116 1625 1154 1669 ex
1168 1611 1266 1670 fornii-

215 1697 252 1756 tis
264 1698 308 1756 rei
322 1696 480 1764 adiunctis,
495 1709 570 1768 quae
584 1694 689 1768 iugiter
702 1695 865 1769 variamur,
882 1711 976 1769 neque
990 1711 1029 1754 ex
1042 1695 1197 1754 individuis
1211 1695 1264 1780 dil-

213 1781 353 1854 terendis,
369 1795 443 1854 quae
457 1793 509 1854 pro
523 1777 701 1852 singulorum
715 1779 853 1838 varietate
866 1779 898 1838 in
913 1779 1034 1853 singulis
1043 1779 1172 1840 diversae
1186 1787 1262 1854 sunt,

213 1879 298 1939 posse
310 1865 474 1939 procedere.
489 1863 612 1922 illlecms
626 1864 705 1922 enim
726 1869 879 1936 constans,
900 1869 1071 1938 perpetuus,
1087 1863 1243 1924 immobilis
1254 1885 1272 1934 ,·

214 1948 431 2022 causamexiglt
443 1963 517 2021 qrrae
529 1947 598 2006 item
612 1953 747 2008 constans
761 1948 816 2021 sit,
832 1952 978 2022 perpetua,
994 1947 1164 2021 immobilis,
1182 1963 1264 2008 secus

214 2035 330 2094 daretur
347 2034 464 2093 ellecbrs
477 2034 569 2094 maier
582 2049 691 2107 causa,
712 2035 776 2103 rel,
797 2034 862 2094 eliis
879 2034 993 2108 serbis,
1013 2035 1129 2094 darebrr
1147 2035 1264 2096 allectus

214 2120 278 2179 siue
294 2134 390 2178 causa
409 2118 481 2192 Ergo
499 2134 586 2178 causa
603 2119 707 2178 bomm
725 2119 877 2178 effectuum
897 2119 1057 2178 necessario
1068 2119 1130 2194 ipsa
1147 2120 1202 2178 erit
1214 2135 1264 2179 na·

214 2208 303 2276 tura,
323 2218 397 2277 qrrae
413 2202 568 2262 individuis
586 2203 721 2263 omnibus
740 2203 973 2262 communisset.
997 2205 1031 2262 ltt
1054 2219 1122 2263 rere
1145 2205 1264 2264 eaedem

213 2302 317 2348 causae
340 2287 475 2362 physicae
500 2302 552 2346 seu
575 2287 720 2348 naturales
739 2287 854 2347 eosdem
872 2302 986 2363 semper
1009 2288 1172 2362 producunt
1195 2289 1260 2350 elie·

213 2377 285 2432 ctus.
304 2372 376 2431 Nam
393 2377 461 2430 sunt
478 2386 583 2432 carneae
595 2372 794 2445 necessariae,
815 2377 843 2430 et
860 2388 966 2432 aaaron
983 2375 1172 2446 causariae,
1186 2374 1262 2449 posi-

212 2455 414 2530 tirreooicitir
428 2457 469 2514 od
482 2457 651 2532 ormano,
671 2457 732 2516 uisi
752 2456 827 2516 Deus
841 2457 1001 2532 iotpediut,
1026 2459 1187 2517 mensorio
1201 2473 1263 2534 cpe-

210 2547 333 2600 roator.
345 2540 493 2614 tergorum
502 2542 621 2615 posthac
634 2542 764 2600 eiusdem
779 2545 899 2600 naturae
912 2542 1062 2602 individua
1075 2543 1264 2602 observantur

212 2625 305 2698 (quae
319 2625 445 2683 externis
460 2625 645 2698 eomitatibus
665 2625 749 2684 lacile
766 2625 894 2698 dignosci
908 2629 1068 2702 poterunt),
1082 2628 1187 2690 sinrills
1204 2627 1259 2686 erit

212 2707 407 2781 expectandus
422 2707 550 2769 effectis.

251 2792 300 2852 Sin
315 2807 383 2853 rere
396 2807 490 2852 sermo
504 2794 560 2852 erit
572 2793 608 2852 de
627 2793 716 2853 altero
726 2794 989 2868 phaenomenornm
1004 2811 1118 2872 genere,
1131 2797 1205 2872 quod
1220 2797 1262 2855 di·

210 2877 323 2937 ximus:
340 2877 372 2936 in
389 2893 423 2937 ee
438 2893 520 2937 mens
539 2879 581 2937 sic
594 2879 758 2939 ratiocinari
773 2880 903 2939 videtur:
926 2881 1002 2954 lugis
1016 2882 1193 2956 experientia
1211 2881 1262 2942 ba·

211 2967 312 3022 etenim
325 2962 422 3022 docuit
436 2962 524 3021 solem
546 2965 694 3037 apparenti
709 2980 761 3024 suo
781 2969 860 3024 motu
876 2969 1039 3024 constanter
1053 2968 1196 3026 conlectos
1211 2967 1262 3025 ite

212 3061 276 3106 rare
294 3061 412 3120 cursus,
426 3047 473 3105 rel
486 3047 595 3122 lapides
609 3049 743 3109 deorsum
758 3049 883 3132 tendere.
900 3049 947 3108 list
960 3065 1027 3123 ergo
1041 3051 1071 3110 id
1090 3066 1148 3110 non
1162 3051 1261 3111 torui-

214 3137 258 3190 tus
275 3131 393 3205 quidam
411 3136 529 3191 erenms
545 3132 594 3192 sed
612 3133 661 3191 lex
678 3135 821 3208 quaedam
839 3140 969 3194 naturae.
989 3138 1023 3194 lit
1045 3135 1122 3210 leges
1139 3143 1259 3195 naturae

212 3220 279 3274 snnt
291 3215 424 3290 stabiles,
444 3230 512 3276 nam
535 3233 554 3276 a
573 3217 630 3276 lieo
643 3219 803 3292 procedunt
820 3219 960 3294 sapientia
978 3220 1189 3280 suamundum
1212 3220 1260 3279 ad-

211 3300 401 3373 ministrante,
417 3301 595 3376 ctsaplentia
604 3303 859 3363 administrationis
868 3304 1052 3364 stabilitatem
1061 3304 1160 3378 erigit.
1174 3303 1257 3379 Ergo,

212 3385 358 3444 nisibeno
377 3386 409 3444 in
430 3400 500 3446 casu
512 3385 677 3460 particulari
700 3394 815 3462 praeter
832 3390 961 3448 ordinem
982 3391 1094 3464 operari
1108 3389 1191 3462 velit,
1217 3389 1261 3447 sol

213 3470 292 3530 statis
314 3468 487 3544 temporibus
508 3471 625 3545 posthac
638 3471 745 3544 pariter
759 3472 865 3531 orietur
880 3493 889 3546 ·,
914 3473 1041 3547 lapides,
1066 3474 1116 3548 qui
1129 3472 1258 3533 nondum

259 3680 269 3725 4
290 3681 335 3728 Her
352 3682 453 3746 dirimas,
471 3681 522 3746 quia
537 3683 555 3729 si
572 3699 650 3730 musae
665 3688 718 3731 sunl
733 3683 833 3731 libertale
848 3684 1001 3748 lmenles‚illo
1011 3701 1056 3734 non
1072 3688 1213 3734 continentur
1228 3685 1260 3733 el-

210 3754 275 3802 iste:
292 3759 403 3817 [ulmae
418 3760 464 3804 m'l
479 3760 556 3806 ricello
573 3764 697 3807 transacto.
716 3761 761 3806 liae
777 3775 870 3823 namque
886 3768 974 3824 propter
990 3764 1035 3810 rim
1050 3762 1151 3826 liberam,
1169 3777 1209 3825 pro
1225 3760 1260 3808 ln·

210 3829 256 3877 bito
271 3847 295 3879 se
311 3831 474 3895 determinsnl3
492 3840 556 3896 atque
572 3835 621 3882 ideo
637 3835 678 3882 snb
692 3835 771 3882 iisdem
783 3853 855 3884 rernm
866 3837 975 3885 adiunmis
985 3843 1077 3901 possam
1087 3838 1196 3885 contraria
1206 3851 1259 3902 apa-

210 3907 264 3973 riri,
281 3908 463 3974 quenadmodum
479 3909 503 3955 in
519 3911 658 3974 papebolopis
673 3911 879 3966 demonstrabimus.
