2767 4492
210 283 246 344 aa
651 291 814 338 mmmm

210 385 361 459 seqtdmnr'
372 379 573 452 stabieotiaeau,
586 393 620 440 ao
636 394 684 454 pra
696 381 754 436 ine
767 395 824 438 aaa
835 379 1046 440 amomacum
1056 391 1142 454 auam
1157 382 1253 454 patius

210 473 397 542 nosmetipsas
413 468 559 526 babemus
577 466 663 537 diane
680 463 898 522 bittadtstiactia
913 463 1144 537 pbilosophorum
1159 476 1250 524 marn·

210 554 280 613 itum
296 554 325 614 in
340 553 503 611 atititarias
518 557 545 608 et
559 549 719 608 rationales
731 562 829 605 revera
840 548 1008 606 desumitur.
1026 547 1095 606 Nam
1110 549 1160 621 atri
1174 565 1250 607 oom-

211 639 327 700 tnadnm
339 638 427 710 ipsius
442 635 600 707 rtpputaatis
616 635 643 690 in
659 647 756 690 amore
767 631 832 691 bani
848 637 877 691 et
889 633 1102 704 operationibus
1117 635 1251 692 brrtnams

210 721 331 795 sartatari
342 721 450 788 uariant,
466 721 570 776 barnatu
582 720 731 776 batrestnm
743 721 772 775 in
784 717 852 775 attte
862 717 1070 791 quadammodo
1083 727 1250 776 converten-

211 813 264 877 tes;
283 805 311 863 bi
326 806 386 863 inre
400 803 546 862 tttititart'n'
556 804 713 870 aenereaim
726 803 923 875 reanimatur,
942 803 1073 875 quamtis
1082 803 1175 859 denuo
1187 817 1248 874 par·

191 879 294 948 'tiondi
311 895 376 946 sant
392 889 419 946 ia
436 889 507 945 diras
521 889 634 952 otasses,
652 897 735 958 proiit
747 888 930 944 commodum
942 887 1077 958 carparis,
1095 893 1145 944 eat
1159 887 1249 944 aretari

208 973 361 1032 incute-ant,
384 973 434 1040 Oai
456 981 567 1042 cantra,
587 977 744 1030 satrrecnua
763 977 890 1044 respecta
916 971 1091 1044 posthabito,
1118 972 1249 1032 antiaem

208 1059 301 1130 ipsam
321 1057 491 1114 tabia-tinam
508 1062 535 1114 et
553 1057 707 1114 bonitatem
724 1055 765 1113 ret
783 1072 833 1127 per
852 1069 883 1113 se
901 1061 1056 1127 spectatam
1076 1069 1127 1127 pro
1143 1056 1250 1114 motiva

207 1143 379 1214 operationis
396 1149 563 1214 proponunt,
582 1142 740 1198 rationales
755 1140 987 1206 «tintinnabant
1004 1155 1070 1197 vero
1086 1141 1186 1196 mattas
1201 1141 1249 1197 bic

208 1229 342 1299 operatua
364 1226 471 1284 bamini
488 1225 646 1294 conveniat,
669 1225 775 1296 titterido
794 1231 883 1296 paim
903 1225 1008 1296 arrippe
1027 1223 1112 1288 baara
1132 1225 1249 1281 rationis

207 1310 292 1368 ditata
310 1302 455 1382 oriar-ator,
477 1325 510 1367 ac
533 1311 648 1381 proinde
666 1311 832 1371 alternitatem
850 1309 955 1365 obii-cti
977 1307 1108 1377 deaaere
1126 1322 1249 1380 cumane

207 1395 307 1453 sectari
331 1395 412 1452 intuite
435 1399 531 1466 pateat.
552 1393 639 1451 imino
656 1397 742 1450 etiam
760 1407 826 1449 cnm
843 1393 927 1449 satim
947 1394 1129 1450 atmmadam
1147 1398 1249 1448 curate

193 1472 407 1549 'attstriapitam
426 1477 462 1535 ad
486 1479 538 1535 boc
558 1475 757 1546 tereresteniatn
778 1477 886 1533 moveri
915 1479 1017 1548 poterit
1038 1474 1148 1532 ratione
1171 1475 1261 1537 ubie-,

210 1564 302 1633 etita,
325 1567 465 1634 aestate-ans
489 1562 516 1618 id
543 1563 635 1620 tacere
658 1560 787 1618 animam
811 1559 928 1618 inducat
947 1571 1003 1616 rtaa
1029 1557 1157 1630 praecise
1179 1558 1249 1630 arria

207 1659 318 1704 marma
330 1649 386 1703 tum
408 1655 492 1704 snam
512 1642 567 1710 est,
586 1646 633 1704 sad
655 1644 723 1720 qaia
743 1644 779 1702 ab
797 1644 859 1718 ipso
878 1644 978 1704 ardiae
995 1643 1116 1716 eiusque
1128 1641 1248 1700 tueare

210 1732 393 1803 praecipitur.

243 1813 269 1870 7.
291 1813 393 1872 Veram
413 1815 443 1871 in
463 1815 597 1872 omnibns
616 1815 662 1872 his
683 1813 914 1886 appetitionibus,
936 1812 996 1870 site
1017 1812 1168 1870 bonestttai
1187 1811 1247 1887 sive

207 1897 336 1969 totuptas
354 1904 516 1970 quaeratur,
537 1899 563 1955 id
578 1899 653 1972 qttud
674 1899 802 1956 iuaditas
819 1897 950 1956 scilicitat
965 1897 1093 1955 animam
1114 1895 1247 1952 babean-

207 1995 262 2054 que
274 1981 358 2038 vetuti
370 1983 562 2052 primaradtx,
575 1995 611 2039 ex
629 1997 684 2054 arra
701 1982 793 2039 ameris
804 1981 938 2055 appetitio
954 1981 1089 2053 pattatet3
1110 1985 1153 2038 est
1166 1994 1247 2037 amor

207 2063 276 2122 boni
293 2064 448 2136 generatim
468 2067 585 2139 accepti,
611 2065 745 2124 niarirum
763 2065 933 2124 universatis
949 2075 978 2123 et
996 2064 1138 2122 abstracti.
1158 2065 1182 2121 is
1198 2065 1248 2136 igi·

209 2153 254 2206 tar
274 2164 353 2206 antor
372 2152 461 2206 terrina
480 2160 522 2206 est
542 2150 670 2207 armarium
697 2152 857 2207 nostrarum
880 2149 1105 2222 appetitionum,
1129 2147 1249 2221 eiusque

206 2231 349 2290 abiectam
368 2231 395 2289 id
415 2234 560 2292 curastttuit
577 2235 650 2308 qarod
670 2233 874 2308 simpiiciterct
889 2233 1141 2308 absatatepropter
1154 2247 1184 2291 se
1199 2247 1247 2306 ap

210 2315 325 2390 petitia,
344 2325 372 2374 et
385 2317 467 2375 cidiis
487 2317 610 2390 impaisu
631 2324 726 2377 cetera
744 2323 938 2392 procurantur.

240 2399 273 2458 Et
283 2413 314 2457 re
329 2402 443 2473 (puidam
459 2415 534 2466 vera,
552 2403 606 2460 nisi
622 2415 771 2476 processus
781 2403 844 2461 siae
857 2402 1035 2475 principiaet
1048 2401 1167 2461 edoctas
1181 2401 1245 2459 siae

207 2497 293 2543 causa
308 2487 418 2544 admitti
437 2486 519 2549 vetit,
543 2486 723 2545 statuendam
745 2491 823 2544 certe
836 2491 880 2544 est
897 2493 1026 2558 respecta
1043 2486 1249 2561 appetitionum

206 2567 395 2628 humanarum
416 2569 558 2628 abiectum
577 2569 690 2643 aliquod
711 2571 786 2644 qttad
801 2585 858 2629 aaa
874 2571 908 2628 ad
928 2569 1006 2629 alind
1025 2571 1123 2629 reterri
1140 2569 1245 2643 possit,

207 2653 257 2710 sed
271 2653 402 2712 absolate
413 2656 562 2728 appetatur
582 2661 680 2728 suapte
694 2655 722 2712 ri
738 2659 766 2712 ct
785 2657 943 2713 ceterorum
962 2656 1188 2729 appetendarum
1201 2669 1247 2711 ra·

207 2735 312 2795 tionem
325 2739 515 2796 sttidcienteat
531 2739 683 2797 contineat.
702 2738 731 2796 id
747 2746 843 2796 atttein
858 2740 887 2796 ia
903 2739 1035 2811 generas
1052 2739 1158 2796 bonam
1174 2751 1247 2811 qaa-

205 2820 288 2880 drarc
302 2837 386 2880 nemo
401 2839 487 2881 sanies
502 2822 652 2881 dubitabit.
665 2823 776 2880 Etenim
791 2837 858 2881 cam
868 2838 921 2880 aas
935 2839 995 2881 rem
1012 2821 1182 2897 peculiarem
1197 2836 1247 2894 ap·

204 2907 344 2980 petimus,
362 2907 391 2966 in
408 2923 441 2965 ea
456 2923 487 2966 re
501 2908 621 2966 minimo
640 2907 782 2980 sistimus,
799 2907 849 2966 sed
869 2909 1004 2966 continno
1019 2908 1053 2965 ad
1069 2906 1154 2965 aliam
1173 2907 1247 2980 rapi-

204 3001 285 3059 mar3
302 3004 422 3064 eamque
436 3005 502 3050 oum
518 2991 661 3066 assequuti
680 2991 787 3064 simas,
804 2993 919 3050 tertiam
940 2991 1016 3049 atiud
1036 2991 1244 3064 desideramus,

188 3076 291 3145 ¹atque
306 3073 345 3130 ita
368 3089 468 3146 parra,
486 3075 556 3148 qnia
578 3081 705 3150 unquam
725 3075 761 3134 ad
777 3077 887 3134 exitam
912 3077 1106 3134 decoriamus.
1125 3075 1195 3148 Ergo
1210 3075 1246 3134 si·

206 3172 296 3232 guum
307 3163 349 3216 est
359 3175 411 3218 nas
426 3159 610 3218 inclinatione
624 3167 743 3219 naturae
753 3159 781 3220 ia
796 3159 824 3218 id
835 3157 913 3229 terri,
924 3161 998 3235 quod
1009 3149 1039 3218 in
1056 3159 1247 3234 peculiaribus

204 3239 288 3300 bonis
301 3257 400 3316 reapse
416 3243 548 3316 reluceat,
565 3245 614 3304 sed
627 3259 681 3302 aaa
696 3245 777 3316 piena
792 3245 979 3304 coertiucatar.
990 3246 1047 3304 Hoc
1057 3251 1154 3304 atram
1168 3243 1247 3302 atiud

204 3339 267 3384 cese
283 3327 389 3400 aequit,
407 3326 462 3384 uisi
478 3327 585 3386 bunum
601 3333 741 3400 quatenus
756 3327 863 3386 bonam
878 3337 930 3396 est,
948 3344 1050 3402 nempe
1070 3329 1179 3387 bonam
1198 3343 1246 3399 ge

205 3410 327 3467 neratim
343 3417 500 3483 acceptam.
518 3411 575 3470 iioc
587 3412 664 3469 euim
680 3427 780 3484 reapse
793 3413 822 3470 in
847 3412 1038 3484 pacatioribus
1059 3412 1143 3470 bonis
1156 3410 1245 3469 eonti-

205 3502 299 3567 aetar,
317 3501 345 3552 at
360 3511 416 3552 non
433 3496 542 3567 integre
557 3501 585 3554 et
599 3497 752 3554 cauteriate.
763 3497 869 3555 Deinde
883 3499 907 3556 ai
922 3499 986 3570 ernis
996 3513 1027 3555 se
1041 3498 1192 3568 diiigenter
1202 3497 1246 3553 ia·

207 3579 341 3651 terrogat,
363 3580 517 3653 comperiet
531 3581 631 3654 procul
649 3580 781 3637 dubiosa
803 3581 832 3637 in
849 3582 969 3654 sirtgutis
990 3581 1210 3654 appetitionibus
1227 3593 1247 3638 a

204 3658 282 3732 boni,
300 3675 355 3734 aaa
370 3661 476 3722 bonum
492 3669 542 3736 est,
559 3663 699 3722 desideria
720 3665 887 3737 pertentari3
905 3672 989 3738 atque
1004 3665 1111 3723 idcirco
1126 3663 1247 3737 quodvis

204 3743 346 3814 peculiare
360 3745 502 3808 obiectam
518 3749 588 3806 reite
605 3753 653 3806 aut
667 3747 786 3821 eligere,
802 3751 870 3821 auia
889 3751 984 3826 atiquo
1008 3750 1090 3822 pacto
1112 3747 1249 3807 beatitatis

204 3830 248 3887 eet
273 3829 414 3903 particeps
432 3847 466 3893 aa
488 3837 637 3908 propterea
655 3832 771 3893 innatae
791 3849 860 3894 suae
877 3833 1058 3893 inclinationi
1080 3832 1245 3906 respondet.
