2767 4492
208 295 259 358 tut
531 307 738 354 unrmnvsma
754 305 917 354 onmmms

208 419 219 446 ·
236 395 324 466 ciunt,
344 407 430 468 super
444 392 628 452 affirmativas
642 391 809 452 concludere
825 392 850 449 l.
869 413 879 442 υ
898 390 973 464 Opus
988 392 1031 447 est
1044 386 1132 463 igitur
1145 388 1177 448 in
1189 386 1246 464 pri·

206 479 262 538 mis
272 478 374 537 obiecti
383 493 442 537 non
454 477 647 552 perfunctoria
661 476 853 535 scd’accurata
862 473 1058 547 consideratio,
1069 474 1109 532 ita
1119 479 1151 532 ut
1160 473 1246 548 illius,

207 564 301 638 quoad
316 563 379 623 lieri
392 569 492 637 potest,
511 563 596 637 plena
613 561 776 621 obtineatur
789 560 899 621 uotiua
915 559 1024 618 Deinde
1042 559 1159 618 omnino
1170 573 1250 633 opor·

208 654 296 707 istut
314 647 474 722 obiectum,
497 647 573 721 quod
593 647 759 706 observatur
774 691 782 720 ,
797 646 851 705 rite
873 650 1037 704 secernatur
1051 644 1088 702 ab
1102 643 1154 717 iis,
1177 659 1250 718 quac

113 783 118 793 ,
208 735 410 806 circumstant,
426 748 463 791 ne
477 733 548 792 lorte
563 733 638 806 quod
651 731 767 790 aliunde
782 730 929 807 provenit,
945 730 1000 805 ipsi
1009 729 1130 788 emendo
1144 728 1250 787 tubua-

209 825 264 876 tur.
283 818 335 878 Ubi
349 823 445 877 autem
459 817 580 900 dilucide
594 821 776 891 perspectum
791 821 834 875 est
848 815 916 890 quid
929 815 1043 890 proprie
1057 815 1093 873 ad
1106 813 1251 872 obiectum

207 903 362 976 pertineat3
386 908 448 961 turm
462 902 576 960 demum
595 901 755 975 plenumst
770 901 915 960 sufficiens
929 915 1048 960 casuum
1063 898 1250 974 peculiarium

208 1002 330 1047 examen
342 987 549 1047 instituendum
562 993 614 1061 est,
625 986 841 1060 observatioque
854 985 993 1058 iteranda,
1009 1000 1060 1059 pro
1076 983 1127 1056 rei,
1145 997 1202 1056 qrra
1215 981 1251 1041 de

208 1072 311 1146 agitur,
328 1071 498 1130 conditione.

243 1156 299 1217 Nec
313 1173 380 1216 vero
399 1157 459 1216 sola
472 1157 631 1218 observatio
646 1157 753 1216 sufficit
767 1199 782 1232 ,.
800 1156 850 1216 sed
872 1147 1049 1231 experientia
1066 1153 1153 1214 etiam
1167 1166 1252 1226 saepe

209 1241 354 1316 iungenda
372 1247 424 1301 est.
452 1243 526 1311 Quas
539 1243 615 1302 inter
628 1244 683 1303 boc
697 1243 832 1316 interest,
858 1241 933 1316 quod
948 1239 1106 1300 observatio
1121 1238 1250 1306 dicatur,

204 1341 276 1384 cum
290 1327 492 1386 examinantur
505 1327 703 1402 phaenomena
722 1331 805 1402 prout
820 1343 838 1387 a
851 1332 954 1386 natura
969 1325 1145 1396 oilemntur3
1167 1337 1254 1398 expe-

209 1410 313 1470 rientia
330 1416 444 1484 autem,
470 1427 537 1470 cum
551 1417 670 1471 naturae
684 1412 844 1486 periculum
864 1412 899 1470 de
921 1410 1062 1470 industria
1079 1407 1253 1480 instituitur,

209 1509 311 1567 resque
326 1495 567 1569 adpbaenomena
581 1496 744 1555 exbibenda
754 1496 941 1571 compellitur.

244 1579 280 1638 Ut
300 1595 367 1638 vero
385 1580 440 1638 rite
459 1580 530 1638 liant
550 1581 762 1655 experimenta,
787 1597 904 1641 necesse
923 1585 966 1640 est
984 1583 1096 1655 praeter
1109 1593 1158 1638 eas
1171 1591 1253 1653 prae·
1351 1589 1355 1596 ·

210 1663 372 1738 captiones,
397 1679 468 1737 quae
486 1680 537 1738 pro
552 1665 748 1725 observatione
764 1662 949 1738 tradidimus,
970 1665 1023 1724 bas
1045 1664 1162 1738 insuper
1177 1661 1257 1722 adbi-

210 1747 288 1807 bere.
304 1748 449 1820 Primum,
472 1749 578 1808 variari
591 1766 626 1808 ea
640 1751 762 1824 debent,
783 1750 893 1811 obiecto
912 1751 944 1810 in
958 1749 1077 1810 diversis
1091 1747 1257 1808 conditioni·

210 1832 266 1891 bus
285 1836 314 1891 et
333 1831 475 1891 adiunctis
495 1834 671 1908 constituito,
700 1841 731 1894 ut
755 1849 967 1909 quaquaversus
985 1834 1125 1907 effectus,
1151 1831 1200 1906 qui
1219 1831 1256 1890 ab

211 1916 272 1989 ipso
286 1916 389 1990 prodit,
409 1923 552 1991 appareat.
573 1920 643 1978 Tum
657 1935 862 1994 saepenumero
880 1919 1077 1993 experimenta
1089 1916 1257 1976 invertenda

212 2007 287 2073 sunt,
302 2005 336 2059 ιιι
349 2000 514 2074 dispiciatur
526 2008 642 2077 utrum,
658 2005 770 2063 diverso
784 2019 937 2079 processu,
953 2002 1111 2062 consimilis
1125 2007 1174 2062 eut
1188 2015 1254 2060 con-

213 2086 316 2145 trarius
339 2091 457 2145 eventus
471 2095 615 2170 exsurgat.
639 2089 747 2162 lertio,
766 2093 878 2164 sumpta
891 2087 980 2148 semel
994 2087 1171 2162 experientia
1193 2101 1258 2161 pro-

214 2171 280 2230 duci
303 2171 403 2245 debet,
425 2179 457 2231 ιιι
478 2173 636 2232 constantia
654 2174 845 2248 phaenomeni
864 2173 1060 2247 dignoscatur,
1081 2186 1134 2230 nec
1148 2185 1206 2230 non
1222 2169 1258 2228 ad

212 2272 258 2314 res
271 2255 397 2315 diversas
412 2257 457 2316 vel
470 2257 631 2316 consimiles
641 2258 821 2318 extendenda
834 2263 890 2332 est,
906 2263 938 2317 ut
952 2257 1148 2316 manifestetur
1162 2261 1259 2316 utrum

213 2357 230 2400 a
253 2341 390 2415 peculiari
409 2357 447 2401 an
467 2359 486 2401 a
508 2341 653 2402 communi
679 2343 776 2418 aliqua
800 2343 862 2416 lege
886 2342 931 2401 vel
949 2342 1121 2417 pmprietate
1143 2341 1259 2400 effectus

213 2425 292 2484 iluat.
312 2426 474 2501 Postremo,
491 2428 585 2502 quoad
598 2428 661 2488 lieri
675 2428 773 2502 possit,
791 2428 957 2486 instandum
972 2434 1023 2501 est,
1041 2433 1125 2502 atque
1137 2441 1260 2486 examen

213 2511 498 2585 experimentumque
517 2513 676 2585 urgendum
685 2547 697 2586 ,·
708 2517 741 2571 ut
759 2512 953 2586 phaenomeni
972 2511 1122 2572 intersitas
1142 2512 1260 2586 civisque

214 2611 365 2656 causarum
388 2596 492 2656 idonea
512 2611 648 2656 mensura
667 2597 882 2656 determinetur.
908 2597 982 2656 llaec
999 2597 1178 2671 potissimum
1201 2611 1260 2655 ser-

215 2679 308 2738 vanda
323 2685 408 2754 suut,
424 2690 456 2740 ut
469 2681 597 2755 legitima
610 2682 648 2740 sit
661 2681 788 2741 inductio
802 2687 831 2740 et
848 2681 1066 2750 ratiocinationi,
1081 2696 1167 2756 quam
1186 2681 1261 2740 dixi-

214 2779 298 2836 mus,
315 2763 362 2823 det
384 2765 480 2824 locum
493 2765 530 2824 ad
544 2766 689 2840 generalia
703 2766 846 2826 axiomata
863 2765 892 2826 vi
906 2766 1109 2826 observationis
1125 2771 1155 2824 et
1173 2780 1259 2840 expe·

214 2848 318 2908 rientia
336 2849 503 2925 colligenda.

250 2935 294 2993 70.
312 2935 347 2995 tlt
359 2935 455 3009 itaque
468 2951 512 3009 ea,
529 2952 603 3010 prae
616 2937 851 3012 disceptavimus,
869 2937 946 2997 velut
959 2938 989 2996 in
1004 2952 1145 2997 summam
1169 2937 1261 2996 conte

213 3035 320 3093 ramus,
336 3021 392 3079 duo
407 3026 473 3079 sunt
486 3021 656 3080 iudiciorum
668 3039 782 3097 genera:
800 3023 961 3098 analytica,
978 3038 1052 3097 quae
1069 3022 1219 3081 intuitione
1233 3026 1262 3081 et
1380 3017 1381 3062 ἶ

215 3104 325 3179 analvsi
339 3105 468 3163 idearum
483 3105 633 3181 habentur,
648 3108 822 3182 syntluetico,
836 3123 913 3182 quae
923 3109 997 3167 iacto
1006 3107 1102 3182 ipsoet
1112 3106 1260 3181 experien-

216 3189 255 3247 tia
267 3190 405 3247 nituntur.
421 3189 524 3263 Prima,
547 3207 613 3249 cum
633 3193 749 3251 insitam
768 3193 1015 3252 universalitatem
1026 3191 1260 3251 etneccssitatem

215 3273 377 3347 exhibeant3
394 3280 492 3348 suapte
506 3282 609 3334 natura
623 3284 689 3335 sunt
707 3277 860 3336 axiomata.
872 3277 974 3349 Altera,
991 3291 1056 3335 cum
1070 3292 1127 3335 non
1138 3275 1260 3335 necessi·

123 3419 130 3434 .
217 3361 302 3416 tatem
319 3358 369 3416 sed
383 3359 604 3432 contingentiam
622 3363 826 3435 praescierant,
848 3366 876 3420 et
907 3361 1148 3420 universalitatem
1164 3373 1215 3434 per
1229 3373 1260 3418 se

216 3441 416 3514 nonhabeaut3
431 3443 644 3503 ratiocinatione
654 3449 747 3518 egent,
764 3445 902 3519 principio
921 3444 1095 3512 causalitatis
1112 3444 1213 3504 innixa
1229 3450 1263 3502 ut

218 3524 254 3581 ad
276 3525 519 3585 universalitatem
537 3528 704 3588 evehantur.
727 3529 818 3596 Quare
839 3530 934 3588 vocari
958 3532 1090 3603 poterunt
1110 3528 1260 3605 principio

218 3606 371 3668 inductiva
386 3616 414 3668 et
435 3612 629 3686 oporteatort,
648 3613 691 3672 vel
705 3613 801 3687 etiam,
818 3613 842 3672 si
857 3611 948 3688 lubet,
964 3614 1199 3690 apothetioortun
1211 3629 1263 3674 no-
1379 3629 1380 3640 ¹

218 3705 285 3750 rnen
297 3693 469 3769 retinebunt,
486 3697 591 3771 quippe
606 3713 689 3771 puae,
706 3697 760 3758 etsi
773 3698 1013 3760 universalitatem
1019 3699 1176 3774 induerint,
1187 3714 1263 3760 scm·

264 3875 276 3924 ι
295 3878 357 3928 noer
372 3880 462 3938 oum
475 3881 493 3930 r.
508 3882 533 3946 t,
547 3881 625 3946 apso.
640 3883 696 3933 roe.
