2767 4492
245 264 295 322 108
695 272 823 318 noorcus

240 361 347 421 itemm
361 358 467 419 redibit
487 358 624 432 quaestio,
645 360 742 416 utrum
755 356 878 415 'eddone
895 370 948 430 per
962 369 992 416 se
1010 355 1049 416 sit
1061 367 1096 416 ac
1109 359 1210 437 suapte
1226 355 1290 416 lnce

242 445 307 504 sine
314 442 557 503 demonstratione
566 441 832 513 mentiinnotescat,
844 455 881 499 an
891 455 991 500 rursus
997 446 1080 514 egeat
1089 439 1290 500 demonstrari.

242 529 350 587 Horum
365 527 491 600 primum
511 524 690 584 adversarius
708 523 812 597 eligere
831 524 940 598 nequit,
963 523 1032 597 quin
1048 523 1164 584 sibimet
1180 529 1291 582 contra·

244 613 331 685 dicat,
350 626 384 669 ac
398 624 481 670 suam
499 609 561 684 ipse
581 608 767 667 assertionem
780 608 916 666 desnuat.
931 608 1056 684 tltermn
1073 606 1162 680 igitur
1179 606 1289 681 seligat.
1306 663 1310 670 .

244 696 298 755 Sed
313 701 382 754 tunc
395 695 528 753 innovas
542 708 573 752 se
589 693 683 765 adiget
697 691 853 764 angustias,
870 695 900 750 ct
913 691 1044 750 semitam
1064 705 1229 764 percurrere
1247 691 1292 750 in·

193 787 199 792 ·
244 775 361 834 choabit
372 773 465 832 limite
483 787 599 847 prorsus
613 770 788 830 destitutam.
806 771 876 830 Nam
899 771 922 829 si
941 769 1099 844 praemissa
1116 769 1210 829 omnis
1227 775 1293 842 eget

244 857 446 920 demonstrari,
460 871 608 930 nunquam
623 854 659 914 ad
678 855 790 913 exitum
803 853 961 926 devenitur,
973 869 1027 913 nec
1036 853 1154 928 proinde
1165 868 1294 928 unquam

244 943 363 1002 cudens
374 940 479 1001 obiecti
491 939 614 1014 cognitio
628 939 788 1014 acqrriritur
797 939 1025 999 demonstrando.
1039 938 1131 998 Series
1138 953 1216 997 emm
1230 938 1296 997 inti-

244 1029 306 1088 nita
319 1028 449 1104 percurri
464 1026 572 1100 nequit.

282 1115 373 1183 Quare
385 1113 438 1172 aut
452 1113 575 1186 cognitio
591 1112 685 1172 omnis
701 1112 817 1173 euidens
836 1117 865 1172 et
883 1117 961 1172 certa
975 1112 1010 1172 de
1030 1111 1124 1171 medio
1139 1116 1182 1171 est
1201 1111 1295 1186 repel-

245 1199 345 1272 lenda,
364 1205 414 1257 aut
428 1199 452 1257 si
467 1198 670 1258 demonstratio
680 1198 740 1257 ulla
753 1197 831 1272 viget
842 1213 877 1256 ac
891 1197 1018 1271 scientia,
1039 1197 1215 1257 admittenda
1227 1201 1297 1257 sunt

135 1331 139 1334 .
245 1283 407 1344 necessario
422 1283 518 1356 adona
531 1283 626 1356 prima
642 1281 784 1355 principia
798 1281 829 1340 in
848 1280 947 1341 ordine
962 1281 1141 1355 cognitionis,
1164 1297 1238 1356 quae
1251 1281 1297 1340 in-

245 1373 314 1427 nata
328 1367 456 1439 fulgeant
469 1366 532 1424 luce
547 1381 668 1439 eamque
682 1365 719 1424 ab
730 1365 794 1424 aliis
803 1381 861 1424 non
874 1369 1049 1439 mutuentur,
1066 1366 1116 1424 sed
1125 1367 1219 1440 potius
1229 1363 1297 1424 aliis

245 1449 421 1524 impertiant:
433 1465 466 1508 eo
477 1451 567 1508 terme
576 1455 669 1524 pacto,
679 1465 736 1523 quo
744 1449 769 1508 si
779 1449 883 1508 adsunt
889 1464 1007 1524 corpora
1014 1449 1184 1523 illuminata,
1195 1450 1297 1509 adesse

246 1549 360 1609 quoque
380 1533 486 1592 debent
505 1548 623 1608 corpora
645 1548 718 1607 quae
740 1533 797 1591 sint
815 1532 910 1592 lucida
927 1538 1042 1610 propter
1060 1549 1100 1592 se.
1123 1533 1299 1609 Quapropter

246 1619 351 1678 harum
365 1617 518 1678 vedianum
532 1632 591 1676 non
605 1616 818 1689 demonstratio,
836 1617 886 1676 sed
902 1616 1087 1676 terminorum
1105 1618 1256 1676 dumtaxat
1268 1621 1299 1676 et

247 1705 378 1764 idearum
391 1702 514 1777 petenda
532 1701 685 1776 explicatio
705 1707 756 1774 est,
774 1709 835 1760 tum
853 1701 1043 1773 difficultates,
1067 1716 1140 1775 quae
1158 1701 1229 1760 torte
1246 1717 1298 1775 og·

249 1794 398 1861 geruntur,
414 1787 499 1844 modo
510 1785 690 1845 adversarius
706 1784 814 1859 aliqud
828 1791 938 1844 certum
947 1791 1098 1859 ratumque
1112 1783 1228 1858 tribuat,
1243 1785 1299 1845 sol·

250 1871 359 1932 rendae
372 1877 465 1930 erunt.

284 1956 329 2014 68.
349 1957 406 2014 Nec
420 1970 488 2014 vero
502 1956 598 2031 inepte
607 1955 813 2030 suspicandum
824 1961 882 2014 est:
897 1953 1045 2029 principiis
1057 1955 1103 2013 iris
1112 1969 1164 2029 per
1178 1970 1208 2014 se
1222 1956 1300 2016 notis

248 2055 332 2099 caece
347 2044 375 2098 et
393 2039 455 2098 sine
473 2039 582 2098 ratione
603 2054 655 2097 nos
679 2039 822 2098 assentiri.
844 2039 913 2098 Nam
929 2037 1096 2098 veritatibus
1117 2038 1298 2114 istiusmodi,

250 2125 304 2182 etsi
320 2123 393 2182 desit
410 2123 622 2196 demonstratio,
643 2124 724 2182 adest
744 2130 838 2183 amen
861 2123 999 2183 motivum
1018 2137 1150 2182 assensus
1168 2123 1301 2184 stabilius

248 2210 368 2268 fortasse
376 2209 421 2268 vel
428 2208 528 2267 saltem
538 2224 628 2283 acqrre
635 2208 738 2268 stabile
746 2224 779 2267 ac
790 2208 1046 2268 sitdemonstratio.
1057 2209 1190 2268 dorium
1199 2209 1300 2268 buius-

248 2294 326 2352 modi
341 2300 384 2352 est
397 2292 563 2352 immediata
580 2293 683 2352 obiecti
703 2293 856 2366 evidentia,
877 2309 929 2352 seu
949 2293 991 2351 rei
1015 2293 1105 2366 ipsius
1123 2292 1241 2352 euidens
1256 2293 1301 2352 in-

250 2377 341 2436 tuitio.
361 2377 404 2435 Ex
419 2393 475 2451 quo
489 2377 583 2436 elucet
595 2378 681 2436 talem
697 2392 845 2438 assensum
863 2392 922 2436 non
936 2369 998 2436 e'sse
1013 2391 1127 2434 caecam
1145 2377 1301 2450 quamdam

249 2461 345 2534 fidem,
364 2460 413 2519 sed
429 2475 492 2520 esse
507 2461 739 2539 perspicientiam
753 2461 969 2533 lucidissimam,
987 2476 1059 2535 quae
1077 2476 1128 2535 per
1149 2476 1180 2520 se
1198 2462 1298 2534 iuigat,

250 2551 279 2603 et
292 2546 348 2604 alia
357 2545 469 2604 obiecta
478 2544 641 2604 illuminare
651 2545 725 2620 potis
735 2551 787 2604 est.
800 2545 907 2604 Deinde
921 2545 960 2604 ita
968 2560 1051 2604 mens
1062 2545 1140 2605 hisce
1149 2546 1301 2621 principiis

251 2629 313 2687 sine
328 2629 569 2688 demonstratione
585 2630 748 2701 assentitur,
765 2635 798 2688 ut
808 2629 839 2688 in
854 2629 902 2688 tali
913 2645 1029 2688 assensu
1040 2629 1301 2704 omninoconquie·

251 2719 325 2784 scat3
337 2713 441 2786 quippe
452 2728 518 2771 cum
528 2713 636 2770 nullam
648 2712 689 2771 ibi
700 2713 949 2772 demonstrationis
960 2713 1157 2772 necessitatem
1168 2721 1300 2784 contuea-

253 2801 312 2869 tur,
331 2797 419 2854 immo
435 2811 500 2855 vero
510 2811 575 2855 eam
588 2796 704 2870 pro-{tali
717 2797 827 2856 obiecto
837 2797 963 2872 ineptam
978 2803 1006 2856 et
1021 2797 1173 2857 absurdam
1189 2813 1251 2857 esse
1261 2799 1301 2856 vi·

250 2881 307 2940 det.
317 2880 434 2940 Utenim
442 2880 690 2954 praeclareinquit
700 2879 956 2941 Sanctusibomas:
970 2882 1138 2957 «proprium
1145 2891 1189 2941 est
1197 2881 1301 2942 trorum

254 2990 265 3020 ι
286 2965 503 3041 principiorum,
521 2965 596 3039 quod
610 2980 668 3024 non
688 2965 780 3024 solum
798 2981 915 3025 necesse
931 2966 970 3024 sit
982 2981 1017 3024 ea
1034 2981 1129 3040 perse
1144 2981 1297 3039 veraesse,

254 3074 265 3102 tt
286 3050 337 3109 sed
351 3049 438 3108 etiarn
453 3063 570 3128 necesse
584 3055 628 3107 est
646 3048 736 3108 videri
750 3049 826 3124 quod
841 3051 898 3108 sint
912 3064 963 3124 per
976 3065 1006 3108 se
1022 3065 1098 3108 vera.
1109 3050 1207 3111 Nullus
1221 3051 1300 3130 enim

254 3158 265 3185 ι
282 3138 374 3207 potest
384 3149 434 3208 per
448 3148 479 3192 se
493 3132 605 3206 opinari
619 3133 762 3192 contraria
773 3148 882 3192 eorum.
899 3134 910 3181 t
934 3157 945 3184 n

287 3217 332 3276 oe.
348 3216 469 3292 intelligi
483 3217 553 3276 hinc
568 3224 662 3292 potest
680 3224 819 3291 quantum
833 3235 850 3278 a
864 3220 983 3278 veritate
997 3219 1124 3279 discedat
1139 3217 1300 3278 Theodorus

252 3300 386 3374 loulirop,
403 3301 453 3374 qm
467 3300 642 3375 principium
660 3307 688 3358 et
709 3301 815 3360 iontem
831 3302 1010 3362 certitudinis
1028 3304 1172 3363 humanae
1191 3303 1222 3361 in
1235 3308 1302 3362 actu

253 3382 322 3443 fidei
335 3398 419 3442 caece
430 3384 555 3460 reponit,
570 3399 656 3458 quam
665 3385 790 3455 naturali
799 3384 947 3443 voracitati
963 3386 1127 3446 facultatum
1139 3393 1302 3446 nonnarum

254 3468 442 3527 adhibeamus
458 3471 484 3524 ².
501 3467 535 3527 Et
546 3483 578 3526 re
592 3483 669 3541 vera,
682 3467 707 3526 si
717 3467 907 3542 cognoscendi
916 3471 1066 3531 exordium
1079 3471 1299 3543 nonenidentia,

299 3678 312 3723 l
330 3679 426 3738 Attaioi.
442 3684 529 3741 poster.
546 3677 587 3725 lib.
604 3679 623 3741 1,
640 3679 681 3724 leo.
700 3679 740 3724 ll.

298 3752 315 3798 2
334 3774 343 3795 ι
362 3755 391 3800 la
405 3755 505 3818 principe
521 3754 623 3808 detento
637 3753 744 3801 mtituda
760 3758 782 3802 et
797 3755 826 3802 de
840 3759 900 3806 touta
915 3771 1022 3822 erogante
1036 3763 1070 3806 ast
1086 3757 1108 3804 d’
1115 3757 1183 3806 ebori
1203 3771 1235 3804 un
1256 3759 1303 3803 eote

256 3827 311 3874 ade
326 3827 357 3888 ioi
367 3830 461 3951 lanzada
475 3846 504 3878 en
519 3830 541 3880 la
557 3831 650 3887 veracite
668 3829 775 3881 ιιιιιιιιῙΙο
790 3831 818 3879 de
835 3849 874 3882 nor
889 3834 988 3882 iaoultts.
1011 3855 1019 3878 u
1044 3837 1119 3884 noceo
1133 3835 1162 3882 do
1177 3834 1242 3882 droit
1257 3846 1302 3878 ιιιι-

254 3905 349 3953 larelt.
379 3939 387 3968 ,
413 3920 445 3964 ee.
464 3905 487 3950 o.
