2767 4492
546 368 750 414 ruuaooucnro
1139 355 1172 412 13

125 455 369 526 circumstantiis,
405 453 434 510 in
459 451 563 526 quibus
585 451 682 524 populi
697 465 748 523 pro
770 451 880 510 diverso
894 451 1061 510 evolationis
1082 450 1172 524 gradu

124 542 330 610 versabantur,
348 537 542 611 explicarunt,
568 542 652 609 atquc
668 535 732 593 ideo
747 535 841 608 legum
855 537 984 594 omnium
999 536 1172 610 aequitatem

124 640 163 683 ex
185 623 378 697 temporibus,
402 619 659 692 inclinationibus,
680 619 837 691 instinctu,
857 620 1046 692 explicatione
1059 620 1173 678 diversa

124 709 245 781 virium,
272 707 430 780 ceterisque
455 707 615 778 adiunctis,
641 705 719 763 unde
742 704 900 778 impulsum
921 711 1109 778 aocepemnt,
1127 705 1171 764 di·

124 793 308 853 iudicandam
322 796 506 850 censuerunt.
521 792 555 849 nt
568 790 600 848 bi
614 795 754 862 quantum
769 789 915 847 averitate
929 789 1069 862 deerreut,
1085 805 1171 849 nemo

125 877 240 951 estqui
264 893 322 936 non
348 877 452 936 rideat.
478 876 578 948 Aperte
603 875 681 932 enim
706 873 886 932 contundunt
907 873 1051 931 internam
1076 874 1171 946 legum

124 976 255 1020 normam
273 1007 278 1028 ‚
304 977 359 1034 qua
375 959 505 1018 absoluta
518 959 684 1017 earumdem
699 957 837 1016 rectitudo
852 957 996 1016 metienda
1013 961 1078 1028 est,
1106 973 1172 1016 cum

123 1061 204 1105 mera
224 1045 372 1106 occasione
394 1049 523 1116 externa,
536 1056 609 1117 quae
630 1042 759 1115 ipsarum
783 1041 996 1100 condendarum
1010 1055 1111 1099 ausam
1125 1041 1171 1100 de

124 1130 175 1189 dit.
191 1130 289 1189 Fateor
304 1129 438 1203 equidem
451 1143 489 1185 ex
504 1125 727 1199 consuetudine,
743 1126 873 1198 cultaua,
890 1125 1034 1199 moribus,
1051 1125 1170 1198 aliisque

101 1203 103 1210 ’
125 1214 303 1286 singularum
321 1211 449 1286 gentium
470 1209 681 1270 conditionibus
704 1210 845 1269 rationem
859 1211 917 1283 peti
942 1225 1026 1284 posse
1049 1209 1171 1267 curbae

125 1299 203 1371 leges
225 1298 318 1372 potius
340 1291 428 1368 quam
452 1295 524 1354 aliae
546 1295 671 1352 sancitae
693 1295 823 1366 luerint,
853 1293 989 1366 atquem
1009 1307 1110 1366 reapse
1133 1293 1170 1352 ad

123 1380 272 1438 historiam
298 1379 429 1452 pertinet.
460 1379 494 1436 nt
515 1392 606 1446 vero,
633 1392 700 1436 eum
719 1378 754 1434 de
775 1377 889 1436 iuterna
909 1376 1006 1450 legum
1023 1376 1171 1436 honestate

124 1479 218 1524 sermo
233 1469 284 1536 est,
301 1463 416 1522 nonnisi
431 1462 467 1521 ad
481 1462 690 1522 immutabilem
703 1461 829 1521 iustitiae
843 1466 1012 1534 conceptum
1028 1460 1169 1533 respicere

124 1552 246 1621 oportet,
264 1549 311 1621 qui
327 1563 385 1606 nou
401 1563 438 1606 ex
452 1547 637 1608 mutabilibus
658 1545 881 1606 circumstantiis
895 1545 944 1604 sed
959 1561 998 1604 en
1011 1544 1074 1618 ipsa
1088 1549 1170 1603 uatu-

124 1647 158 1690 ra
171 1633 295 1691 hominis
304 1639 332 1692 et
341 1631 510 1692 necessariis
523 1645 620 1690 rerum
635 1631 822 1691 relationibus
836 1630 974 1703 exsurgit.
992 1630 1077 1688 Seean
1090 1628 1169 1687 enim

80 1716 105 1740 ⁸·
123 1716 169 1774 ius
187 1722 307 1776 naturae
329 1722 356 1774 et
377 1716 521 1774 actionum
543 1716 737 1774 humanarum
753 1715 917 1787 moralitas,
939 1729 1012 1787 quae
1033 1718 1169 1786 perpetuo

14 1855 18 1869 ,
123 1806 252 1859 constare
274 1800 375 1872 debet,
394 1816 429 1858 ex
449 1800 528 1859 labili
543 1807 571 1858 et
585 1799 697 1857 vicibus
712 1804 872 1870 temporum
895 1797 1019 1856 obnoxio
1033 1796 1169 1870 penderet

11 1923 13 1928 -
122 1885 253 1958 criterio,
270 1884 419 1957 omnisque
434 1883 527 1943 civilis
540 1884 679 1942 institutio
692 1887 721 1940 et
739 1883 836 1955 legum
850 1887 1018 1956 apparatus,
1034 1881 1119 1939 modu
1137 1881 1169 1938 iu

122 1969 241 2029 historia
254 1970 473 2029 fundamentum
487 1968 601 2041 aliquod
615 1967 742 2039 baberet,
759 1967 851 2025 iustus
866 1972 894 2024 et
907 1966 1012 2026 rationi
1026 1981 1168 2026 consonus

123 2058 295 2112 censeretur.
587 2069 592 2076 ·

158 2138 236 2204 Quod
249 2137 434 2195 falsissimum
448 2152 511 2194 esse
521 2137 643 2209 quisque
658 2151 710 2210 per
724 2151 755 2192 se
764 2135 847 2194 facilc
860 2136 1009 2208 iudicabit,
1021 2151 1074 2194 uec
1086 2151 1103 2194 a
1117 2151 1165 2194 me

122 2221 253 2294 pluribus
273 2219 461 2279 demonstrari
484 2226 556 2292 eget.
574 2221 647 2286 Nam
664 2225 697 2276 ut
717 2219 803 2277 homo
825 2219 998 2291 individuus,
1017 2220 1059 2278 sic
1079 2221 1166 2277 etiam

121 2304 250 2361 diversae
265 2303 415 2362 hominum
430 2303 578 2362 societates
593 2303 724 2361 libertate
739 2303 893 2376 donantur,
912 2319 945 2362 ac
956 2304 1074 2376 proinde
1092 2311 1123 2362 ut
1137 2305 1168 2362 in

122 2388 240 2460 bouum,
257 2387 299 2446 sic
313 2387 401 2446 etiam
420 2388 450 2445 iu
465 2386 575 2444 malum
592 2387 659 2444 terri
675 2394 803 2460 possunt.
821 2389 912 2456 Quare
927 2404 1027 2447 earnm
1042 2389 1168 2447 actiones

107 2477 151 2548 ¹et
166 2476 270 2530 statttta
283 2486 342 2530 nou
355 2471 387 2530 ln
405 2470 506 2544 seipsis
522 2471 668 2530 criterium
684 2472 801 2544 habeut,
823 2473 873 2531 sed
889 2473 1004 2530 aliunde
1018 2477 1166 2544 repetunt;

123 2571 161 2614 ex
175 2556 348 2614 immutabili
357 2555 495 2614 nimirum
510 2555 635 2630 quadam
650 2571 753 2614 norma
767 2557 900 2630 adquam
914 2555 1083 2626 referantur,
1094 2570 1168 2626 quae

122 2640 238 2712 ideirco,
255 2656 291 2698 ne
311 2643 400 2713 nutet,
426 2640 457 2698 in
476 2645 580 2700 natura
601 2655 699 2700 rerum
723 2647 752 2698 et
773 2639 897 2698 aeterms
916 2636 1084 2696 veritatibus
1106 2637 1187 2694 iun-⁵

123 2723 217 2781 clauda
231 2730 282 2782 est.
293 2720 447 2783 'Enimvero
467 2724 545 2782 idem
563 2724 647 2796 plane
666 2724 698 2782 iu
718 2723 894 2795 iusto,q1md
913 2722 944 2778 in
958 2720 1076 2792 pulchro
1097 2719 1168 2777 iudi·

123 2808 224 2878 cando,
236 2807 383 2878 contingit
395 2807 426 2866 iu
441 2823 497 2879 quo
506 2823 564 2866 nou
574 2809 643 2879 quia
652 2807 759 2878 aliquid
773 2807 814 2863 ita
824 2802 997 2863 conformari
1010 2803 1165 2875 consuevit,

122 2890 335 2962 pulchritudine
346 2890 506 2960 praeditum
521 2890 713 2959 existimatur,
730 2888 780 2946 sed
796 2888 864 2958 quia
877 2886 988 2960 legibus
1007 2886 1168 2944 aestbeticis

123 2972 254 3044 congruit
264 2977 293 3029 et
301 2972 450 3042 conceptui
460 2972 545 3029 ideali
560 2971 667 3028 ordinis
678 2975 706 3027 el
716 2970 905 3042 proportionis
914 2970 1007 3028 amice
1016 2970 1166 3029 consentit.
1274 3025 1279 3034 ,

124 3056 169 3114 Sic
183 3055 269 3120 etiam
285 3053 395 3113 bonesti
410 3068 503 3111 mores
519 3068 577 3111 non
594 3053 662 3126 quia
676 3053 841 3112 hominibus
855 3055 927 3113 torte
941 3054 1110 3127 placuerint,
1126 3059 1167 3111 ta·

121 3140 162 3199 les
177 3154 238 3198 esse
253 3137 429 3209 iudicantur,
443 3137 492 3196 sed
508 3136 576 3210 quia
590 3135 703 3208 legibus
717 3137 890 3210 quibusdam
900 3139 1024 3196 aeternis
1038 3154 1104 3196 cum
1118 3153 1168 3194 na-

121 3230 186 3282 tura
199 3222 325 3281 bominis
335 3237 488 3296 rerumque
504 3228 673 3294 ceterarum,
687 3223 724 3280 ad
737 3239 809 3296 quas
818 3223 991 3294 reseruntur,
1006 3223 1167 3282 necessario

122 3307 269 3378 connexis,
285 3306 546 3380 respondent-ideo
561 3307 729 3380 placuerunt
748 3308 792 3365 vel
809 3307 909 3366 saltem
922 3308 1035 3380 plaeere
1051 3306 1164 3365 debent.

121 3391 296 3465 Principium
310 3390 417 3449 morale
431 3398 460 3450 et
469 3391 623 3450 iuridieum
638 3394 718 3450 omni
732 3391 851 3451 historia
866 3391 997 3466 superius
1011 3397 1063 3463 est,
1081 3396 1167 3463 atque

121 3477 185 3537 ideo
204 3475 240 3534 ab
254 3474 372 3533 historia
390 3475 565 3549 suppeditari
585 3475 663 3535 nullo
685 3477 769 3534 modo
790 3482 890 3548 potest.
907 3477 977 3536 Nam
998 3474 1078 3534 nulla
1092 3474 1167 3532 uitae

121 3559 264 3618 humanae
278 3563 307 3618 et
315 3557 427 3617 socialis
442 3559 575 3633 periodus
592 3564 738 3632 tamquam
752 3561 911 3634 perlectum
920 3559 1069 3632 exemplar
1082 3557 1165 3616 recti-

122 3645 228 3702 tudinis
245 3643 379 3704 constitui
393 3649 498 3718 potest;
515 3644 656 3718 siquidem
675 3651 706 3703 ut
723 3645 946 3717 vitaindinidui,
964 3645 1006 3720 sic
1019 3643 1106 3702 etiam
1121 3657 1165 3701 so

123 3727 232 3786 oietatis
245 3728 277 3787 iu
296 3729 357 3802 iugi
371 3729 568 3788 vicissitudine
585 3729 638 3788 sita
653 3736 705 3788 est.
721 3731 798 3789 Unde
815 3731 848 3788 fit
863 3731 968 3802 utilia,
984 3728 1167 3802 quemadmo

122 3811 192 3870 dum
206 3827 224 3868 a
237 3811 311 3872 bono
325 3813 357 3872 in
370 3814 479 3874 malum
494 3821 523 3873 et
537 3813 666 3874 vicissim
681 3831 699 3873 a
712 3816 787 3873 malo
801 3815 832 3874 iu
846 3816 955 3874 bouum
968 3813 1107 3886 flectitur,
1124 3813 1167 3872 siu

122 3893 219 3967 eliam,
235 3895 345 3965 cumin
362 3897 488 3964 bonitate
503 3899 623 3975 proiicit,
646 3897 796 3974 uunquam
814 3904 976 3963 extremum
997 3898 1163 3972 terminum,
1224 3889 1228 3894 ’
