2767 4492
425 305 864 382 Pressuram-mamercum
1116 322 1164 382 181

124 420 254 502 animus,
271 419 338 494 quia
352 418 474 493 simplex
488 421 549 492 est,
565 418 722 492 quantitate
743 425 821 479 caret
834 419 1000 494 exaustum
1023 419 1112 478 habet
1125 425 1167 478 ta·

123 518 189 562 meu
204 505 392 577 intensivam,
421 505 452 562 in
466 517 500 562 eo
515 503 637 576 positam
652 502 727 576 quod
749 503 881 578 pluribus
906 505 1011 563 virium
1030 503 1166 578 gradibus

122 588 276 646 instructus
291 588 336 648 sit.
353 587 412 646 lam
425 601 492 644 vero
508 585 536 643 hi
553 585 706 648 activitatis
719 585 779 658 vel,
803 587 829 645 si
840 587 937 660 lubet,
952 587 1090 646 realitatis
1102 603 1165 660 gra·

122 671 176 728 dus
190 671 352 730 decrescere
379 671 481 743 iugiter
499 674 636 743 possunt3
668 675 754 743 atque
769 669 809 727 ita
824 669 937 728 suimus
951 672 1004 729 etsi
1027 685 1086 729 nou
1100 667 1165 744 par·

122 755 193 814 tium
210 755 348 816 divisione
363 801 370 830 ,
388 760 483 814 amen
497 755 573 814 lenta
588 754 693 814 vinum
708 754 877 814 remissione
895 756 927 814 iu
940 755 1063 815 nihilum
1077 755 1165 815 dilabi

120 839 222 913 poterit
237 842 262 899 ⁴.

155 925 237 997 Resp.
256 925 412 984 Kantiauus
433 925 486 984 iste
500 929 594 984 metus
608 924 726 999 puerilis
740 929 792 983 est.
810 925 879 983 llam
894 924 1008 993 animus
1022 924 1164 982 humanus

121 1006 217 1066 siuon
232 1009 390 1067 secrmdum
406 1009 547 1068 insomnia
562 1008 839 1081 trasceudeutalium,
856 1013 931 1066 certe
944 1007 1027 1065 iuxta
1040 1007 1082 1064 rei
1092 1007 1165 1065 veri·

121 1094 216 1166 tatem,
226 1106 285 1150 non
295 1096 337 1150 est
346 1091 499 1150 ridiculum
509 1093 650 1166 quoddam
660 1092 848 1165 compositum
858 1091 1034 1150 diversarum
1044 1089 1162 1164 virium;

120 1173 170 1232 scd
180 1179 223 1234 est
233 1175 392 1234 substantia
402 1189 469 1234 vere
484 1191 551 1247 uua,
563 1191 600 1234 ex
615 1190 671 1248 que
681 1175 750 1234 licet
763 1175 906 1248 cogitandi
914 1173 1064 1234 distinctae
1079 1173 1164 1232 acdo-

120 1273 172 1316 nes
196 1265 359 1334 emergant,
382 1259 445 1334 ipsa
464 1267 560 1317 tamen
575 1260 606 1317 in
626 1273 656 1318 se
671 1258 837 1332 plenissima
852 1259 1032 1334 simplicitate
1051 1259 1163 1318 iruitur.

119 1341 197 1408 Quod
210 1341 323 1416 ,quibus
345 1341 520 1414 argumentis
539 1341 658 1413 eluceat,
674 1341 733 1400 iam
748 1345 813 1400 ante
835 1341 1009 1400 dictumest.
1025 1341 1083 1400 lloc
1096 1355 1164 1400 cum

119 1425 160 1484 ita
180 1425 231 1499 sit,
252 1426 389 1484 kantiana
408 1425 525 1484 omniuo
548 1425 691 1488 evanescit
710 1425 872 1484 difficultas.
895 1427 926 1484 lu
950 1425 1050 1499 primis
1068 1425 1162 1498 enim,

117 1507 230 1568 etiamsi
245 1509 346 1567 Kantio
360 1509 529 1582 largiremur
543 1509 632 1567 animi
648 1508 794 1567 facultates
807 1509 912 1583 gradus
926 1508 1031 1567 habere
1046 1508 1163 1566 intensi·

116 1607 169 1650 vae
183 1593 348 1666 quantitatis
357 1592 481 1651 invicem
495 1591 698 1665 dissociabiles3
712 1597 808 1650 tamen
823 1606 889 1649 cum
901 1591 930 1648 tri
940 1592 972 1650 iu
981 1592 1025 1650 sui
1034 1590 1163 1649 realitate

116 1691 154 1733 ex
168 1689 284 1751 corpore
299 1691 359 1734 uou
373 1675 515 1748 pendeant
529 1676 579 1733 sed
593 1674 678 1732 unice
693 1675 730 1733 ab
745 1676 851 1748 animo,
866 1675 1068 1733 chimaen'eam
1084 1673 1163 1732 illam

94 1783 101 1790 ·
116 1759 314 1818 remissionem
328 1758 387 1832 pati
402 1772 459 1815 non
473 1762 598 1832 possent.
616 1759 686 1816 Nam
700 1758 831 1831 animus,
843 1762 939 1832 utpote
953 1757 1118 1817 individuus
1133 1762 1163 1815 et

115 1842 246 1916 simplex,
263 1841 368 1916 iugiter
377 1841 470 1915 quoad
485 1848 616 1900 naturam
626 1841 704 1900 idem
712 1841 905 1914 immotusque
915 1842 1086 1915 persisteret.
1103 1841 1162 1900 Una

115 1929 209 1985 autem
219 1927 375 2001 eademque
385 1930 520 1986 manente
531 1925 701 1999 substantia,
714 1940 751 1984 ex
762 1940 819 1999 qua
833 1927 864 1984 iu
874 1925 1062 1984 determinato
1070 1924 1162 1997 gradu

114 2010 189 2068 vires
210 2011 321 2084 aliquae
335 2011 440 2082 fluant,
457 2010 511 2068 hae
526 2011 613 2068 etiam
631 2007 776 2069 debilitari
791 2009 909 2083 flerique
922 2008 1100 2068 remissiores
1113 2025 1162 2066 ue·

115 2099 233 2167 queunt.
251 2095 341 2162 Quare
360 2099 418 2152 tota
432 2094 526 2154 Kantii
550 2095 608 2152 mit
621 2093 755 2166 obiectio,
777 2093 831 2151 etsi
844 2093 928 2151 detur
940 2093 1105 2167 hypothesis
1118 2092 1160 2151 di-

114 2177 274 2236 stinctionis
288 2177 373 2235 realis
387 2177 462 2235 iuter
471 2176 597 2235 diversm
608 2175 712 2248 gradm
730 2175 890 2250 activitatis,
902 2177 952 2250 qui
965 2177 996 2235 iu
1011 2178 1106 2236 animo
1116 2191 1160 2235 eo

116 2259 252 2332 gitantur.
270 2259 323 2317 Sed
345 2274 382 2318 ue
402 2259 432 2318 id
447 2259 579 2333 quidem,
596 2258 633 2317 ud
647 2273 710 2317 rem
724 2260 800 2333 quod
814 2259 930 2333 attinet,
948 2261 1160 2319 concedendum

113 2347 166 2401 est.
179 2343 249 2412 Nam
259 2341 408 2401 diversitas
420 2341 469 2402 ilia
477 2343 631 2416 graduum,
648 2357 736 2416 quam
745 2342 883 2416 obtrudit,
895 2359 953 2402 nan
963 2350 1007 2403 est
1015 2345 1100 2404 realis
1109 2345 1160 2402 sed

111 2425 214 2498 lom'ca.
231 2426 263 2485 ln
278 2441 311 2484 eo
326 2425 403 2484 enirn
418 2427 510 2500 posita
524 2433 576 2500 est,
589 2427 672 2501 quod,
690 2442 757 2486 cum
772 2428 899 2487 arduas
913 2428 1002 2486 animi
1016 2427 1096 2486 linita
1110 2428 1156 2499 sit,

114 2524 149 2567 ea
164 2509 352 2582 praestantior
372 2509 427 2568 alia
447 2517 475 2569 et
489 2511 607 2571 validior
620 2511 651 2570 iu
665 2501 864 2571 nobilioribus
877 2512 1023 2586 spiritibus
1041 2509 1159 2583 cogitem

109 2595 210 2670 possit.
227 2595 298 2654 Hinc
311 2596 528 2655 luudameutum
542 2613 625 2656 mens
640 2597 743 2671 sumit,
760 2604 793 2656 ut
805 2613 871 2656 eam
884 2596 973 2656 veluti
987 2594 1158 2669 quidusdam

113 2683 290 2739 constantem
300 2681 435 2753 gradibus
445 2681 594 2757 concipiat.
607 2682 711 2740 Verum
725 2682 750 2739 si
760 2697 818 2740 nou
828 2681 918 2754 logica
931 2680 1018 2752 notio,
1030 2679 1080 2738 sed
1089 2677 1158 2753 phy·

111 2763 170 2821 sica
183 2779 284 2822 eurum
297 2764 402 2823 virium
423 2755 537 2823 realitas
550 2766 754 2836 consideretur,
770 2765 842 2821 haee
859 2763 1003 2821 distinctio
1016 2762 1157 2835 graduum
1196 2809 1199 2816 .

15 2887 18 2892 ι
110 2847 226 2906 omniuo
240 2849 400 2920 respuitur;
417 2863 499 2906 secus
513 2848 628 2905 realitas
645 2845 695 2904 illa
713 2860 771 2903 non
786 2851 860 2902 esset
873 2845 997 2918 simplex
1014 2850 1043 2901 et
1055 2844 1157 2902 indivi-

109 2930 177 3000 dua,
194 2929 286 3003 qualis
301 2931 337 2987 ab
353 2930 443 2987 animi
457 2935 559 2987 natura
573 2929 709 3001 poscitur,

146 3011 236 3070 Obiic.
253 3013 285 3070 ll.
302 3013 506 3083 Argumentum
526 3026 563 3068 ex
584 3010 633 3067 Dei
653 3010 830 3082 providentia
848 3017 877 3069 et
895 3011 1003 3070 iustitia
1021 3016 1105 3086 atque
1119 3025 1157 3070 ex

109 3095 210 3156 ordine
225 3093 328 3152 morali
342 3094 524 3166 desumptum
538 3090 640 3164 pmbat
650 3093 765 3165 quidem
780 3095 908 3152 animum
922 3095 1091 3169 humanum,
1106 3111 1154 3171 pe·

106 3182 209 3238 reunte
221 3191 346 3251 carpam,
364 3191 420 3234 uon
432 3175 561 3248 interire;
579 3179 608 3232 at
621 3175 741 3234 minime
751 3176 853 3250 probat
863 3193 929 3236 eum
943 3194 1005 3238 esse
1019 3185 1155 3253 perpetuo

107 3263 293 3334 duraturum,
310 3259 366 3318 nisi
381 3259 532 3318 aeternitas
547 3259 739 3334 praemiorum
758 3267 787 3319 et
799 3276 956 3335 poenarum
970 3263 1148 3335 adstruatur,

110 3363 183 3420 quae
198 3344 322 3405 naturali
335 3343 444 3404 ratione
460 3343 646 3402 demonstrari
663 3359 725 3403 nou
738 3349 838 3419 potest.

143 3431 225 3504 llesp.
242 3429 274 3487 lu
294 3427 395 3503 primis
417 3431 616 3500 argumentum
634 3427 706 3487 illud
720 3429 759 3502 si,
785 3434 816 3487 ut
831 3429 959 3489 concedit
982 3429 1149 3503 difficultas,

108 3514 254 3573 evidenter
269 3513 390 3571 ostendit
401 3511 529 3570 animum
540 3512 675 3571 dissoluto
691 3513 801 3586 corpori
816 3529 879 3586 esse
889 3513 1068 3589 superstitem
1081 3533 1088 3587 ;
1099 3513 1153 3573 hoc

107 3595 169 3671 ipso
184 3597 383 3658 consecutione
397 3597 520 3669 quadam
535 3595 640 3656 evincit
653 3595 735 3656 illum
750 3598 923 3672 sempiterna
937 3598 996 3658 vita
1009 3613 1072 3659 esso
1081 3598 1151 3658 frui·

149 3775 160 3818 t
182 3777 274 3836 cmsot.
292 3791 383 3837 omem.
401 3779 558 3830 stadeneis.
577 3779 666 3826 critica
683 3778 888 3836 cosmopoeiae.
