2767 4492
512 268 590 323 runis
609 265 751 322 sarnam
1102 245 1154 321 '185

108 356 239 440 pertinet.
254 354 342 437 idque
351 371 452 421 serum
466 364 518 433 est,
529 360 642 419 etiamsi
657 358 745 420 vitam
755 354 872 419 omnino
886 352 1028 435 privatam
1036 360 1149 440 degant,

108 455 191 524 atque
205 450 240 508 ad
255 463 287 508 se
300 447 332 506 in
345 445 652 520 contemptationeverl
661 450 691 503 et
700 454 797 504 amore
807 444 875 505 boni
886 446 968 507 unice
978 452 1153 513 exercendos

105 532 262 608 inuigilant.
278 532 348 593 Nam
363 530 413 605 qui
427 546 459 589 se
471 529 592 605 perlicit,
609 530 767 589 itomanam
788 536 920 590 naturam
939 538 967 591 et
987 534 1152 597 societatem

1 613 2 618 ’
104 618 240 678 indirecte
254 616 373 691 perlicit,
389 614 471 675 cuius
489 618 565 673 certe
579 618 622 673 est
636 630 713 689 pars.

136 704 300 764 italiorum
313 700 400 761 etiam
410 699 570 771 utilitatem,
587 699 624 757 ad
637 698 813 774 moresquod
825 706 941 776 spectat,
953 716 1052 763 eorum
1061 704 1151 769 virtus

100 802 200 847 revera
214 791 355 860 procurat.
371 785 405 844 tti
416 784 494 844 enim
509 782 641 842 homines
651 784 784 859 exemplo
793 785 893 843 saltem
904 800 1075 862 magnopere
1086 806 1151 851 con·

99 872 195 931 ierunt
213 872 250 930 ad
270 875 379 930 ceteros
398 869 529 928 homines
552 884 640 941 supra
658 884 776 929 sensum
797 871 969 942 evehendum
994 886 1060 931 cnm
1082 876 1150 948 quia

100 955 314 1031 praestantioris
328 952 399 1014 boni·
412 966 539 1011 amorem
552 952 582 1011 in
598 952 703 1011 animis
717 955 852 1027 excitant,
865 970 930 1013 cnm
942 956 1009 1031 qnia
1022 957 1150 1018 domina-

100 1046 161 1098 tum
180 1040 284 1099 mentis
298 1039 328 1097 in
344 1052 447 1109 corpm
462 1036 565 1109 ingiter
585 1038 765 1110 persuadent.
782 1038 899 1106 Quodsi
920 1045 1031 1113 praeter
1052 1058 1149 1101 exem·

99 1124 189 1197 ptum,
204 1140 302 1183 curam
318 1124 404 1181 etiam
420 1120 620 1180 iuvandialios
630 1127 659 1180 et
669 1122 808 1181 mucandi
820 1124 987 1195 attinngunt,
1000 1126 1105 1183 mirum
1117 1127 1148 1184 in

98 1209 216 1267 modum
231 1208 357 1280 augescit
371 1206 488 1278 utititas,
500 1220 574 1279 qnae
584 1221 621 1263 ex
636 1207 671 1265 iis
687 1206 890 1266 insacietatem
902 1209 1049 1267 redundat.
1063 1210 1149 1269 Nemo
1213 1252 1216 1260 -

99 1293 177 1351 enim
191 1299 234 1350 est
247 1293 340 1365 aptior
349 1291 385 1349 ad
401 1291 471 1349 alios
481 1289 634 1363 disciplina
643 1291 823 1363 imbuendos,
835 1306 919 1365 qnam
931 1292 956 1350 is
965 1292 1024 1365 qui,
1037 1294 1148 1367 nuptia-

99 1392 165 1435 rum
180 1391 265 1434 onere
280 1374 398 1447 sotiatus,
411 1376 537 1435 familiae
553 1376 695 1447 regendae
707 1376 828 1449 negotiis
839 1392 897 1433 non
908 1377 1067 1437 distinetur.
1081 1380 1148 1446 Quis

1 1535 2 1538 Ἴ
101 1466 197 1518 antem
214 1460 306 1533 magis
325 1460 444 1537 idonens
457 1458 494 1517 ad
510 1459 679 1534 sapientiam
693 1460 757 1518 aliis
777 1460 1045 1520 communicandam
1066 1476 1149 1522 exco-

100 1544 254 1617 lendosque
268 1559 361 1602 mores
376 1543 495 1618 reperiri
508 1550 610 1617 potest,
622 1560 711 1617 quam
727 1546 752 1603 is
767 1545 816 1619 qni
826 1545 981 1618 sapientiae
991 1546 1075 1603 unice
1089 1552 1147 1605 stu-

1 1671 2 1676 .
100 1629 147 1688 det
161 1645 195 1688 ac
216 1630 415 1702 temperandae
437 1628 586 1702 cupiditati
600 1628 755 1703 virtutique
769 1629 1007 1688 excellentissimo
1026 1630 1149 1703 quodam

100 1714 191 1787 gradu
205 1714 395 1787 acquirendae
409 1730 440 1773 so
456 1714 569 1787 penitus
583 1714 775 1788 mancipavit?
785 1714 814 1773 td
830 1714 900 1772 adeo
915 1721 1016 1773 natura
1025 1714 1088 1789 ipsa
1097 1716 1149 1773 du·

100 1803 175 1856 cest
195 1798 331 1870 magistra
345 1798 484 1869 clarescit,
501 1803 532 1855 ul
546 1798 661 1856 barbari
676 1799 821 1857 Americae
840 1798 967 1857 nondum
983 1799 1018 1856 ad
1034 1798 1148 1857 civilem

100 1881 208 1940 cottum
222 1883 337 1941 adducti
349 1884 496 1942 ministros
509 1888 706 1955 protestantes,
723 1882 772 1957 qni
788 1898 818 1941 se
834 1882 894 1941 loeo
909 1882 1087 1943 sacerdotum
1103 1899 1148 1941 ea·

101 1965 269 2026 tholicorum
283 1968 318 2025 ad
329 1966 392 2027 illos
406 1966 577 2026 erudiendos
586 1968 752 2040 obtrudunt,
768 1966 943 2040 interrogare
953 1968 1062 2025 soleant
1075 1982 1147 2025 nnm

98 2066 203 2111 uxores
217 2051 342 2111 habeant
356 2068 460 2125 necne3
477 2068 512 2111 ac
525 2068 661 2126 responso
675 2054 837 2111 altirmante
853 2051 1041 2127 suscepto,·ab
1055 2051 1092 2111 iis
1115 2068 1145 2111 se

98 2135 211 2195 edoceri
221 2136 386 2195 detrectent.

134 2219 197 2279 125.
213 2220 290 2278 tttiae
305 2221 486 2293 quaestiones
501 2220 602 2294 agitari
622 2228 747 2295 possent,
764 2236 835 2295 quas
850 2223 924 2281 inter
940 2222 1009 2282 haec
1024 2222 1145 2283 eminet:

97 2318 168 2363 num
182 2309 322 2362 naturaet
337 2304 402 2363 finis
416 2304 592 2363 matrimonii
607 2305 713 2378 exigat,
731 2311 763 2364 ut
778 2306 814 2364 sil
828 2306 915 2364 unius
930 2320 996 2365 cnm
1012 2322 1078 2380 una,
1096 2322 1147 2365 seu

98 2403 136 2446 an
151 2387 348 2462 polyandrium
366 2395 395 2448 et
409 2390 592 2465 polygyniam
607 2391 751 2449 excludat.

133 2472 184 2532 Cui
198 2480 231 2531 nt
243 2472 369 2533 breviter
381 2475 565 2548 satisfaciam,
582 2474 645 2533 dico
665 2476 789 2549 primum
809 2474 1037 2533 coniunctionem
1059 2476 1146 2535 unius

100 2558 231 2617 mulieris
253 2574 319 2617 cunr
343 2559 473 2633 pluribus
492 2560 562 2618 viris
582 2560 638 2618 iuri
660 2567 778 2618 naturae
793 2572 962 2633 repugnare.
980 2558 1149 2617 adversatur

96 2642 174 2700 euim
190 2643 240 2701 tini
256 2644 408 2719 praecipuo
423 2646 598 2719 nuptiarum,
615 2658 719 2718 nempe
735 2644 922 2718 procreationi
939 2650 968 2702 et
985 2642 1146 2701 educationi

95 2727 193 2802 prolis.
209 2729 284 2788 Haec
297 2732 376 2789 enim
391 2732 500 2790 ineerta
514 2732 688 2803 redderetur,
706 2730 775 2804 quia
790 2730 856 2787 sciri
872 2734 939 2786 tnnc
951 2742 1008 2786 non
1021 2732 1114 2799 posset
1129 2742 1147 2785 a

95 2826 152 2885 quo
173 2819 289 2884 parente
308 2816 346 2873 sit
364 2816 475 2886 genita3
498 2821 530 2873 ut
543 2821 638 2874 cetera
653 2813 888 2888 praetermittam,
905 2826 978 2885 quae
998 2810 1083 2869 huius
1103 2808 1146 2871 rei

96 2896 301 2967 turpitudinem
319 2899 504 2971 patefaciunt.

132 2980 228 3047 Quoad
237 2981 388 3055 polygyam
397 2998 474 3054 vero,
490 2996 541 3040 seu
552 2982 687 3040 unionem
698 2981 785 3040 unius
794 2978 850 3039 viri
861 2996 926 3039 cnm
937 2980 1066 3055 pluribus
1075 2994 1145 3038 uxo

96 3064 186 3135 ribus,
204 3079 238 3122 ea
252 3066 425 3139 susceptioni
441 3073 535 3125 certae
550 3066 704 3139 protisnon
720 3066 836 3139 quidem
848 3066 1009 3139 opponitur,
1021 3072 1050 3123 at
1064 3069 1145 3122 natu·

96 3163 146 3207 rae
155 3148 329 3207 matrimonii
343 3164 447 3223 parum
456 3148 718 3208 consonatdxinde
730 3150 808 3207 enim
819 3156 981 3209 contractus
991 3148 1147 3227 aequalitas

97 3238 126 3290 el
141 3233 281 3305 completa
296 3234 370 3293 lusio
384 3235 505 3293 duarum
524 3234 758 3309 personalitatum
770 3234 799 3291 in
810 3250 898 3292 unam
912 3248 970 3291 non
982 3233 1144 3291 haberetur.

96 3316 192 3389 Longe
205 3317 282 3375 enim
292 3318 411 3377 interior
421 3324 488 3378 lunc
498 3326 571 3378 esset
580 3318 706 3378 conditio
717 3318 854 3389 mulieris,
868 3332 954 3392 qnam
966 3316 1033 3390 viri,
1046 3323 1075 3375 et
1085 3331 1147 3374 mn·

98 3406 165 3459 tuus
178 3416 259 3459 amor
268 3402 482 3463 defervesceret.
493 3405 562 3463 Tum
573 3405 659 3464 etiam
668 3419 727 3479 pax
737 3410 766 3463 et
777 3403 965 3477 tranquillitas
976 3400 1079 3475 ingiter
1089 3406 1146 3459 tur·

97 3485 224 3545 iteretur.
240 3486 274 3546 Ut
290 3487 368 3545 enim
382 3495 460 3547 reete
473 3489 568 3563 inquit
581 3488 764 3548 Heiueccius:
779 3511 790 3539 ι
804 3488 900 3546 Plures
914 3486 1001 3546 unius
1012 3486 1066 3543 viri
1078 3500 1147 3543 uxa-

100 3592 113 3621 »
130 3586 176 3630 res
189 3572 308 3645 invidia,
330 3571 477 3647 zelotypia,
501 3573 665 3646 aemulatio,
682 3580 711 3631 et
725 3572 803 3631 mitte
818 3572 890 3630 oliae
904 3584 1007 3630 causae
1022 3568 1147 3643 qnotidie

101 3677 113 3705 ι
132 3655 278 3715 collidunt.
295 3658 445 3716 tamenim
466 3658 571 3717 mulier
584 3656 698 3717 mulieri
712 3656 877 3729 venustiori,
894 3654 1072 3726 iuvenculae,
1089 3652 1146 3712 ioe-

88 3762 114 3813 ,α
131 3741 423 3817 condiori,magisque
437 3742 569 3816 amabiti;
585 3742 645 3801 iam
660 3743 755 3815 plnres
772 3756 870 3801 aarum
885 3740 986 3799 marito
1000 3752 1089 3798 unam
1096 3742 1146 3797 aut

102 3844 114 3873 ι
133 3821 317 3903 atteramsibi
331 3826 697 3903 praeterenti31ttmeadem
711 3826 829 3889 attemm
841 3824 942 3887 liberis
951 3822 1145 3887 erectioririn-
