2767 4492
254 329 312 398 toz
700 333 864 388 sanaem

252 442 320 492 uero
335 431 463 506 proprias
478 427 650 504 indigentias
665 430 751 487 riemo
760 427 865 487 mellus
876 439 995 488 noscero
1004 429 1106 501 potest,
1117 439 1206 502 mam
1216 424 1304 501 isqui

253 517 317 576 illas
332 515 487 590 experitur,
505 521 603 590 patens
619 513 724 589 populo
739 513 785 572 rio
798 524 861 573 esse
872 512 966 587 debet,
983 519 1041 588 poa
1055 511 1162 588 quiorts
1175 517 1241 588 eget
1254 525 1299 571 rs

253 600 309 660 hus
325 600 478 674 legislatori
493 601 655 675 patefacere
668 599 768 673 possit.

288 687 322 745 lt
336 687 455 760 populos
470 685 522 745 etsi
538 685 608 744 scite
622 684 806 743 necessitates
808 685 934 758 ‚quibas
950 685 1098 760 promitur,
1115 685 1301 758 internoscat

254 776 350 830 tamma
360 771 404 830 iris
412 769 583 845 repellendis
592 769 779 844 congruentia
787 769 882 829 media
891 769 1017 844 deligere
1025 771 1137 844 aequo
1149 771 1210 830 lton
1220 785 1301 829 eorm

253 855 481 916 convenientiam
495 856 654 915 mediorum
669 866 736 914 com
752 856 809 914 llos
823 855 893 915 satis
907 855 1055 928 discernlo
1068 857 1195 931 itemque
1205 856 1303 915 condi

253 941 360 1000 tionem
378 941 509 1016 propriae
529 941 656 1000 culturae
675 941 745 999 satis
764 940 898 1000 distincte
918 957 976 1000 nou
1000 941 1132 1016 percipit,
1153 941 1302 1014 nolanae

251 1027 347 1085 miuus
361 1027 529 1085 relationem
544 1039 630 1100 quam
646 1026 693 1085 lex
713 1026 819 1085 nabere
832 1026 919 1084 debet
932 1040 1000 1085 oum
1014 1025 1090 1084 bono
1105 1026 1251 1084 communi
1272 1033 1303 1086 et
1367 1104 1368 1107 Ἴ

252 1111 420 1171 moralitatis
434 1110 592 1186 principiis.
603 1111 748 1169 itiusmodi
763 1110 851 1185 igitur
864 1110 1164 1185 exameononpopoli
1175 1111 1226 1170 sed
1236 1126 1302 1185 pru

251 1195 381 1255 dentiam
396 1202 425 1255 et
443 1197 625 1257 cordatorum
647 1195 799 1254 hominum
820 1195 969 1270 proprium
989 1201 1041 1268 est,
1064 1195 1115 1270 qui
1138 1209 1195 1254 oon
1217 1198 1301 1255 modo
1367 1190 1368 1193 ’

252 1279 371 1340 scientia
385 1281 435 1340 sed
450 1281 537 1339 etiam
552 1281 655 1339 virtute
666 1280 799 1353 polleant.
811 1281 886 1339 'lalis
900 1281 989 1354 igitur
1002 1286 1146 1340 structura
1155 1283 1301 1355 potesods
1367 1338 1368 1347 ,

250 1365 425 1439 legislatirae
440 1365 639 1425 constituenda
653 1371 706 1438 est,
722 1371 765 1433 ut,
781 1365 939 1440 perspectis
953 1367 1050 1440 populi
1065 1365 1296 1439 necessitatibus,

252 1451 374 1522 diligens
389 1451 528 1510 discussio
544 1451 638 1524 legum
653 1451 869 1509 condendarum
883 1451 1024 1509 habeatur
1038 1465 1056 1509 a
1068 1455 1152 1510 coetu
1171 1449 1301 1509 umorum

251 1536 371 1595 scientia
392 1541 421 1595 et
443 1536 547 1594 virtute
563 1536 780 1610 praestandum,
797 1537 855 1609 qui,
872 1535 933 1595 sive
946 1535 1133 1595 deliberativo
1155 1535 1218 1595 sivo
1235 1552 1301 1595 cou-

251 1621 354 1680 sultito
371 1625 481 1679 tantum
496 1621 633 1694 sullraglo
647 1621 813 1695 gaudentes,
830 1621 926 1691 legum
937 1620 1120 1694 repudiatam,
1137 1622 1301 1694 opportuni·
1367 1632 1368 1637 ’

256 1709 343 1764 tatem
355 1721 388 1764 oc
399 1706 579 1780 potissimum
593 1707 783 1766 moralitatem
794 1705 960 1765 diiudicent.
971 1706 1050 1764 ilaue
1064 1711 1159 1764 tamen
1168 1706 1304 1765 ritediio·

251 1790 347 1850 dicare
362 1807 420 1849 uon
435 1797 577 1864 poterunt,
593 1791 649 1850 uisi
673 1805 787 1850 urorum
805 1793 972 1864 magistram
991 1790 1158 1862 religionem
1174 1790 1300 1852 fideliter

250 1873 355 1950 uolunt,
367 1875 486 1952 nosque
499 1876 748 1952 praeceptionibus
762 1875 868 1936 dociles
882 1890 966 1937 aures
980 1875 1139 1952 praebeant
1154 1877 1179 1938 ⁴.

667 2049 836 2109 lauicanos
854 2049 885 2109 ll.

589 2209 631 2282 'oe
642 2229 781 2297 potestate
795 2221 953 2282 remotiva.

287 2393 347 2453 180.
365 2393 476 2468 Optima
490 2393 545 2452 crit
558 2393 607 2452 illa
621 2393 793 2468 respublica,
811 2393 841 2450 io
858 2409 915 2466 qua
928 2393 1053 2467 optimae
1073 2393 1152 2465 leges
1173 2392 1306 2451 condan-

249 2484 295 2537 tur
309 2485 336 2538 ct
350 2479 457 2553 optima
472 2479 637 2539 earumdem
653 2484 822 2552 procuretur
834 2478 976 2537 executio.
993 2478 1073 2546 Quod
1087 2477 1231 2552 posterius
1242 2479 1269 2536 si
1288 2496 1307 2538 a

248 2563 394 2638 superiore
415 2564 489 2622 bono
511 2565 680 2636 seiungitur,
697 2563 768 2622 illud
782 2580 841 2622 non
862 2563 948 2622 modo
965 2563 1067 2623 inutile
1086 2564 1136 2622 sed
1157 2564 1302 2621 nocivum

247 2650 333 2707 etiarn
349 2650 458 2708 erodet.
476 2650 547 2717 Ouid
563 2649 640 2706 euim
657 2665 746 2707 vanae
762 2649 837 2720 leges
853 2649 1019 2722 proliciunt,
1036 2648 1141 2721 orrioos
1151 2663 1239 2706 nemo
1250 2649 1305 2705 ols-

250 2737 397 2806 tomperet‚
416 2733 472 2792 nisi
488 2739 518 2791 ut
532 2734 770 2792 contemnendam
783 2733 905 2791 reddant
918 2733 1133 2805 anctoritatem
1149 2733 1197 2790 cui
1217 2734 1307 2791 toties

220 2841 222 2846 ’
247 2817 352 2879 ruluus
367 2819 516 2894 infligitur,
536 2819 646 2894 quotics
661 2819 723 2878 elus
741 2819 822 2877 iussa
840 2819 1033 2880 frustrantur?
1054 2818 1140 2876 Valde
1154 2817 1247 2891 igitur
1265 2819 1308 2877 ad

269 3003 273 3006 .
292 2964 302 3009 l
316 2967 437 3027 Sapienter,
453 2969 478 3010 ut
494 2965 556 3026 solet,
573 2965 708 3026 Tapurollius
721 2965 758 3010 iris
771 2965 856 3011 serbis:
872 2984 881 3007 ι
899 2965 918 3010 ll
936 2964 1017 3028 popolo
1031 2969 1093 3011 tento
1107 2963 1115 3009 i
1131 2963 1230 3026 biwpni,
1247 2964 1311 3024 ipo-

248 3058 257 3084 ι
275 3042 374 3088 ammenti
396 3055 519 3088 conoscosto
537 3056 597 3088 coroa
613 3041 634 3088 ri
651 3039 669 3087 si
683 3043 728 3106 pud
747 3040 872 3107 cimoliam,
888 3040 910 3089 la
926 3039 1036 3090 concienda
1058 3039 1159 3102 religiosa
1180 3044 1312 3094 autentico

246 3133 256 3160 s
273 3115 370 3164 l'onosli
385 3115 420 3162 dol
431 3133 509 3164 niuno.

294 3213 303 3235 s
321 3195 349 3241 La
365 3193 483 3242 assembleo
497 3194 618 3256 legislatiro
632 3193 698 3242 scelte
713 3201 746 3241 tra
760 3194 800 3242 suli
815 3195 882 3241 ricclri
897 3195 924 3240 du
936 3211 965 3240 un
980 3195 1043 3255 uolgo
1065 3195 1180 3256 ignorante
1190 3208 1239 3240 non
1251 3211 1313 3256 prr-

244 3287 254 3312 ·
273 3275 365 3317 sentuno
379 3273 407 3320 to
422 3275 489 3336 [orso
504 3273 541 3321 del
556 3275 607 3320 loro
621 3273 754 3333 orpouismo
769 3287 837 3320 serua
848 3271 909 3320 titolo
921 3270 943 3319 di
958 3271 1065 3320 siconem
1079 3271 1119 3320 elia
1133 3287 1161 3320 ac
1175 3271 1314 3321 commenti

243 3363 254 3389 s
274 3344 296 3392 lo
310 3345 374 3408 legpi.

294 3445 302 3466 ι
316 3423 350 3472 Gli
365 3425 447 3474 antichi
458 3425 605 3474 ordinamenti
616 3426 700 3492 sociali,
716 3425 803 3474 iormsti
815 3443 827 3472 ι
842 3443 919 3489 pocot
930 3443 984 3490 poco
995 3426 1053 3474 dalla
1064 3433 1142 3475 ustura
1152 3432 1315 3490 progressius-

245 3522 255 3546 ι
274 3507 347 3548 monto
361 3508 487 3566 operantes
502 3519 546 3549 non
568 3501 776 3550 datt’uvvenuozzs
787 3501 954 3549 risoluzionuria
970 3503 1027 3550 dello
1041 3507 1138 3566 passioni
1153 3505 1230 3552 subite
1242 3524 1256 3552 e
1269 3517 1316 3555 tu·

246 3598 255 3623 ι
275 3578 399 3642 molinario,
412 3585 541 3642 presentans
553 3579 576 3625 in
587 3576 635 3625 turo
646 3579 744 3642 (quondo
756 3579 794 3642 piis
808 3579 897 3641 quando
907 3595 972 3626 meno
982 3579 1110 3644 sriloppati)
1122 3583 1129 3627 i
1142 3588 1174 3628 tro
1186 3582 1314 3631 elementi.

246 3674 255 3699 ι
274 3654 314 3702 Fra
328 3656 358 3716 pli
375 3654 438 3701 Ebrsi
457 3653 472 3700 il
487 3655 566 3718 popolo
581 3655 693 3717 chindeus,
711 3657 717 3702 i
734 3656 814 3703 seniori
829 3655 992 3720 deliberarauo,
1005 3658 1012 3702 i
1023 3658 1130 3704 srcmdoti
1145 3659 1315 3708 confermata·

245 3748 255 3773 ι
275 3745 311 3776 no.
324 3729 385 3776 Nolle
396 3730 475 3777 societis
490 3747 574 3793 popano
596 3731 625 3793 gli
641 3733 750 3792 auguriis
765 3731 795 3792 gli
809 3732 889 3778 oraculi
906 3748 972 3779 erano
983 3732 998 3778 l'
1006 3733 1114 3780 elemento
1129 3734 1222 3780 imatico
1240 3753 1255 3782 a
1272 3741 1317 3784 eui

247 3822 256 3848 ι
273 3805 411 3852 ricorrorauo
421 3823 460 3870 per
471 3807 580 3854 caularum
595 3807 602 3854 i
613 3808 731 3868 legislatori
743 3807 844 3872 (Licorpo
858 3825 870 3855 ιι
882 3810 952 3873 licllo,
965 3811 1035 3856 Numa
1046 3809 1073 3856 ad
1085 3810 1170 3873 Eparia,
1182 3811 1259 3858 Roma
1272 3816 1317 3862 ιιι)

245 3898 255 3922 ι
273 3880 348 3936 ιυιιιίιῐ
360 3877 403 3941 apli
418 3883 513 3944 prospici
527 3883 597 3947 oco.)5
614 3883 644 3944 pli
659 3883 762 3931 clementi
773 3883 917 3932 democratico
932 3886 958 3932 erl
969 3887 1117 3932 aristocratiae
1133 3885 1215 3932 etiem
1235 3889 1320 3938 talen

242 3969 256 4007 a
272 3953 381 4004 iulluaoau
391 3955 516 4024 duspolim,
528 3957 556 4006 od
571 3957 676 4012 Διιιιιιί
686 3961 731 4012 riso
745 3959 769 4012 di
782 3960 941 4026 Aesopeos
952 3960 1087 4029 lapi-aposta
1101 3961 1122 4012 si
1135 3961 1197 4013 tneo
1207 3962 1250 4016 ‹la'
1257 3981 1309 4032 sap
