2767 4492
227 235 281 306 itt
552 249 941 302 momentanearum

226 347 274 402 tur
287 340 354 416 poni
367 383 374 415 ,
389 340 422 399 in
446 343 586 414 prantmn
608 339 801 414 cognoscitur;
817 337 902 397 modo
925 350 988 396 esse
1005 337 1138 410 generate
1153 334 1272 413 aliquod

226 426 302 502 quod
315 439 367 500 per
389 425 560 486 creationem
576 424 704 482 redditur
724 423 922 496 individuum
947 421 1031 481 modo
1049 423 1137 482 etiarn
1159 422 1272 497 aliqtdd

227 510 304 586 quod
317 509 404 569 simul
411 510 592 570 abstractum
606 497 649 570 est
664 513 692 568 et
708 513 881 580 concretum,
898 505 1030 582 generale
1044 511 1073 565 et
1086 507 1270 581 particulam,

227 593 389 654 universale
404 597 432 653 et
446 593 635 652 individuum.
656 593 712 652 Sed
734 592 805 651 illud
823 606 937 668 quoque
956 591 1113 650 nririiicuur
1127 594 1171 650 est
1194 590 1274 664 quod

227 677 277 752 ait,
293 677 387 737 ideam
404 678 492 754 (quae
503 677 566 736 eius
583 676 725 736 sententia
738 676 814 736 Deus
827 676 885 749 est)
899 675 928 736 si
946 675 1066 734 intuitrrs
1079 689 1139 734 non
1153 689 1238 749 posse
1252 689 1273 734 a

227 761 312 820 nobis
326 761 402 820 clare
416 765 445 818 et
467 759 654 820 determinate
673 759 821 833 cognosci;
846 773 913 818 cum
936 763 1033 818 autem
1053 756 1081 818 vi
1103 757 1273 819 tenerioris

228 844 394 919 attingitur,
413 843 511 904 sensili
535 845 628 903 iornra
649 843 876 918 repraesentari,
894 859 968 918 puae
983 843 1015 902 in
1038 857 1170 903 sermone
1190 857 1273 918 repo

227 935 313 989 natur
330 932 353 989 t.

264 1014 326 1074 135.
345 1014 385 1072 td
400 1018 659 1089 argumentarere,
676 1027 750 1087 quae
761 1013 903 1088 proponit,
918 1012 990 1072 haec
1001 1013 1177 1087 reponimus.

262 1097 284 1158 1.
300 1098 331 1157 Id
345 1099 420 1172 quod
436 1093 476 1157 ait
491 1099 618 1158 ordinem
633 1098 802 1171 cognitionis
816 1098 910 1157 ordini
924 1111 1022 1156 rerum
1039 1095 1221 1172 respondere,
1237 1097 1273 1156 in

227 1182 329 1256 primis
344 1198 402 1242 uon
416 1183 495 1240 omui
504 1182 658 1256 cognitioni
667 1182 941 1241 accommodandum
952 1187 1007 1254 est,
1020 1182 1070 1240 sed
1083 1181 1126 1240 iili
1142 1185 1272 1254 tantum,

229 1281 303 1342 quae
316 1267 435 1332 relativa
449 1268 499 1340 sit,
523 1267 660 1325 nimirum
676 1267 816 1327 eiusmodi
832 1271 866 1325 ut
879 1281 930 1340 per
948 1267 1042 1339 ipsarn
1062 1265 1215 1324 relationes
1229 1281 1274 1324 re·

228 1365 295 1418 rum
309 1357 337 1410 ct
351 1350 474 1425 origines
492 1351 730 1410 internoscantur.
747 1352 781 1409 it
794 1354 907 1424 praeter
919 1351 995 1410 hanc
1010 1350 1067 1408 aiis
1079 1350 1204 1423 cognitio
1223 1352 1273 1408 ad·

229 1436 367 1495 mittenda
381 1440 433 1508 est,
450 1449 507 1508 qua
520 1449 568 1494 res
581 1435 779 1493 'consideratur
795 1429 923 1494 obsolute
932 1439 961 1492 et
970 1434 1002 1492 in
1012 1448 1056 1506 se,
1068 1448 1142 1506 quae
1157 1434 1275 1508 qudem

229 1521 352 1594 cognitio
361 1534 419 1579 non
434 1519 637 1578 detrectabitur
646 1517 705 1577 nisi
714 1519 751 1577 ab
765 1534 811 1592 eo,
824 1518 874 1593 quii
883 1532 999 1577 omnem
1012 1517 1171 1576 reaiitotem
1184 1518 1273 1578 mbos

235 1603 351 1662 adimat.
367 1605 438 1664 Nam
453 1602 478 1662 si
492 1617 538 1661 res
561 1617 628 1661 vere
640 1599 672 1661 in
686 1617 717 1660 se
736 1608 820 1675 sunt,
842 1603 874 1662 in
897 1606 1036 1676 wantum
1050 1607 1135 1675 sunt,
1155 1603 1276 1675 cogitari

230 1701 359 1747 seorsum
375 1691 507 1762 possunt3
524 1686 782 1746 considerationes
804 1687 1000 1761 respectibus,
1016 1701 1088 1762 quos
1103 1686 1273 1762 includunt,

231 1777 357 1830 avooeta
375 1771 534 1830 Honorem
559 1771 777 1846 cogitationem,
793 1787 867 1846 quas
881 1773 997 1847 praesia
1012 1775 1071 1844 est,
1095 1770 1151 1832 alia
1173 1787 1276 1832 conw-

231 1855 345 1930 quitur,
363 1871 420 1930 qua
431 1856 597 1917 earumdem
610 1872 708 1917 rerum
726 1857 825 1918 relatio
839 1862 868 1918 et
884 1862 1039 1932 respeeurs·
1053 1857 1272 1931 invesfigantur.

233 2088 242 2112 ι
259 2067 323 2115 roiiti
337 2067 392 2114 loro.
409 2069 452 2115 Ora
467 2067 555 2130 quando
570 2065 716 2132 sppliciaiauro
730 2065 768 2114 dt’
780 2067 835 2115 Ents
849 2066 942 2115 rosicis
956 2067 1043 2114 nozioni
1058 2066 1080 2113 di
1095 2067 1235 2131 singohdti,
1253 2067 1278 2115 ti

233 2162 242 2185 ι
261 2141 414 2190 individualiti
427 2159 439 2189 o
453 2149 595 2208 concretum,
608 2145 699 2206 bisogna
709 2145 846 2192 rimuossrno
859 2131 983 2190 l’elemento
1001 2135 1110 2206 negotist»,
1122 2141 1202 2207 porcino
1215 2143 1279 2190 l'su-

233 2239 242 2262 s
261 2224 282 2266 te
296 2222 308 2266 t
322 2219 416 2266 “solado
431 2235 443 2266 o
457 2219 553 2267 intrito.
570 2221 597 2265 Di
612 2221 652 2268 ciro
667 2221 751 2282 seguiter
766 2221 806 2267 eho
824 2220 840 2266 l'
852 2221 909 2267 Ents
923 2221 942 2266 si
956 2222 1000 2283 pud
1015 2220 1089 2266 sitrosi
1102 2220 1152 2266 diro
1165 2222 1274 2282 υίηὶίο,

233 2313 243 2338 s
262 2295 361 2356 generale
374 2309 386 2342 e
401 2295 523 2342 universale
537 2295 560 2341 io
575 2301 657 2358 quanto
675 2295 716 2342 tali
734 2295 827 2344 conootti
843 2295 968 2358 esprimono
986 2295 1099 2343 l’assoura
1113 2296 1136 2342 di
1151 2295 1218 2358 qusil’
1229 2295 1278 2343 elo-

234 2390 243 2414 α
261 2375 336 2418 mento
350 2373 449 2433 negativo
464 2371 504 2417 cho
519 2371 576 2418 nelle
591 2372 677 2418 notioni
692 2370 800 2418 contrarie
811 2371 830 2417 si
841 2371 954 2418 acchiude.
971 2369 1051 2418 L'Ento
1061 2376 1074 2419 d
1083 2372 1186 2436 adunque
1200 2375 1278 2418 osbat-

234 2466 243 2490 i
261 2453 284 2494 to
298 2461 310 2494 e
324 2452 433 2510 concreto,
449 2446 550 2508 generale
564 2463 576 2494 e
590 2447 728 2510 particulare,
744 2446 881 2494 individuale
895 2463 907 2494 o
921 2447 1045 2495 uniuersale
1058 2448 1085 2494 ad
1101 2463 1131 2494 nn
1146 2449 1229 2512 ternpo,
1241 2459 1278 2494 nro

234 2542 243 2566 ι
262 2526 318 2569 sotto
331 2523 387 2572 sarii
401 2523 512 2586 rispettis
526 2523 549 2569 in
564 2523 629 2569 modo
644 2521 730 2570 divorso
745 2522 803 2569 dolls
816 2527 924 2586 creatura,
935 2524 1015 2586 perciti
1029 2523 1128 2588 possieds
1142 2523 1207 2570 bensi
1217 2522 1279 2570 l’eie-

214 2607 219 2613 '
234 2619 243 2642 ι
262 2605 335 2646 mento
349 2600 441 2662 positivo
456 2604 573 2646 watenuto
587 2599 611 2645 in
626 2599 728 2646 ciascunu
742 2598 765 2645 di
780 2605 855 2661 questo
870 2601 966 2664 uodoni,
981 2615 1017 2648 mn
1030 2615 1075 2646 non
1089 2599 1220 2647 l’clsmcnto
1235 2615 1279 2647 nc·

233 2693 243 2717 ι
262 2673 333 2735 potito
349 2675 388 2721 eho
401 2675 417 2720 i’
428 2690 580 2737 accompagna.
598 2672 646 2736 Egli
660 2677 673 2720 d
687 2678 788 2721 consuto
803 2691 815 2720 s
829 2675 965 2722 individuale
985 2673 1065 2738 perche
1083 2675 1142 2723 reale
1156 2691 1168 2720 c
1183 2674 1277 2738 positivo

233 2749 243 2794 i
262 2750 286 2796 in
300 2765 383 2798 sommo
397 2751 479 2811 grado:
496 2753 508 2797 d
522 2755 611 2796 asurim
626 2750 775 2798 anniversale
790 2752 869 2814 perche
884 2767 939 2816 poro
954 2766 966 2798 o
980 2750 1071 2798 sehietto
1081 2751 1128 2797 oiod
1138 2742 1239 2812 sgornluo
1250 2749 1279 2796 da

234 2843 243 2867 ι
261 2825 313 2886 ogni
327 2825 405 2888 forma,
420 2824 517 2886 infinito,
529 2825 631 2872 noluo.
650 2827 679 2872 Lo
696 2829 831 2872 eonerotezza
844 2842 857 2872 s
870 2825 1042 2874 l'indiriduoliti
1056 2842 1115 2885 sono,
1124 2825 1142 2872 it
1155 2825 1214 2872 roais
1227 2841 1279 2872 sen·

234 2917 243 2942 ι
262 2899 439 2965 sal'Ente311
458 2905 585 2948 uertens
597 2918 609 2948 o
623 2901 645 2948 la
666 2902 785 2964 generalitt
803 2917 857 2948 sono
872 2902 953 2949 l’iinte
971 2917 1035 2949 sensa
1048 2901 1065 2948 ii
1079 2901 1137 2949 reolo
1150 2920 1156 2948 :
1171 2901 1194 2948 lo
1207 2900 1278 2964 prims

234 2994 244 3018 ι
263 2974 308 3020 doti
323 2975 365 3020 alls
380 2977 483 3024 adunas
497 2976 609 3040 oiiettise,
627 2977 647 3024 ie
662 2977 756 3025 secondo
771 2977 808 3024 all'
819 2979 875 3024 Ente
892 2977 995 3039 possibile
1012 2983 1194 3041 appsrtoogono:
1216 2975 1279 3022 Dails

235 3043 307 3096 o'uno
321 3064 416 3098 nucerio
430 3050 451 3097 lo
466 3068 515 3098 cose
529 3058 608 3115 cauto,
621 3053 678 3101 dailo
693 3054 747 3100 altro
761 3053 845 3100 Isidos
859 3053 950 3100 riflesso.
963 3054 993 3099 Lu
1003 3053 1110 3101 divisione
1125 3051 1160 3100 det
1176 3056 1279 3099 eouereso

235 3139 244 3166 ι
263 3135 275 3168 e
290 3119 441 3185 dell'astrstto‚
457 3123 644 3173 doll'indiridualo
660 3142 672 3172 ο
686 3126 721 3173 dei
736 3124 845 3188 generale,
861 3124 982 3172 oi’inuttsi
995 3125 1104 3172 doii'iinta
1117 3123 1188 3172 reolo:
1204 3123 1280 3170 l'Ento

235 3215 244 3241 ι
263 3195 348 3244 redet
367 3195 389 3243 la
403 3198 479 3244 sirmi
494 3197 517 3244 di
531 3197 603 3262 qualis
617 3201 736 3263 proprictd.
755 3221 763 3243 ι
781 3203 872 3248 lotrad.
890 3217 910 3247 c.
927 3201 951 3263 d,
967 3216 990 3264 p.
1007 3200 1062 3245 tit.

215 3335 217 3340 Ι
278 3272 289 3317 i
312 3295 320 3314 ι
337 3274 567 3338 (ἓοιιιομοιιὶοωοηὶθ,
579 3275 616 3322 nel
629 3276 701 3338 primo
717 3276 807 3339 intuito,
818 3275 840 3322 io
854 3276 979 3339 cognitione
993 3277 1006 3322 ὁ
1020 3291 1082 3339 rago,
1099 3272 1279 3337 indeterminato,

235 3366 244 3391 ι
263 3347 362 3412 cordasa,
377 3350 397 3396 si
410 3347 518 3415 dispergo,
534 3351 553 3396 si
567 3349 690 3413 sparpagih
700 3351 725 3397 in
734 3353 794 3399 sario
809 3352 876 3416 parti,
893 3367 957 3400 wora
971 3349 1010 3398 che
1023 3351 1046 3397 io
1060 3352 1138 3414 spirito
1152 3363 1216 3412 possa
1230 3347 1281 3396 icr-

236 3440 245 3465 ι
263 3424 341 3488 marla,
353 3425 526 3488 opproprisrseio
539 3431 672 3488 rnamenta,
685 3441 786 3473 carduo
800 3427 891 3474 distinta
905 3428 1024 3474 ooscienzs.
1036 3426 1110 3474 L’idira
1124 3427 1149 3472 in
1164 3426 1208 3473 tolo
1222 3429 1281 3472 stato

236 3515 246 3540 ι
264 3498 288 3546 di
303 3502 428 3561 cognitione
442 3501 561 3549 ussorbisce
576 3519 588 3549 e
602 3502 691 3548 domina
705 3501 727 3549 lo
741 3503 836 3567 spirito,
853 3498 942 3552 enricho
956 3509 1032 3566 questo
1047 3504 1111 3551 abbis
1125 3503 1185 3551 virid
1199 3502 1223 3549 di
1238 3516 1281 3566 ap·

235 3589 245 3613 ι
263 3574 377 3641 prendere,
393 3593 405 3625 e
419 3578 564 3642 incorporarsi
578 3577 649 3625 tides
658 3579 844 3639 -signoroggionto
861 3580 884 3626 L’
895 3581 976 3627 intuito
990 3579 1126 3643 secundario,
1143 3579 1191 3626 oiod
1204 3577 1227 3624 la
1245 3577 1281 3624 ri-

237 3668 246 3693 ·
265 3649 380 3718 iiessions,
396 3653 506 3704 chinrifisa
520 3653 602 3720 Vides,
619 3652 820 3718 determinentur,
836 3656 884 3702 oia
898 3656 1036 3720 determina,
1051 3655 1201 3702 nniiicandoia
1209 3689 1217 3719 ‚
1233 3655 1282 3701 eiad

237 3745 246 3768 ι
265 3727 443 3777 eomunieondole
457 3729 529 3794 quella
543 3729 604 3778 udat
618 3729 689 3795 iinita,
701 3729 741 3778 cho
754 3732 768 3776 d
781 3730 879 3796 propris,
890 3745 935 3779 non
949 3733 986 3796 git
999 3732 1023 3780 di
1037 3748 1086 3784 m
1100 3731 1161 3796 idea,
1173 3745 1210 3781 nrt
1220 3729 1282 3778 dailo

237 3821 247 3848 s
266 3802 344 3867 spirito
358 3809 437 3856 ueto.
456 3827 469 3864 2
484 3807 576 3857 iouod.
592 3805 635 3860 rol.
653 3807 678 3870 2,
693 3823 717 3870 p.
733 3807 773 3855 tt.
