2767 4492
416 311 856 362 auasmaam·esucumoeu
1107 297 1157 359 153

109 397 231 461 lloltaire
245 399 364 458 summis
382 398 537 458 modestiae
552 397 683 456 laudibus
698 398 787 455 elatus
800 401 852 455 est.
874 392 976 454 Contra
990 393 1080 468 igitur
1094 395 1157 471 lipi-

112 499 230 544 cureum
244 483 320 543 huuc
335 498 460 558 gregem,
478 486 644 557 sequentem
659 482 879 556 propositionem
894 480 1119 540 constabilimus.

187 653 374 730 Cogitationis
389 652 574 730 principium
588 652 691 726 aequit
706 667 762 710 asse
776 650 905 709 materie
919 657 1080 726 utcumque

484 737 596 812 affabre
619 736 780 796 elaboratu.

21 959 25 966 .
144 905 189 968 89.
205 907 263 968 Etsi
273 905 415 981 cogitatio,
427 906 509 967 iuxta
517 912 633 982 etymon
642 907 721 966 vocis
736 921 754 963 a
768 903 890 979 coopito,
901 903 981 963 illam
993 908 1103 964 tantum
1113 921 1158 965 co

11 1029 13 1034 .
111 990 267 1064 guitionem
282 992 396 1066 proprie
410 991 550 1066 signillcet
564 1007 637 1066 quae
652 991 688 1050 ad
703 990 879 1050 intellectum
894 989 1024 1063 pertinet,
1041 1006 1092 1048 seu
1104 1006 1161 1064 qua

109 1075 228 1135 interius
248 1076 361 1135 animus
381 1093 412 1136 se
430 1078 526 1150 ipsum
544 1076 716 1150 alloquitur3
738 1075 926 1134 nihilomiuus
944 1075 1114 1148 generaliori
1133 1079 1161 1134 et

109 1158 204 1218 miuus
218 1161 333 1234 propria
348 1161 511 1235 acceptione
525 1177 576 1236 pro
592 1161 719 1234 qualibet
733 1160 903 1233 cognitione,
915 1161 975 1219 sive
985 1161 1020 1219 ad
1030 1166 1157 1220 mentem

109 1241 168 1302 sive
182 1245 219 1301 ad
233 1260 349 1304 sensum
364 1249 528 1319 spectante,
545 1245 635 1318 accipi
651 1250 753 1318 potest.
772 1245 817 1303 Sic
832 1260 896 1303 eam
911 1262 964 1304 nos
977 1246 1026 1304 hic
1041 1261 1161 1320 usurpa·

108 1341 189 1398 mus;
207 1344 240 1386 ac
254 1329 373 1402 proinde
388 1335 493 1391 statuta
508 1329 661 1402 propositio
676 1329 836 1402 generatim
851 1329 984 1401 allirmat,
1005 1345 1062 1388 uon
1078 1346 1161 1405 posse

108 1411 259 1468 materiam
274 1428 325 1485 per
340 1428 370 1470 so
386 1412 511 1471 cuiusvis
526 1412 695 1486 cognitionis
709 1427 771 1472 esse
786 1411 969 1486 principium.
985 1413 1053 1471 Eius
1071 1414 1158 1486 igitur
1208 1415 1211 1424 '

113 1493 256 1566 explicata
271 1496 430 1569 sententia,
448 1496 484 1553 ad
499 1495 770 1572 demonstrationem
784 1497 944 1554 ueniamus.

147 1578 175 1636 sl
191 1578 260 1651 quid
275 1578 306 1636 iu
321 1579 447 1638 humana
462 1581 580 1640 scientia
595 1581 798 1640 inconcussum
813 1588 857 1640 est
865 1587 1025 1654 ratumque,
1042 1581 1072 1640 id
1087 1587 1162 1641 certe

109 1662 162 1720 lroc
176 1662 283 1722 iudicio
298 1664 477 1724 continetur:
496 1680 551 1722 noo
568 1681 651 1740 posse
665 1671 858 1739 repugnantes
873 1666 1058 1739 proprietates
1066 1711 1079 1739 ,
1090 1682 1163 1739 quac

109 1761 139 1804 se
155 1753 254 1806 mutuo
269 1749 414 1821 perimunt
428 1755 456 1808 et
469 1749 640 1822 excludunt,
662 1749 692 1807 in
709 1750 810 1808 eodem
825 1749 952 1808 subiecto
974 1749 1060 1808 simul
1074 1751 1163 1808 consi-

109 1835 191 1890 stere.
210 1832 296 1891 Socus
316 1835 532 1906 pronuntiatum
550 1833 783 1892 contradictionis
799 1840 991 1906 everteretur,
1014 1834 1089 1907 quod
1105 1850 1164 1892 uon

108 1929 189 1986 posse
205 1916 281 1975 idem
297 1917 382 1976 simul
398 1933 460 1977 esse
475 1923 503 1976 ct
517 1935 575 1977 non
590 1935 653 1977 esse
668 1919 757 1977 iubet.
776 1919 820 1978 Sic
836 1919 1101 1992 corpusrotuudum
1115 1935 1163 1977 ue

110 1999 169 2070 quit
186 2001 271 2058 simul
293 2017 354 2062 esse
377 2003 567 2076 quadratum,
594 2003 737 2077 siquidem
759 2003 820 2078 hae,
836 2003 945 2076 ligurae
964 2003 1089 2061 invicem
1111 2019 1188 2078 pu··

109 2089 206 2154 guam,
224 2092 308 2158 atque
324 2101 383 2143 uua
398 2087 516 2144 alteram
532 2086 568 2144 ab
584 2087 685 2145 eodem
697 2086 824 2145 subiecto
839 2091 976 2144 removet.
993 2088 1027 2144 at
1039 2101 1107 2145 vero
1122 2092 1162 2145 at·
1202 2087 1205 2092 ’

109 2165 233 2240 tribaca,
255 2183 329 2240 quae
345 2170 515 2242 cognitionis
537 2171 677 2245 principio
701 2178 860 2244 competere
876 2171 998 2244 debent,
1020 2170 1163 2229 attributis

108 2250 245 2308 materiae
261 2249 378 2310 omuino
393 2259 555 2327 repugnant
569 2255 618 2327 ita,
641 2261 671 2313 ut
686 2261 785 2314 mutuo
800 2255 947 2314 conciliari
963 2271 1019 2314 nou
1034 2257 1160 2330 possint,

108 2331 159 2390 scd
174 2348 204 2391 se
218 2334 346 2393 vicissim
361 2339 515 2412 expellant.
537 2339 609 2413 Ergo
624 2340 692 2398 dum
707 2340 829 2400 materia
844 2341 879 2399 lis
895 2341 1018 2399 allicitur
1030 2341 1163 2413 (allicitur

108 2422 206 2476 autem
221 2421 358 2492 quamdiu
374 2438 391 2480 a
405 2423 450 2481 sui
467 2428 569 2482 natura
585 2439 641 2483 uon
656 2424 781 2498 deficit),
799 2424 977 2498 cogitationis
990 2425 1164 2498 principium

107 2517 171 2560 esse
186 2520 301 2576 prorsus
317 2508 424 2580 nequit.
441 2507 474 2566 Et
487 2525 555 2568 sanc
570 2510 684 2568 notione
700 2511 846 2584 materiae,
864 2510 920 2567 nisi
936 2509 997 2566 eius
1009 2513 1162 2581 conceptus

107 2586 200 2644 deseri
211 2589 286 2656 velit,
304 2606 350 2649 rcs
365 2592 514 2652 dumtaxat
530 2599 648 2654 extensa
663 2595 834 2670 conticetur,
851 2609 885 2650 ac
900 2591 1017 2666 proinde
1032 2592 1162 2665 partibus

108 2679 316 2747 coagmentata,
334 2676 492 2751 multiplex,
515 2678 640 2752 dividua,
662 2680 793 2752 ligurata,
815 2676 1051 2751 impenetrabilis,
1072 2677 1159 2736 iners.

108 2755 395 2832 Contracogitationis
406 2763 577 2836 principium
586 2762 897 2832 activitatemincludit,
907 2762 1048 2833 siquidem
1058 2764 1161 2833 cogita·

111 2839 149 2898 tio
157 2842 267 2900 actione
275 2845 399 2917 quadam
407 2847 577 2918 continetur,
588 2861 678 2904 unum
694 2844 873 2918 simplexque
882 2844 998 2902 omuino
1008 2850 1060 2915 est,
1073 2844 1160 2916 siqui·

106 2925 173 2983 dem
181 2927 292 2998 integra
300 2927 441 2998 cogitatio,
452 2927 483 2985 in
492 2944 548 3000 qua
556 2927 650 2985 nullae
659 2934 755 3000 partes
763 2929 872 2985 seceml
882 2927 1055 3010 pessunt,ad
1066 2927 1162 3002 ipsum

105 3011 249 3080 relectur3
269 3010 369 3080 ligura,
387 3015 415 3067 et
429 3009 700 3082 impenetrabilitote
715 3017 806 3083 vacat,
827 3012 969 3083 siquidem
984 3019 1073 3086 actus,
1090 3029 1161 3086 quos

105 3091 193 3164 elicit,
211 3092 310 3150 eodem
321 3091 406 3150 simul
422 3093 470 3150 toti
487 3095 600 3165 coeunt,
615 3098 642 3150 et
652 3093 813 3152 subiectum
827 3094 866 3152 ita
881 3096 1010 3154 alliciunt
1024 3103 1056 3156 ut
1066 3098 1162 3170 ipsum

106 3176 235 3250 undique
252 3176 392 3250 permearl
407 3176 495 3250 possit
509 3193 562 3250 ope
576 3174 752 3236 reflexiouis.
768 3178 906 3251 Ergonisi
921 3183 1052 3256 cogitatio
1063 3187 1092 3239 et
1101 3196 1161 3239 ma-

108 3262 179 3320 teria
194 3263 224 3320 lu
239 3277 301 3320 rem
317 3260 488 3320 contrariam
503 3267 706 3321 convertantur
729 3279 762 3321 ac
782 3265 897 3338 propria
917 3272 1020 3324 natura
1040 3264 1161 3338 spolien-

108 3349 172 3418 tur3
194 3345 321 3404 invicem
342 3345 479 3404 confundi
499 3350 583 3420 atque
603 3362 661 3404 uua
680 3363 718 3407 ex
737 3347 826 3407 altera
846 3353 991 3421 tamquam
1009 3365 1026 3406 a
1047 3349 1160 3422 proprio

107 3429 248 3505 principio
262 3445 380 3490 manare
403 3429 465 3490 sine
487 3431 710 3490 contradictione
725 3432 782 3492 dici
797 3449 854 3490 uon
869 3437 997 3506 possunt.
1021 3432 1160 3501 Quoniam

108 3594 116 3615 a
135 3589 175 3636 par·
189 3575 210 3621 la
226 3576 302 3622 raison
322 3575 359 3637 qu’
370 3575 386 3621 il
407 3591 461 3622 nous
480 3581 514 3622 cst
534 3575 661 3639 impossible
677 3576 792 3624 ddeoumir
806 3593 846 3640 par
858 3577 880 3624 la
894 3577 1065 3639 contemplation
1081 3575 1109 3623 lle
1122 3592 1163 3624 nos

107 3668 116 3690 ι
134 3665 225 3713 propres
239 3651 309 3714 taleas,
328 3667 379 3699 saus
395 3653 523 3717 revelation,
540 3654 558 3700 si
575 3655 630 3702 llleu
647 3654 683 3700 u’a
698 3656 762 3717 peiut
775 3655 848 3700 donne
859 3659 870 3701 t
880 3655 986 3717 quelques
1001 3669 1061 3701 amas
1075 3653 1103 3700 ale
1116 3669 1163 3701 ma·

107 3745 116 3767 ι
134 3728 189 3772 titre
202 3726 317 3790 disposdes
334 3743 418 3775 comma
434 3729 451 3774 il
467 3735 542 3776 troam
557 3733 570 3775 l
584 3745 673 3793 propos,
688 3730 710 3776 la
726 3731 841 3792 pulssauco
856 3731 878 3774 d'
886 3731 1010 3792 aperceroir
1024 3735 1046 3776 el
1060 3730 1087 3776 de
1101 3745 1159 3792 pcn-

106 3820 115 3842 ι
133 3817 169 3848 ser·
184 3818 213 3848 ou
229 3802 247 3847 ι’
259 3803 276 3848 il
291 3818 303 3848 a
319 3803 377 3864 joint
391 3809 412 3850 al
427 3805 466 3851 uni
483 3807 495 3850 d
511 3805 532 3850 la
551 3806 641 3852 malitae
663 3807 720 3852 ainsi
738 3807 837 3868 disposta
855 3821 900 3851 une
918 3805 1034 3855 subeunte
1053 3807 1156 3854 immae-

107 3876 196 3924 ·aiolle
211 3877 249 3940 qui
265 3893 341 3940 pausa
359 3899 367 3922 ι
385 3881 455 3930 Euat
471 3894 513 3928 aar
530 3881 638 3930 l'eotcod.
655 3883 719 3930 tum.
735 3881 752 3928 l.
769 3883 794 3944 l,
811 3880 846 3927 cla.
865 3882 889 3945 5,
904 3879 930 3946 ὃ,
947 3883 970 3928 ll.
