2767 4492
537 317 611 362 runs
629 316 724 360 namu
1122 297 1156 356 57

92 403 131 461 dit
145 403 396 474 dilemmaistuc;
413 401 517 475 quippe
535 415 601 462 cum
622 401 737 458 tertium
746 398 830 470 adsit,
851 411 956 472 nempe
965 398 1002 456 ad
1012 401 1158 456 aeternam

93 488 243 546 miseriam
262 487 443 560 demigratio.
464 485 569 544 Deinde
582 484 713 543 videatur
726 499 764 542 ne
780 483 937 557 retorqueri
952 482 1041 556 possit
1058 485 1158 540 contra

92 570 187 641 ipsum
197 571 255 644 qui
266 571 318 628 illo
328 569 426 628 utitur.
439 569 484 628 Sic
503 568 605 627 accidit
614 568 646 626 in
661 567 739 626 illius
748 567 923 639 dilemmate,
942 566 990 640 qui
1001 565 1083 624 alteri
1097 580 1160 640 per·

91 653 214 712 madere
226 653 394 712 conabatur
404 669 441 712 ne
450 645 660 726 rempublicam
671 649 927 709 administrandam
944 649 1109 724 susciperet,
1120 651 1161 707 ita

89 737 305 796 ratiocinatus:
325 737 375 795 Vel
384 737 460 795 male
476 735 520 794 vel
536 736 611 794 bene
628 733 850 794 administrabis.
862 733 1035 807 siprimum,
1052 731 1160 790 lliisdi·

88 819 243 894 spicellis,
264 821 311 879 sin
330 821 460 894 alterum,
481 819 654 879 hominibus.
673 819 744 893 lirgo
760 819 813 877 hoc
826 833 933 877 munus
942 816 1087 890 suscipere
1099 833 1157 875 non

87 905 224 978 expedit.
240 905 368 974 -Quod
385 905 434 979 qni
451 905 546 978 ipsum
563 905 786 976 interrogaverat
805 903 846 960 sic
866 902 896 960 in
917 901 1050 960 eumdem
1070 905 1158 958 retor-

86 988 145 1045 sit:
165 989 218 1047 vel
231 989 311 1048 bene
327 989 372 1048 vel
391 988 475 1061 male,
494 993 525 1046 ut
541 988 621 1060 dicis,
641 986 855 1046 administrabo.
872 987 900 1044 Si
914 986 1049 1060 primum,
1066 984 1158 1059 place·

86 1070 128 1128 bo
146 1071 231 1145 lliis3
252 1073 300 1131 sin
316 1073 446 1145 alterum,
462 1073 636 1131 hominibus.
656 1073 777 1144 tltroque
790 1070 877 1142 igitur
894 1075 997 1129 eventu
1014 1069 1044 1127 id
1059 1083 1158 1127 mnne-

86 1153 130 1209 ris
151 1155 288 1228 expedit.

442 1371 445 1378 .
489 1323 720 1378 lnnrcunus
745 1321 788 1379 ill.

524 1485 753 1546 Deloductt'one.

127 1656 179 1714 28.
200 1655 334 1714 inductio
350 1655 453 1714 dicitur
462 1656 668 1728 argumentatio
682 1671 740 1728 qua
750 1655 965 1719 enumeratione
975 1655 1163 1728 singularium

89 1739 269 1798 universale
289 1739 403 1812 aliquod
422 1739 558 1812 intertur3
577 1745 609 1798 ut
624 1737 658 1812 si,
684 1739 753 1812 quia
773 1738 939 1812 singillatim
957 1739 1073 1798 haeret
1090 1739 1163 1799 haec
1236 1785 1242 1792 .

91 1837 223 1896 corpora
243 1824 381 1896 gravitate
397 1824 496 1881 donari
516 1823 673 1896 conspicis,
694 1823 725 1881 id
743 1823 779 1881 de
796 1823 930 1881 omnibus
949 1824 1115 1898 corporibus
1130 1824 1161 1882 in

93 1921 209 1978 genere
229 1906 434 1966 affirmandum
450 1921 512 1967 esse
531 1908 666 1966 deducas.

130 1989 173 2048 lle
196 1989 257 2048 hac
276 1991 529 2063 argumentationis
548 1991 643 2064 specie
660 1991 813 2066 separatim
833 1992 993 2065 loquimur,
1010 1998 1162 2067 propterea

94 2074 175 2144 quod
186 2074 287 2148 prima
303 2073 423 2133 frontes
439 2074 601 2148 syllogismo
617 2075 732 2148 penitus
750 2075 864 2133 differre
879 2076 1000 2148 videtur,
1012 2077 1095 2150 eique
1110 2091 1159 2149 op·

93 2156 195 2228 posita
207 2161 342 2216 constare
362 2162 472 2216 natura.
491 2157 673 2231 syllogismus
689 2159 768 2216 enim
784 2159 838 2217 hoc
852 2158 940 2217 habet
953 2161 1110 2233 pmprium,
1129 2165 1162 2218 ut

93 2240 279 2315 particulare
290 2240 404 2313 aliquod
418 2257 455 2300 ex
472 2242 626 2300 universali
642 2243 761 2300 derivet.
778 2243 848 2301 llam
861 2242 950 2300 illatio
966 2243 1099 2316 adquam
1114 2243 1163 2301 de·

95 2323 179 2380 venir
202 2338 265 2382 non
282 2328 325 2382 est
344 2324 399 2382 nisi
419 2324 551 2398 principii
567 2325 687 2383 alicuius
700 2325 871 2384 universalis
886 2326 923 2383 ad
938 2327 1082 2399 peculiare
1096 2326 1162 2383 sub·

95 2403 209 2464 lectum
232 2406 394 2480 applicatio.
415 2407 525 2480 Gontra,
545 2409 671 2467 inductio
686 2409 718 2466 in
736 2410 789 2468 troc
808 2414 866 2467 tota
880 2409 1009 2480 vertitur,
1025 2415 1105 2467 utex
1118 2409 1162 2466 in·

98 2491 253 2562 spectione
270 2504 389 2548 casuum
409 2491 640 2564 particularium,
660 2491 879 2564 phaenomenon
895 2492 1010 2564 aliquod
1024 2491 1162 2550 exhiben-

99 2573 184 2648 tium,
208 2574 250 2634 ad
268 2575 430 2647 generalem
449 2575 603 2648 quamdam
620 2575 713 2648 legem
723 2576 904 2634 statuendam
915 2581 1053 2649 essmgat.
1072 2575 1163 2642 Quare

98 2659 303 2732 maximopere
324 2657 442 2718 inservit
462 2658 588 2717 scientiis
607 2659 899 2734 experimentalibus,
920 2675 1010 2735 eaque
1030 2660 1161 2718 nituntur

100 2741 253 2802 axiomata
273 2743 406 2816 physicae
426 2749 538 2802 tantum
556 2743 743 2802 certitudinis.

136 2827 171 2884 lt
186 2828 213 2886 si
234 2826 288 2885 rite
306 2827 508 2903 perpenditur,
529 2826 655 2885 inductio
677 2843 695 2883 a
714 2826 876 2898 syllogismo
895 2827 1084 2885 essentialiter
1102 2843 1162 2885 non

100 2907 261 2985 discrepat.
277 2909 378 2966 Forma
393 2915 503 2966 tantum
521 2909 634 2966 diversa
647 2914 705 2976 cst,
721 2909 772 2964 sed
786 2922 834 2963 res
848 2913 892 2963 est
906 2909 1017 2965 eadem.
1039 2909 1095 2964 Nec
1108 2909 1163 2964 mi-

98 3007 170 3050 rum
185 2993 219 3050 id
234 2989 360 3060 cuipiam
372 2991 464 3048 videri
479 2991 582 3059 debet,
604 2988 748 3058 siquidem
761 2986 925 3058 syllogismo
940 2987 1082 3059 generalis
1096 3004 1161 3062 pro-

101 3087 209 3131 cessus
223 3070 419 3128 ratiocinantis
434 3071 524 3127 animi
545 3069 723 3139 continetur3
745 3067 824 3125 nulla
840 3077 935 3126 autem
954 3073 1163 3142 argumentatio

102 3160 193 3216 extra
208 3166 374 3228 processum
383 3151 523 3210 eiusmodi
534 3151 649 3224 evagari
659 3156 758 3224 potest.
776 3151 867 3220 Quare
879 3153 1073 3227 maximopere
1084 3156 1163 3216 deer-

103 3239 183 3298 ravit
197 3239 337 3309 Barcaeus,
355 3236 404 3309 qui
420 3236 479 3294 sola
492 3234 656 3294 inductione
672 3236 799 3310 laudata,
817 3237 1014 3312 syllogismum
1028 3239 1098 3301 diris
1113 3243 1162 3303 de·

105 3323 201 3394 vovit;
224 3336 298 3396 quae
313 3321 453 3380 sententia
468 3319 492 3380 si
511 3319 695 3395 praevaleret,
715 3323 819 3399 logica
833 3322 948 3396 penitus
965 3327 1163 3397 pessumdare-

108 3409 166 3465 tur.
185 3405 346 3465 clarissime
362 3405 391 3464 id
406 3406 512 3480 patebit
527 3421 564 3464 er
580 3405 624 3478 iis,
636 3421 710 3480 quae
724 3406 909 3466 moxdtcturi
923 3422 1031 3468 sumus.

144 3489 273 3550 inductio
288 3489 376 3549 dividi
391 3495 483 3564 potest
498 3491 528 3549 in
544 3505 608 3549 eam
624 3506 698 3564 quae
714 3506 765 3564 per
780 3491 1023 3551 enumerationem
1037 3497 1161 3570 comple

110 3575 189 3646 tam,
206 3579 235 3632 et
247 3589 312 3632 eam
327 3589 399 3646 quae
414 3589 465 3648 per
479 3573 726 3634 enumerationem
746 3573 946 3648 incompletsm
960 3579 1095 3650 procedit.
1112 3580 1163 3640 llla

112 3661 155 3715 est
167 3673 242 3731 quae
260 3657 407 3716 individua
422 3657 535 3731 singula
549 3663 688 3730 recenset,
706 3663 739 3715 ut
752 3659 777 3717 si
792 3658 857 3731 quis
869 3660 997 3731 planetas
1011 3677 1111 3722 omnes
1120 3665 1163 3722 lu-

114 3751 176 3799 cem
189 3757 207 3800 a
221 3739 279 3800 sole
294 3741 418 3800 mamati
433 3741 560 3814 interret,
573 3747 723 3816 propterea
736 3742 821 3816 quod,
839 3741 1036 3804 observatione
1049 3747 1164 3804 institu-

116 3825 153 3895 ta,
168 3825 204 3884 de
217 3825 336 3897 singulis
350 3823 380 3884 id
395 3825 595 3898 comperiatur.
612 3827 669 3888 lloc
685 3826 736 3887 ubi
749 3827 897 3899 contingit,
918 3827 1044 3888 inductio
1059 3829 1090 3888 in
1104 3826 1163 3900 spl-
