2767 4492
241 169 292 262 l00
680 213 842 258 mensam

1371 199 1373 243 l

238 299 376 374 spendore
397 299 537 360 actionem
551 298 637 356 bomo
652 294 745 368 debet,
763 297 787 355 si
802 301 902 371 potest,
920 312 953 356 oc
971 297 1159 370 sapientiores
1183 309 1291 354 consu-
1371 302 1372 373 1

190 421 194 428 ·
237 384 306 442 lero.
324 383 352 442 Si
375 385 482 458 nequit,
504 398 557 442 nec
572 398 624 457 per
644 397 674 440 se
695 381 830 441 dirimere
854 381 975 440 dubium
998 380 1090 452 ralat3
1107 380 1194 453 eligat
1210 380 1290 454 quod

238 469 335 527 minus
349 469 456 528 malum
473 473 597 542 apparet.
625 467 705 534 Quod
720 467 745 526 si
760 467 814 525 boc
833 467 921 525 etiam
935 467 1097 525 discernere
1111 480 1169 524 non
1183 471 1288 538 potest,
1371 495 1373 509 ι

240 569 449 628 quamcumque
471 569 507 611 ex
529 551 812 626 oppositis'partibus
832 552 928 624 eligat,
943 566 1002 609 non
1017 548 1162 625 peccabis
1179 549 1292 609 etenim

241 643 309 696 tunc
324 637 530 696 indifferentiae
544 636 673 694 libertate
688 651 805 709 prorsus
823 635 995 694 destituitur.

278 722 454 780 Conscientia
468 722 572 780 dicitur
586 720 762 796 scrupulosa,
780 735 846 779 com
862 721 927 794 quis
946 720 982 779 ob
1000 719 1076 778 levia
1089 719 1195 778 motiva
1208 725 1293 793 putat
1371 734 1372 739 ¹

240 807 352 880 culpam
367 805 408 865 ibi
423 822 493 872 esse.
510 805 560 866 ubi
576 806 660 880 culpa
674 821 733 864 non
757 815 814 876 est;
831 805 981 880 scrupulus
994 805 1073 864 enim
1088 804 1128 862 nil
1143 803 1222 862 aliud
1233 810 1289 877 est,

240 891 296 950 nisi
311 891 406 950 inanis
421 891 561 964 quaedam
573 890 762 966 apprehensio
777 890 899 964 culpae(
909 906 982 964 quae
994 889 1123 948 animum
1138 889 1234 961 angit.-

252 997 254 1003 ⁴
275 975 412 1049 Denique,
434 976 608 1034 conscientia
621 975 779 1050 probabilis
794 975 954 1049 appellatur
968 991 986 1033 a
1000 972 1163 1033 doctoribus
1176 989 1221 1046 ea,
1233 991 1294 1048 qna

242 1059 306 1134 quis
324 1076 388 1119 rore
403 1059 544 1134 probabili
568 1061 678 1120 ratione
697 1060 818 1119 innixos
833 1076 871 1118 ex
885 1067 962 1119 certo
976 1060 1072 1133 aliquo
1092 1056 1234 1132 principio
1248 1075 1295 1119 re·

243 1145 319 1204 lloso
329 1151 438 1205 certum
449 1145 504 1204 sibi
514 1145 657 1204 dictamen
669 1145 801 1204 efformet
814 1145 850 1203 de
865 1145 1011 1206 honestate
1026 1143 1146 1204 actionis
1161 1146 1186 1200 l.
1199 1145 1294 1213 Quare

243 1230 314 1289 bace
330 1231 502 1290 conscientia
514 1231 710 1304 maximopere
725 1230 820 1289 dillert
834 1246 852 1288 a
866 1230 964 1302 dubia,
974 1237 1004 1289 et
1017 1233 1113 1290 minus
1127 1238 1193 1306 apte
1207 1246 1293 1289 roca·

244 1321 291 1375 tur
307 1315 472 1390 probabilis,
489 1331 556 1376 cum
570 1315 663 1390 potius
679 1322 756 1374 certa
770 1314 954 1385 dicendane
975 1315 1117 1388 siquidem
1136 1319 1290 1387 dictamen,

245 1417 301 1476 qno
316 1407 435 1473 constat,
453 1405 563 1460 certnm
578 1405 621 1460 est
631 1397 659 1459 vi
675 1399 744 1459 certi
763 1399 897 1474 principii
911 1399 1011 1459 reflexi
1026 1400 1056 1458 in
1073 1416 1131 1474 quo
1145 1400 1292 1471 landatur,

246 1486 299 1544 etsi
314 1485 385 1544 ratio
399 1485 507 1544 directa
522 1486 559 1543 sit
576 1489 685 1543 tantum
701 1483 867 1558 probabilis.

190 1635 198 1646 ,
281 1571 326 1629 Sic
340 1570 513 1644 explicatam
528 1569 734 1628 conscientiam
752 1569 931 1642 probabilem
945 1569 1027 1643 sequi
1047 1571 1129 1642 licet,
1152 1568 1293 1643 quidquid
1371 1602 1372 1617 l

247 1654 416 1712 lleinorcius
430 1655 534 1726 aliique
549 1658 648 1713 contra
665 1653 900 1711 obmurmurant(
913 1654 983 1712 bam
993 1670 1045 1728 per
1055 1654 1294 1713 illambouronon
1371 1692 1372 1741 3

176 1813 179 1820 .
249 1743 291 1797 esl
307 1755 420 1810 anceps,
437 1739 487 1795 sed
502 1743 595 1795 certos
606 1741 648 1794 est
663 1737 699 1794 de
715 1737 860 1796 honestate
874 1738 993 1796 actionis
1020 1739 1053 1796 Et
1061 1739 1134 1798 ratio
1142 1738 1296 1796 evidenter
1371 1746 1372 1751 ’

248 1827 373 1896 apparot.
391 1823 460 1880 Nam
471 1821 581 1894 anrties
592 1821 639 1879 lex
654 1821 796 1880 actionem
805 1822 961 1896 probibens
970 1829 1047 1881 certo
1056 1839 1114 1882 non
1126 1822 1296 1882 estsedtan-

253 1911 313 1963 tum
333 1905 505 1978 probabilis,
530 1905 615 1978 idque
635 1911 699 1979 post
716 1907 837 1979 diligens
858 1907 900 1964 rei
921 1922 1042 1965 examen
1063 1908 1220 1978 iudicatum
1236 1906 1297 1964 rim
1371 1956 1373 1961 .

251 1989 395 2062 obligandi
411 1989 518 2046 nnllam
534 1989 628 2048 babet.
646 1991 715 2048 Nam
725 1991 915 2064 promulgatio
929 1993 965 2048 ad
979 1992 1133 2050 essentiam
1146 1991 1218 2064 legis
1234 2005 1297 2063 per-

251 2074 335 2144 tinet,
356 2087 423 2132 cum
437 2074 551 2132 nonnisi
566 2091 617 2148 por
632 2077 723 2148 ipsam
739 2072 852 2134 subdito
867 2075 915 2134 lex
929 2081 1041 2148 aptetur
1054 2091 1178 2148 cumque
1195 2074 1297 2132 morali

251 2158 318 2230 liget
333 2157 509 2216 necessitate.
523 2158 712 2232 promulgatio
722 2164 818 2216 antem
828 2174 887 2216 nou
898 2159 1018 2217 babetur
1032 2159 1094 2218 sine
1103 2158 1232 2230 scientia,
1243 2174 1297 2216 seu
1371 2182 1373 2213 r

249 2241 311 2300 sinc
325 2241 486 2315 cognitione
501 2248 578 2301 corta
592 2248 620 2300 et
641 2243 766 2301 evidenti
781 2243 816 2300 de
830 2243 901 2316 legis
920 2243 1081 2313 existentia.
1098 2244 1190 2311 Quare
1206 2242 1297 2301 donec
1371 2272 1372 2277 κ

250 2326 373 2398 cognitio
384 2326 530 2384 certasine
541 2327 625 2400 culpa
638 2327 825 2397 desideratum
838 2326 917 2384 nulla
930 2328 1055 2400 prolecto
1064 2327 1141 2400 viget
1154 2330 1215 2398 les,
1224 2341 1298 2399 quae

250 2410 450 2485 obligationem
473 2411 575 2484 pariat.
596 2411 629 2468 dt
643 2411 666 2468 si
683 2411 723 2468 ita
737 2416 793 2483 est,
811 2410 888 2470 licite
904 2412 1016 2485 operari
1037 2411 1121 2472 bomo
1140 2411 1298 2470 certissimo
1371 2426 1372 2433 ¹

249 2501 356 2569 potost3
374 2494 452 2553 licita
466 2495 544 2552 enim
559 2500 601 2552 est
615 2495 752 2567 operatio,
770 2510 843 2567 quae
861 2510 879 2551 a
892 2495 971 2553 nulla
985 2493 1048 2569 lege
1058 2496 1236 2570 probibetur.

286 2579 467 2651 lineorum,
485 2579 509 2636 si
524 2578 597 2636 bene
613 2579 819 2652 perpendatur,
840 2579 963 2637 ostendit
976 2581 1064 2639 etiam
1080 2582 1198 2638 lacesse
1214 2581 1299 2654 socrui
1371 2550 1372 2555 ἵ

251 2663 421 2723 seutentiam
446 2662 543 2720 minus
564 2661 759 2736 probabilem
780 2662 865 2720 modo
882 2663 980 2722 solidis
995 2664 1167 2738 argumentis
1186 2665 1300 2722 nitatur

251 2763 284 2808 ac
294 2748 413 2822 proinde
430 2763 497 2807 rere
514 2749 551 2807 sit
565 2747 732 2822 probabilis.
749 2748 901 2807 llecollicit
915 2750 1044 2822 qnodilli
1059 2748 1300 2808 contradicatalia

252 2833 401 2904 sententia,
419 2848 492 2906 quae
513 2832 615 2892 maiori
638 2832 838 2906 probabilitate
858 2838 983 2892 ornetur.
1000 2835 1087 2894 llaior
1104 2834 1182 2894 enim
1194 2835 1299 2908 proba·

249 2916 346 2976 bilitas
363 2915 449 2976 utrius
464 2913 553 2991 parti's
564 2933 621 2976 non
633 2917 756 2976 destruit
770 2916 911 2976 minorem
925 2916 1154 2990 pmbabilitatem
1164 2917 1297 2990 alterius;

250 3015 317 3058 cunr
333 3005 443 3070 tuntum
462 3000 601 3060 certitudo
623 3000 675 3059 boc
697 3001 753 3059 sibi
775 3001 909 3074 vindicet,
927 3007 958 3058 ut
975 3003 1150 3061 contrarium
1165 3002 1298 3061 falsitatis

253 3083 385 3160 damnet,
408 3089 492 3162 alque
514 3084 578 3147 ideo
598 3084 787 3163 improbabile
802 3085 914 3147 reddat.
933 3086 1080 3147 Praeterea
1098 3086 1297 3163 probabilitas,

298 3322 308 3367 l
328 3322 437 3385 Principia
454 3323 532 3369 rollone
548 3322 587 3369 illo
605 3321 724 3379 sileantur,
741 3338 796 3385 quae
813 3338 857 3368 non
874 3327 979 3385 peluntur
993 3339 1019 3371 ex
1035 3324 1136 3386 obiecto,
1153 3322 1232 3371 sed'm
1249 3324 1303 3370 snb-

251 3398 307 3446 iocto
321 3399 345 3444 in
362 3397 438 3444 ordine
453 3399 480 3444 nd
497 3399 634 3445 existentium
651 3399 686 3446 rel
708 3414 751 3444 non
768 3399 904 3445 existentiam
926 3399 1065 3461 obligationis
1081 3400 1108 3445 nd
1128 3400 1245 3461 egendum.
1264 3401 1303 3444 br.
1371 3446 1373 3449 ,

253 3491 286 3535 gr.
303 3489 352 3520 oum
367 3474 416 3535 quis
433 3473 535 3520 dubitans
550 3474 577 3520 clo
592 3474 706 3520 existentia
722 3473 785 3536 logis,
802 3491 842 3520 nee
859 3474 951 3521 dubium
965 3475 1049 3522 solvere
1060 3491 1098 3537 por
1108 3492 1131 3522 se
1141 3475 1175 3522 rcl
1187 3490 1226 3538 per
1236 3474 1306 3520 elium

250 3549 341 3612 valona,
359 3550 451 3596 recurrit
466 3549 493 3595 nd
511 3549 552 3596 hoo
568 3549 721 3612 principium:
738 3551 785 3608 lege
799 3552 890 3597 incerto
903 3565 951 3599 ooo
965 3552 1075 3610 obtegam
1090 3557 1155 3613 ntqno
1176 3549 1254 3596 exindo
1269 3549 1307 3594 in·
1371 3598 1372 3601 Ἴ

252 3624 301 3686 lert,
319 3626 427 3672 actionem
442 3623 484 3670 sibi
501 3630 558 3672 corto
575 3624 658 3671 licitam
675 3639 728 3670 osse.
742 3624 782 3670 Vol
793 3626 859 3672 etiam
874 3631 1042 3689 onsnnt‚quno
1056 3624 1219 3672 consistentia
1234 3623 1309 3685 aliquo

251 3699 388 3761 praecedenti
410 3701 545 3764 dietrmins3
562 3717 595 3748 er.
614 3717 646 3762 gr.
664 3716 714 3746 oum
729 3701 779 3763 quis
794 3701 877 3748 iudicat
891 3701 975 3764 aliquid
992 3718 1039 3751 esso
1058 3702 1158 3765 licitum,
1176 3700 1229 3763 quia
1246 3699 1310 3747 omni

253 3773 350 3822 adbibita
364 3775 487 3842 diligentia,
506 3777 589 3840 nullom
604 3776 627 3824 in
642 3792 667 3824 eo
684 3775 845 3829 inhonestatem
861 3776 950 3829 deant.
