2767 4492
460 369 858 423 semema-coenonesis
1152 351 1184 417 ll

138 458 262 520 sationes
274 473 332 520 nou
344 473 407 520 rem
422 459 547 534 aliquam
561 467 643 519 extra
656 469 709 520 uos
723 459 853 534 positum,
865 457 916 520 scd
925 456 1053 523 internas
1063 461 1176 523 uotum

140 545 231 604 animi
243 543 466 604 modificationes
480 544 609 604 colerunt
625 547 651 604 l.

174 630 248 691 Alter
261 634 366 704 autem
383 645 435 690 seu
448 629 621 692 tomitem
637 631 910 705 transcendentem,
926 645 943 692 a
957 631 1030 692 liant
1039 632 1180 706 excogita-

139 722 184 776 tus
197 721 249 790 est,
274 733 292 776 a
306 716 401 775 Ficbte
414 732 482 776 vero
505 717 542 775 ad
556 716 759 791 perfectionem
773 717 920 777 adductus.
937 718 982 791 lli,
999 717 1036 776 ad
1064 717 1181 780 obiecti-

137 817 203 861 vam
216 801 398 862 existentiam
413 801 489 876 quod
498 801 607 875 attinet,
619 801 732 860 utillum
740 801 1005 864 omninodelectum
1015 802 1182 864 babendum

94 882 97 886 ’
136 892 281 962 putarunt
296 887 419 962 ideoque
432 903 490 947 nou
504 887 588 947 modo
598 887 699 948 muudi
713 887 870 960 exterioris,
887 887 937 948 sed
950 888 1072 950 subiecti
1092 889 1180 950 etiam
1207 938 1210 946 .

135 971 286 1046 cogitantis
297 972 457 1034 realitatem
471 972 595 1032 emedio
609 974 784 1049 repulemnt.
802 975 842 1034 En
856 975 937 1035 brevi
949 973 1102 1050 utriusque
1117 989 1180 1049 pro

136 1073 244 1120 cessus.
260 1060 342 1119 iuxta
356 1059 437 1131 Kaut,
454 1058 546 1120 omnis
560 1064 657 1120 nostra
670 1059 793 1133 cognitio
807 1059 914 1134 duplici
930 1065 1041 1120 constat
1055 1059 1179 1120 elemen-

136 1149 175 1218 to,
191 1145 311 1206 materia
323 1145 461 1206 nimbum
473 1151 504 1206 et
516 1145 617 1206 torma.
640 1144 741 1206 Formo
765 1143 891 1220 procedit
906 1145 942 1204 ab
966 1145 1029 1218 ipsa
1052 1144 1174 1216 ratione,

135 1229 256 1290 materia
268 1230 446 1290 ministrmur
456 1230 493 1290 ab
507 1230 693 1304 experientia,
710 1245 763 1304 ope
778 1229 974 1304 impressionis
989 1245 1076 1304 quam
1087 1237 1179 1288 exter-

135 1331 174 1374 na
186 1315 297 1376 obiecta
310 1315 342 1374 in
356 1315 484 1375 sensoria
497 1318 640 1374 exercent.
657 1313 729 1373 Hinc
743 1329 790 1373 res
812 1313 888 1387 illae,
912 1329 985 1388 quae
1000 1329 1060 1374 uou
1084 1313 1181 1374 subia-

136 1403 202 1459 cent
216 1399 357 1471 sensibus,
372 1398 564 1472 cognitionem
577 1401 704 1457 nostram
719 1413 833 1473 prorsus
849 1397 1111 1472 praeterlabuntur,
1129 1396 1181 1457 sed

136 1484 259 1558 cognitio
272 1483 391 1558 quaeris
404 1482 521 1542 nonnisi
531 1482 608 1541 intra
621 1482 772 1557 sphaeram
786 1482 953 1557 empiricam
967 1499 1020 1542 seu
1032 1483 1182 1542 sensilium
1261 1525 1265 1538 .

135 1568 427 1643 repraesentationum
442 1567 558 1643 spatiari
572 1573 673 1642 potest.
689 1568 723 1626 lt
734 1567 766 1628 iu
779 1567 833 1627 boe
848 1567 1178 1642 quomrefaleitasadmi-

135 1659 239 1713 scetur.
256 1654 326 1714 Nam
340 1653 450 1712 obiecta
464 1651 700 1727 experimentalia
717 1653 833 1711 nonnisi
849 1653 939 1727 spatio
955 1657 984 1712 et
998 1657 1123 1727 tempore
1140 1652 1179 1710 al-

136 1740 210 1799 lecta
227 1739 309 1798 uobis
322 1743 580 1813 repraesentantur.
597 1736 726 1811 Spatium
735 1752 802 1796 vero
817 1741 846 1796 et
862 1743 972 1811 tempus
987 1737 1095 1796 lormae
1114 1745 1180 1796 suut

135 1825 275 1899 quaedam
299 1825 490 1884 immanentes
513 1830 542 1882 et
555 1822 730 1882 subiectirae
744 1821 942 1882 sensibilitatis
956 1827 985 1882 et
998 1821 1077 1884 nullo
1095 1823 1180 1884 modo

134 1909 252 1968 obiectis
260 1907 419 1968 inhaerent.
431 1908 502 1981 llrgo
511 1905 599 1966 etiam
607 1907 702 1982 quoad
713 1906 905 1981 cognitionem
914 1907 1177 1982 experimentalem,

135 1994 195 2054 sire
209 1995 351 2053 internam
365 1994 425 2053 sive
440 1997 599 2066 externam,
616 2006 675 2052 nou
687 2007 734 2051 res
748 1991 836 2066 ipsas,
853 2007 926 2066 quae
942 1992 973 2051 in
991 2007 1022 2052 se
1037 1997 1112 2064 sunt,
1129 1991 1180 2050 sed

134 2080 331 2152 phaenomena
345 2083 456 2136 mutum
473 2077 658 2152 percipimus,
674 2081 760 2152 atque
775 2077 839 2136 ideo
853 2077 888 2136 de
902 2077 989 2136 rebus
1009 2077 1179 2138 insensibili·

134 2163 188 2222 bus
211 2163 330 2236 nullam,
355 2162 391 2220 de
415 2161 601 2221 sensibilibus
617 2160 768 2221 relativam
783 2165 895 2220 tautum
909 2161 1108 2222 certitudinem
1129 2162 1179 2221 bo-

134 2247 237 2306 bemus
254 2248 280 2306 2,
1202 2249 1205 2262 '

169 2331 291 2390 Ulterius
308 2332 446 2405 processit
459 2332 565 2406 Flcbte,
583 2333 634 2408 qui
648 2347 707 2393 uon
721 2333 804 2392 modo
814 2333 936 2394 formam
950 2332 1119 2408 cognitionis
1129 2332 1179 2392 sod

134 2415 286 2476 materiam
299 2416 413 2475 etiams
426 2417 553 2476 subiecto
568 2423 756 2492 cognoscente
775 2418 899 2478 derivari
916 2418 1014 2478 voluit.
1031 2417 1090 2486 Qua
1104 2416 1135 2476 iu
1147 2433 1180 2476 rc

135 2499 191 2560 sibi
206 2500 297 2574 magis
314 2501 512 2576 consenticus,
533 2517 620 2576 quam
634 2504 696 2564 eius
711 2503 857 2578 magister,
872 2504 1012 2578 apparuit.
1028 2503 1099 2562 Nam
1113 2516 1180 2560 cum

134 2589 265 2658 ageretur
277 2586 313 2644 de
327 2584 499 2660 explicanda
515 2589 677 2662 cognitione
699 2605 716 2648 a
731 2589 819 2664 priori
839 2588 1007 2661 dumtaxat,
1025 2602 1109 2648 omne
1125 2586 1179 2646 cle

133 2675 263 2728 mentum
277 2671 447 2746 empiricam
460 2674 666 2733 removendum
682 2675 750 2748 luit3
768 2673 888 2734 materia
900 2682 996 2733 autem
1010 2671 1180 2747 cognitionis

134 2754 170 2812 ab
193 2757 370 2830 experientia
393 2758 548 2831 procedens
570 2764 616 2818 est
635 2759 809 2817 elementum
828 2759 1007 2832 empiricam.
1033 2759 1180 2816 Praeterea

133 2838 281 2914 impressio
291 2841 436 2902 sensibilis
447 2858 498 2917 per
506 2841 615 2902 nullius
630 2844 738 2901 formae
749 2842 923 2900 additionem
936 2843 965 2899 in
984 2841 1127 2899 obiectum
1136 2841 1180 2898 iu·

133 2923 278 2998 telligibile
293 2926 420 2986 converti
442 2932 567 3000 poterat3
587 2932 691 2984 namra
706 2925 848 2998 siquidem
868 2924 984 2999 proprii
1000 2922 1115 2996 spoliari
1132 2937 1181 2981 ne-

134 3010 204 3083 quit.
223 3009 319 3068 Ficbte
334 3009 430 3082 igitur,
447 3014 479 3068 ut
493 3010 613 3068 fideliter
630 3007 827 3068 rationalismo
841 3008 1066 3082 obtemperaret,
1083 3007 1180 3067 omnia

39 3118 42 3121 ·
133 3093 274 3153 aratione
289 3090 455 3151 deducenda
464 3092 591 3166 putavit,
604 3097 689 3166 atque
704 3091 779 3164 ideo,
791 3094 870 3151 omni
880 3097 999 3152 externa
1008 3091 1178 3152 determina-

133 3178 210 3238 tione
226 3183 384 3250 summota,
400 3177 558 3249 rationem,
578 3191 637 3236 uon
650 3180 683 3234 ut
699 3175 881 3250 complexum
900 3178 1056 3238 formarum
1074 3192 1125 3236 seu
1138 3176 1179 3235 le·

133 3277 215 3337 gum,
232 3262 336 3336 quibus
350 3260 482 3336 cogitatio
495 3261 612 3335 regitur,
629 3261 846 3334 concipiendam
856 3261 959 3335 voluit,
976 3263 1025 3321 sed
1039 3267 1072 3322 ut
1081 3260 1178 3321 activi·

133 3354 220 3408 tatem
233 3347 349 3407 omuino
364 3347 493 3422 liberam,
509 3362 584 3422 quae
599 3346 841 3406 sedetermioaret
853 3347 958 3406 virtute
972 3362 1024 3406 sua
1041 3351 1071 3406 st
1085 3361 1115 3406 se
1125 3346 1172 3406 de'
1226 3353 1228 3358 ’
1249 3350 1252 3357 ’

134 3433 312 3493 terminando
326 3431 437 3492 obiecta
454 3430 586 3508 propriae
596 3431 765 3507 cognitionis
781 3431 937 3506 effingeret.
948 3431 1047 3490 Hiuca
1061 3431 1174 3490 licutin-

134 3519 179 3578 nis
192 3517 341 3594 principiis
362 3533 482 3578 exorsus
504 3518 568 3577 iure
581 3519 618 3576 ad
632 3517 707 3577 banc
722 3515 877 3580 idatiouem
892 3515 1017 3590 devenit,
1034 3521 1066 3574 ut
1084 3515 1177 3575 solum

139 3602 298 3663 sibiectum
307 3603 435 3677 cogitans
447 3603 588 3662 abstracte
598 3607 745 3676 sumptum
754 3599 925 3676 (l'lopuro)
937 3605 1049 3660 exstare
1058 3599 1173 3676 diceret,

121 3802 161 3924 'P
182 3799 195 3847 l
211 3804 245 3849 ba
259 3804 392 3865 Prtsdpiis
407 3804 553 3863 Cognitionis
566 3800 963 3865 remunerationum
977 3802 1040 3854 iulsc
1054 3803 1142 3864 mlum
1155 3803 1177 3850 ct

160 3877 301 4004 mico
315 3957 423 4008 diatim
434 3957 522 4007 Perae.
