2767 4492
566 383 699 432 marnae

123 475 148 534 et
166 471 295 534 libertate
317 469 526 534 tndnerontiae
547 469 679 532 donator.
701 470 970 534 determinationem
992 471 1080 548 igiter
1098 367 1158 534 ozri

3 617 13 636 ‚1
123 558 265 634 physicam
287 557 337 618 sed
360 556 498 619 moralem
520 557 656 632 postulem
677 557 815 617 nimimm
834 574 872 618 ex
889 559 951 633 lege
966 565 1066 629 ortam,
1082 574 1157 632 onae

122 643 242 704 inbcndo
256 647 285 702 et
298 643 419 702 retonde
432 643 512 704 iilam
528 642 564 702 ed
579 648 789 716 congruentem
806 643 1000 718 operationem
1018 644 1156 718 adducat,

20 787 21 792 ,
123 743 139 788 a
151 727 327 802 discrepante
336 729 470 788 retrabat.
483 729 516 787 dt
530 743 597 788 raro
608 742 674 788 cnm
688 726 828 788 eiusmodi
842 727 1039 788 determinatio
1049 728 1086 786 ab
1096 728 1159 802 ipsa

123 819 221 872 natura
235 811 387 872 voluntatis
408 813 586 888 requiratnr3
608 812 686 872 insen
702 812 747 872 rei
759 811 978 888 prohibitiones,
992 827 1065 886 pune
1079 812 1159 871 ittam

123 897 246 971 gignant,
263 897 294 956 in
306 912 341 956 ea
356 897 489 958 inanitate
502 896 622 972 reperiri
636 897 758 971 debent,
781 911 868 971 qnam
882 897 1012 956 roloniae
1025 894 1160 954 naturali·

123 987 163 1042 ter
176 983 206 1042 in
221 981 364 1056 opemndo
379 981 517 1057 seqnitur,
533 981 617 1042 atoni
628 983 721 1058 qooed
730 981 914 1042 mentonem
927 979 1086 1041 subiicitur.
1101 981 1160 1040 Hoo

124 1073 215 1128 antem
230 1068 358 1128 eteorum
372 1074 402 1128 et
415 1081 521 1128 munus
535 1066 650 1126 nonnisi
665 1067 784 1127 rationis
803 1067 950 1142 proprium
968 1072 1019 1126 eet.
1043 1065 1114 1140 Ergo
1128 1065 1159 1124 in

123 1153 238 1228 ratione,
256 1159 339 1227 prnnt
352 1153 488 1212 directrin
502 1159 545 1212 eet
558 1151 721 1223 voluntatis,
737 1152 860 1212 inveniri
869 1151 976 1212 debent
988 1149 1160 1226 praeceptio

122 1253 172 1297 nes
190 1239 331 1312 quaedem
349 1243 434 1312 atque
452 1238 545 1310 iussa,
567 1237 671 1312 ortibus
689 1235 821 1295 voluntas
834 1237 871 1296 ad
888 1237 997 1296 honmn
1014 1233 1161 1295 moraliter

123 1321 261 1394 obligetur
269 1329 298 1382 et
311 1322 523 1396 determinetur,
536 1321 653 1396 physica
663 1321 793 1380 libertate
806 1327 886 1381 sarta
897 1326 1026 1396 tectaque
1043 1335 1161 1380 manen·

123 1410 158 1466 to.
174 1405 257 1480 tttqni
268 1405 298 1466 id
305 1406 382 1466 eliud
392 1421 450 1466 non
460 1413 504 1466 eet
515 1406 685 1482 quidquam,
697 1405 755 1466 nisi
765 1405 858 1480 legem
866 1406 1025 1466 naturalem
1035 1404 1161 1465 adstrue·

123 1504 161 1550 re.
178 1490 249 1564 ergo
264 1491 312 1550 lex
326 1491 464 1552 naturalis
478 1492 509 1552 in
523 1490 640 1552 homine
653 1490 760 1552 exietm
769 1505 886 1550 necesse
900 1495 953 1550 est.

156 1573 307 1636 Probatur
325 1577 409 1636 tertio
430 1593 473 1636 em-
486 1585 623 1653 ooooepto
642 1575 762 1636 diviono
775 1576 940 1636 emacitatis
954 1575 1161 1652 etcopientina

119 1659 262 1722 Sanctitas
276 1661 374 1722 divina
387 1659 512 1737 postulat
526 1668 558 1722 ut
572 1663 646 1722 Daue
660 1676 719 1720 non
742 1661 836 1721 eninm
859 1660 986 1720 divinem
1006 1661 1164 1722 bonitatem

123 1743 153 1802 in
168 1759 198 1803 se
213 1745 368 1819 adaequate
383 1745 483 1821 diligat
496 1761 593 1806 amore
607 1745 720 1808 intinito
734 1750 765 1806 et
778 1746 950 1813 necessario,
961 1761 1062 1805 verum
1077 1747 1165 1806 etiam

123 1833 155 1886 nt
175 1828 305 1890 ordinem
327 1845 345 1890 a
366 1830 464 1891 divine
482 1831 622 1905 sapientia
642 1831 782 1892 dictatum
804 1835 882 1890 amet
903 1830 1076 1906 ubicumque
1090 1830 1164 1890 relu·
1265 1832 1269 1841 ⁴

123 1919 193 1986 caat,
213 1921 298 1989 omne
313 1929 330 1974 a
345 1917 447 1975 certeris
459 1915 572 1978 entibus
591 1916 708 1976 divinae
720 1915 852 1990 potestati
867 1915 1002 1976 subiectis
1020 1921 1163 1976 serratum

123 1997 198 2070 velit,
216 2003 300 2072 prout
313 1999 489 2074 singulorum
503 2005 605 2060 nature
617 2001 680 2060 tert.
697 2000 729 2062 ld
750 2015 818 2060 vero
832 2007 963 2075 respectu
981 2005 1100 2060 naturae
1118 2015 1164 2060 ra·

124 2082 236 2142 donatia
253 2088 283 2143 et
296 2081 402 2150 liberae
425 2101 484 2148 non
498 2086 579 2145 aliter
595 2085 671 2146 eitioi
685 2089 791 2160 potest,
813 2085 871 2146 nisi
894 2085 1115 2162 praescriptione
1135 2090 1165 2147 et

123 2165 195 2241 lege,
212 2183 269 2241 qua
283 2164 391 2228 ordinis
404 2169 491 2228 huius
505 2169 685 2229 observantia
700 2170 841 2230 iubeatur.

159 2252 296 2324 itemque,
312 2250 405 2310 bonne
419 2257 448 2312 et
462 2253 575 2327 sapiens
590 2254 765 2328 gubernator
778 2260 895 2314 natnrae
910 2272 979 2316 enac
994 2271 1078 2315 curae
1089 2271 1164 2316 com-

124 2334 228 2394 missas
243 2335 279 2393 ad
294 2335 423 2396 debitum
442 2339 530 2396 tinem
544 2339 667 2413 dirigite
687 2345 717 2400 et
729 2355 897 2415 promovere
920 2341 1012 2399 debet.
1034 2342 1064 2400 ld
1077 2341 1164 2415 igitur

124 2419 199 2479 Dens
217 2425 351 2494 praeerat,
371 2423 550 2497 potissimum
575 2430 706 2498 respectu
732 2424 857 2484 hominis
882 2425 931 2499 qni
952 2425 1164 2484 nobilissimum

124 2519 195 2578 opns
210 2505 360 2566 creationis
369 2513 420 2568 eet.
437 2509 470 2568 dt
485 2520 551 2568 oum
565 2509 650 2570 homo
664 2509 738 2570 liber
752 2511 800 2584 eit,
818 2525 877 2569 non
893 2509 949 2568 alia
962 2509 1072 2568 ratione
1085 2508 1117 2567 in
1130 2507 1165 2567 ti-

124 2605 193 2650 nem
209 2595 236 2649 et
250 2591 353 2666 media,
371 2593 525 2668 quaeiilnc
543 2594 658 2668 ducant,
674 2594 789 2656 incitari
806 2598 907 2669 potest,
924 2593 981 2652 nisi
998 2591 1070 2664 lege,
1093 2607 1166 2665 qnae

123 2673 248 2734 iubendo
264 2681 293 2736 et
305 2678 426 2736 vetando
436 2679 537 2738 morali
548 2677 717 2740 necessitate
731 2680 826 2754 ipsum
840 2678 1006 2751 adstringat.
1018 2676 1089 2749 Ergo
1104 2680 1159 2734 etc.

160 2761 217 2821 Nec
231 2761 309 2822 dicae
331 2763 367 2822 ad
382 2764 555 2824 voluntatem
579 2765 609 2824 in
631 2764 780 2838 pmprium
800 2763 943 2822 obiectum
965 2759 1164 2819 inclinandum

125 2845 258 2903 sniticcre
276 2843 383 2904 iudicia
397 2847 526 2920 rationis,
546 2847 650 2920 numne
665 2845 817 2906 honestum
831 2850 860 2904 et
877 2843 972 2902 debito
987 2841 1079 2902 ordini
1098 2858 1164 2903 con·

123 2926 244 2986 veniens
259 2943 276 2984 a
292 2929 366 3000 tnrpi
382 2935 410 2986 et
424 2935 543 2988 naturae
567 2931 709 2988 contrario
724 2929 929 3003 distinguatur3
945 2927 1014 3003 quin
1034 2943 1106 3002 opos
1127 2927 1165 2988 eit

123 3021 158 3072 ut
168 3009 307 3072 eiusmodi
321 3010 428 3070 iudicia
441 3013 580 3072 rationem
595 3013 666 3086 logie
675 3009 805 3086 induent,
817 3027 851 3072 ac
861 3012 980 3087 pminde
994 3012 1166 3073 obiiciantur

125 3100 274 3170 tamquam
288 3095 366 3156 iussa
380 3095 493 3156 divinae
508 3095 659 3156 voluntatis
669 3095 717 3156 cui
732 3096 927 3171 obtemperare
942 3097 1026 3157 homo
1040 3099 1070 3158 ti
1084 3104 1166 3156 natu·

123 3196 176 3242 rao
192 3186 331 3240 teneatur.
347 3179 418 3242 Nam
432 3179 462 3240 in
477 3179 578 3256 primis
588 3179 613 3242 ei
627 3181 668 3240 ita
682 3188 767 3255 esset,
779 3182 851 3242 ratio
865 3183 1060 3257 providentiae
1069 3181 1100 3242 in
1110 3178 1166 3241 [teo

124 3281 184 3326 noo
200 3265 456 3340 eodeeervaretnr3
473 3265 613 3342 siquidem
628 3267 741 3342 concipi
751 3267 852 3342 nequit
860 3272 955 3327 rcctns
973 3269 1003 3326 et
1015 3265 1107 3326 bonna
1116 3280 1168 3341 gn·

124 3351 271 3424 domator,
292 3350 363 3425 qmn
380 3349 467 3410 simul
486 3350 660 3428 concipietur
674 3351 747 3412 velle
766 3357 795 3412 et
812 3352 980 3420 iuberem,
1001 3367 1075 3428 quae
1098 3352 1167 3412 ordo

124 3435 329 3512 praecipienda
339 3451 401 3496 esse
415 3435 511 3510 dictat,
528 3452 561 3498 ac
574 3437 649 3496 nolle
659 3443 688 3497 et
702 3441 798 3498 vetare
813 3437 963 3497 contraria.
975 3435 1081 3497 oeinee
1095 3437 1167 3498 ratio

125 3539 180 3598 per
190 3521 306 3594 iudicia,
317 3520 506 3582 moralitatem
521 3521 639 3583 actionis
654 3527 763 3584 tentum
779 3521 943 3598 operientia¹
959 3539 1021 3582 non
1035 3521 1113 3581 alind
1125 3523 1164 3581 ia-

125 3614 216 3681 ceret,
236 3605 292 3665 nisi
307 3607 382 3682 qnod
396 3604 539 3666 obiectum
562 3607 701 3666 volontati
724 3610 901 3682 proponeret.
919 3606 1066 3666 Obiectum
1087 3606 1166 3666 enim

125 3695 284 3754 voluntatis
298 3694 446 3770 proprium
461 3699 504 3756 est
517 3693 625 3755 bonnm
640 3699 668 3753 et
681 3693 792 3755 malum
805 3707 863 3752 non
877 3692 1028 3768 physicum
1042 3693 1092 3754 sed
1106 3709 1165 3753 mo-

125 3777 204 3851 rale3
213 3777 289 3838 circa
303 3775 378 3854 quod
393 3776 455 3840 eine
470 3782 550 3838 notus
564 3775 675 3838 liberio
689 3775 746 3838 hac
758 3777 816 3836 rita
827 3782 964 3838 versatur.
980 3776 1072 3853 titoni,
1083 3778 1166 3838 ntdi·

1 3926 6 3934 ,
126 3863 238 3936 ximus,
254 3879 384 3940 quaeque
399 3864 519 3926 facultas
534 3863 768 3924 determinatione
782 3868 845 3938 eget
859 3862 936 3924 circa
952 3861 1093 3924 obiectum
1108 3861 1165 3924 sihi

127 3947 315 4026 respondens.
328 3949 399 4030 Ergo
414 3954 446 4014 ut
459 3949 588 4016 voluntas
601 3949 637 4012 ad
646 3949 754 4013 bonum
764 3945 820 4010 eibi
831 3948 978 4031 proprium
992 3949 1169 4028 amplecten-
