2767 4492
232 341 267 405 ‘28
562 343 954 397 nararmsrcsrrsrrcmsrs

265 442 376 504 Hadru
392 439 433 500 hd
446 440 523 499 huuc
536 437 611 512 quod
626 436 742 505 attinet,
760 439 871 507 praeter
885 447 1051 494 communes
1066 434 1279 500 'sermendau-

232 528 333 588 talium
347 522 573 602 pantheislarum
587 520 724 591 insanias,
736 518 807 576 haec
822 517 851 577 lo
864 518 924 592 ipso
937 519 1092 592 separatim
1106 523 1280 596 reprehendi

127 643 131 652 ·
230 619 359 688 possunt.
381 610 525 681 Primum,
543 607 617 682 quod
629 605 759 663 ordinem
774 603 894 661 idealem
910 615 977 662 cum
991 605 1061 662 reali
1082 607 1277 668 commisceat.

231 698 358 770 Deinde,
375 695 451 771 quod
466 692 588 766 logicam
609 691 831 749 abstractionem
846 688 941 762 ideae,
958 689 1074 748 remotis
1095 690 1231 766 obiectio,
1248 694 1281 753 in

230 783 390 842 realitatem
406 781 587 849 transmutet3
604 789 678 850 quae
692 773 823 848 quidem,
840 774 1005 832 avocatione
1023 776 1127 834 mentis
1142 791 1159 834 a
1177 777 1279 847 rebus,

232 866 351 942 comari
365 869 467 940 potest,
478 868 508 921 at
520 860 624 932 reipsa
638 865 752 917 exstare
767 873 825 916 non
840 863 940 932 potest.
957 858 1022 917 ldea
1032 858 1119 933 enim,
1132 875 1205 936 quae
1215 863 1280 922 nul-

205 954 208 959 ’
232 953 288 1012 lius
306 951 349 1010 rei
363 947 510 1022 conceptio
524 946 574 1019 sit,
591 945 760 1018 figmentum
775 949 818 1001 est
836 957 975 1017 suamque
988 942 1052 1016 ipsa
1069 943 1174 1003 deserit
1187 949 1279 1007 notio-

225 1040 308 1097 nem.
323 1035 460 1109 Denique,
472 1029 547 1108 quod
562 1030 664 1089 exhac
679 1028 755 1101 idad,
768 1043 840 1103 quae
856 1027 945 1101 logica
955 1033 1064 1086 tantum
1080 1036 1133 1104 est,
1145 1038 1280 1091 naturam

231 1137 345 1184 omnem
361 1119 546 1181 evolvendam
561 1115 637 1188 velit,
655 1121 740 1190 atque
755 1115 785 1172 in
804 1113 913 1172 eutium
928 1113 1073 1172 finitorum
1095 1117 1277 1176 transforma·

167 1212 171 1221 '
231 1209 307 1268 hone
322 1220 484 1303 supremam
499 1217 596 1262 rerum
611 1215 742 1274 causam,
759 1214 862 1272 nempe
877 1199 982 1272 Deum,
998 1215 1056 1259 non
1073 1201 1170 1261 minus
1183 1203 1281 1280 inepte

232 1308 319 1388 quam
333 1289 556 1365 impiecollocet.
574 1286 666 1355 Quare
680 1285 829 1345 decrestis
842 1284 1002 1343 increatum
1017 1287 1166 1402 exsctdpit‚
1167 1295 1281 1420 elger-

232 1376 430 1436 manissimum
445 1373 563 1432 exhibet
577 1371 792 1456 atheismum.
766 1373 778 1418 ⁴

266 1463 397 1521 monus.
413 1459 546 1519 Rationes
559 1471 672 1530 omues,
689 1471 761 1531 quas
774 1456 883 1514 dhrens
896 1469 948 1530 pro
963 1457 1141 1554 pantheismo
1155 1459 1278 1534 profert,

230 1547 288 1606 huc
303 1547 419 1605 andem
431 1542 530 1601 reduci
545 1541 686 1600 videntur.
704 1540 848 1609 Primum,
865 1541 940 1614 quod
953 1541 1026 1600 Deus
1041 1543 1138 1601 omnia
1156 1545 1280 1618 comple-

231 1637 333 1703 ctatur,
350 1635 435 1703 atque
449 1628 513 1685 ideo
527 1626 628 1684 mundi
642 1626 729 1684 etiarn
744 1625 867 1683 essentia
877 1640 910 1683 eo
922 1625 1023 1683 debeat
1037 1627 1185 1685 contineri.
1196 1627 1281 1686 Dein-

231 1719 285 1789 de*¹
302 1715 378 1790 quod
391 1712 491 1772 mundi
505 1711 657 1770 existentia
670 1711 707 1769 ah
722 1709 850 1769 eiusdem
865 1711 987 1768 essentia
1002 1726 1060 1769 non
1079 1711 1210 1785 diderat,
1227 1713 1281 1772 sed

231 1802 323 1876 ipsius
339 1797 425 1857 veluti
438 1795 562 1855 evolutio
575 1795 716 1870 quaedam
731 1795 777 1856 sit.
795 1795 886 1864 Quare
895 1795 919 1853 sl
932 1795 1069 1869 posterior
1079 1797 1108 1854 in
1122 1796 1178 1856 ileo
1188 1803 1280 1856 aetor-

232 1903 272 1945 na
284 1885 348 1958 luit,
364 1881 493 1957 superior
502 1880 533 1940 in
545 1886 671 1957 tempore
681 1881 796 1941 condita
810 1897 872 1940 esse
884 1887 913 1940 et
923 1897 940 1941 a
950 1881 1006 1942 Deo
1020 1882 1211 1942 discriminari
1220 1899 1280 1943 non

270 1975 334 2030 test.
371 1977 376 1986 '

217 1987 303 2114 ‘poll
315 2056 387 2114 haee
395 2057 576 2130 praepostero
586 2052 739 2112 verborum
751 2067 837 2111 sensu
848 2058 877 2112 et
887 2053 1053 2113 eonhrsionc
1064 2054 1193 2114 nituntru
1201 2055 1279 2114 idea-

184 2142 187 2147 “
232 2157 308 2200 rum.
324 2141 394 2214 llam
408 2139 483 2198 Deus
495 2154 554 2197 uon
567 2139 685 2212 perinde
705 2137 802 2197 omnia
816 2137 1012 2212 complectitur
1024 2185 1031 2213 ,
1049 2140 1131 2214 quasi
1145 2156 1162 2200 a
1175 2140 1280 2200 creatis

231 2225 319 2285 rebus
333 2224 483 2283 distinctus
496 2238 555 2282 non
569 2223 615 2298 sit,
631 2237 787 2298 earumque
802 2223 943 2281 conditam
954 2229 982 2283 et
996 2223 1136 2284 limitihus
1147 2225 1279 2285 allectam

125 2346 127 2349 -
233 2310 393 2369 realitatem
408 2325 426 2367 a
439 2325 470 2368 se
483 2323 541 2368 non
556 2314 681 2382 respuat.
704 2308 757 2366 Sed
772 2308 813 2367 sic
833 2309 929 2367 omnia
948 2309 1161 2384 complectitur,
1179 2317 1279 2385 quate-

231 2409 287 2454 nus
297 2394 410 2453 infinita
423 2393 791 2467 et‘simplicissimaconstat
801 2391 943 2465 realitate3
960 2399 1044 2467 atque
1059 2393 1122 2453 ideo
1133 2395 1205 2454 nihil
1214 2409 1279 2469 per-

232 2481 364 2541 fectionis
377 2479 532 2553 absolutae,
544 2481 623 2538 omni
632 2481 758 2539 detracto
767 2479 858 2537 limite
869 2485 897 2538 et
907 2480 1028 2547 delectu,
1036 2479 1155 2556 intelligi
1165 2481 1277 2554 debeat,

234 2567 309 2640 quod
323 2566 389 2625 inde
404 2564 488 2624 absit.
504 2565 632 2624 Essentia
646 2569 742 2623 summ
756 2579 853 2623 rerum
869 2571 1030 2624 creatarum
1045 2567 1074 2624 in
1090 2565 1146 2625 lleo
1161 2572 1203 2625 est
1216 2582 1277 2625 uon

233 2656 380 2725 tamquam
394 2651 424 2708 in
438 2650 574 2723 subiecto,
592 2649 674 2708 cuius
687 2650 726 2708 sit
743 2665 809 2724 pars
823 2650 1001 2724 ammador,
1019 2651 1066 2710 sed
1084 2657 1230 2726 tamquam
1245 2651 1279 2710 in

232 2735 391 2810 exemplari
404 2739 433 2793 et
445 2749 541 2794 causa.
558 2735 590 2793 in
605 2734 762 2809 exemplari
777 2735 907 2809 quidem,
923 2736 1051 2809 quiores
1065 2741 1193 2808 creatae,
1210 2735 1281 2796 licet

232 2820 429 2896 imperfectam
437 2825 467 2878 et
479 2819 601 2893 linitam,
612 2818 802 2880 imitationem
820 2826 913 2878 tamen
929 2819 1053 2895 aliquam
1064 2821 1201 2880 exhibent
1215 2835 1281 2894 per-

231 2905 388 2964 fectionum
402 2903 578 2977 divinarum,
593 2909 677 2977 provrt
690 2903 721 2963 in
735 2904 877 2978 ontologla
892 2905 1066 2965 declaratum
1080 2913 1131 2966 est.
1144 2907 1175 2967 ln
1189 2921 1282 2967 causa

231 3005 310 3057 vero,
326 2989 395 3064 quia
409 2989 482 3048 nihil
496 2989 630 3048 honitatis
645 2996 688 3049 est
700 2990 732 3048 in
745 2990 841 3070 rehus¹
858 2991 933 3066 quod
948 3007 965 3048 a
981 2990 1029 3050 llei
1046 2991 1147 3051 virtute
1163 2997 1191 3052 et
1211 3007 1280 3066 ope

231 3073 342 3132 radone
349 3088 408 3132 non
421 3073 625 3148 proficiscatur.
640 3074 715 3134 ilaus
728 3075 806 3135 enim
816 3091 983 3150 supremum
994 3076 1168 3152 principium
1178 3083 1222 3137 est
1235 3083 1279 3138 to

232 3159 289 3217 tius
302 3156 450 3225 realitatis
461 3173 495 3216 ac
508 3158 537 3216 vi
551 3160 758 3234 potentissima,
769 3177 826 3234 qua
835 3160 932 3236 pollet,
944 3161 981 3221 ad
996 3161 1093 3221 omnia
1103 3179 1133 3222 se
1144 3163 1276 3239 porrigit,

229 3257 335 3301 vocans
348 3257 473 3315 eaquae
486 3257 547 3302 aaa
563 3251 633 3303 ruat
648 3252 806 3320 marquart
820 3261 857 3304 aa
869 3261 947 3320 quae
959 3253 1038 3304 svart.

275 3471 286 3515 l
307 3468 366 3517 lisso
385 3468 487 3516 atheismi
506 3474 558 3517 nots
574 3485 619 3517 non
635 3471 744 3518 immerito
764 3473 893 3537 psathaistis
914 3475 1023 3524 universis
1044 3475 1281 3524 luothariorum

228 3545 351 3592 andiendus
366 3550 400 3592 est
414 3545 470 3592 Bsro
485 3545 513 3592 de
527 3547 613 3594 Peucen
630 3546 702 3608 (Ils'sl.
714 3549 742 3595 de
753 3551 777 3596 la
786 3553 870 3610 philos.
888 3552 970 3598 Altera.
989 3547 1071 3614 depuis
1086 3555 1166 3600 Laida.
1179 3554 1282 3613 jusqu'o

229 3623 300 3680 Elpei
314 3625 331 3667 l.
350 3619 500 3683 alquinus
517 3622 569 3668 ilem
588 3623 714 3687 existimat,
732 3625 770 3672 sod
786 3641 823 3672 eos
836 3629 965 3674 acatmisms'
985 3629 1057 3691 patius
1077 3645 1123 3676 essa
1144 3629 1281 3676 accusandos

226 3700 308 3758 puls13
325 3697 387 3757 qussi
404 3711 455 3744 vcro
471 3699 666 3747 hominumiras
682 3706 765 3748 cresus
784 3701 940 3765 interpretari,
958 3719 1002 3750 non
1022 3705 1080 3752 idem
1100 3705 1190 3752 omnino
1206 3705 1235 3751 sil
1253 3722 1281 3752 sc

227 3771 299 3817 Deum
316 3769 344 3817 ds
357 3771 430 3819 madio
446 3773 534 3836 pallere.
547 3775 588 3821 Sed
606 3775 675 3822 Mons
691 3775 728 3822 hic
743 3776 916 3840 psulhcistsrum
931 3779 1032 3827 defensor
1048 3787 1162 3844 propter-cs
1177 3779 1280 3828 fortassis

228 3846 529 3910 idsssaruit,quis1leum
549 3850 667 3898 delinivit:
685 3855 831 3914 complessem
849 3857 940 3902 viriam
959 3859 1087 3905 activitatis
1106 3873 1133 3905 ac
1152 3860 1282 3906 notionum

226 3924 407 3980 ohtradum,
423 3927 507 3983 quitos
520 3926 551 3975 ad
564 3929 679 3977 maedam
692 3929 840 3990 naaman
855 3945 951 3992 mentm.

830 4181 838 4208 h
