2767 4492
549 320 777 370 tlaraamstoatt
792 321 938 368 spectatis

628 493 807 552 Pnoeosmto
822 493 855 552 ll.

377 661 420 720 Ad
433 660 637 735 [1111111111
650 669 767 736 spectat,
784 662 966 724 1111111111
982 669 1107 737 11111111

640 746 775 804 conditos
786 753 836 806 est.

248 914 294 974 ⁴21.
314 913 392 974 Dicet
406 916 524 976 tortasse
538 916 696 992 quispiam,
707 917 766 1002 ⁸etsi
780 917 935 978 necessitas
955 922 1086 977 aeternae
1100 915 1266 992 pmductio·

214 1001 260 1060 nis
274 1003 381 1060 mundo
396 1018 461 1086 non,
470 1010 629 1076 competat,
657 1009 773 1076 1111111,
790 1003 826 1062 ad
842 1004 949 1062 iactum
964 1004 1039 1080 quod
1059 1004 1199 1080 pertinet,
1220 1019 1268 1063 ae·

216 1091 312 1144 ternus
328 1086 381 1144 iuit
401 1095 514 1161 propter
534 1088 652 1146 liberam
672 1087 789 1160 Opihcis
805 1088 996 1162 voluntatem,
1020 1089 1067 1147 cni
1090 1087 1167 1146 nullo
1182 1089 1266 1146 initio

213 1170 391 1229 durationem
407 1172 468 1230 eius
483 1172 668 1246 adstringere,
684 1173 737 1230 sed
754 1174 900 1232 immetato
919 1173 1073 1232 intervallo
1088 1173 1193 1233 donare
1208 1173 1267 1246 pla·

212 1255 281 1319 cuit.
297 1256 401 1313 Verum
417 1271 452 1314 ne
466 1256 494 1313 id
511 1256 628 1330 quidem
643 1263 834 1330 congruenter
849 1257 957 1315 adstrui
976 1263 1077 1335 potest.
1095 1257 1205 1317 Etenim
1225 1256 1266 1316 la·

212 1347 291 1398 ctum
305 1340 459 1415 quodpiam
474 1341 557 1400 uobis
572 1342 738 1400 immediate
753 1357 812 1398 non
829 1356 963 1414 praesens
978 1342 1029 1414 sed
1044 1350 1199 1414 autequam
1214 1356 1266 1400 nos

211 1439 396 1484 nasceremur
410 1424 557 1499 elapsum,
584 1423 678 1498 colligi
693 1425 808 1483 aliunde
824 1425 942 1500 nequit,
969 1425 1025 1484 uisi
1052 1442 1088 1484 ex
1104 1431 1267 1486 ceterorum

211 1508 369 1583 hominum,
387 1507 436 1582 qui
450 1508 607 1582 antegressi
621 1514 708 1582 sunt,
725 1507 897 1582 testimonio,
915 1509 960 1568 uel
975 1525 1010 1568 etr
1027 1509 1261 1583 characteribus,

210 1609 281 1666 quos
298 1594 452 1666 praesefert
465 1593 610 1652 obiectum
622 1595 727 1667 ipsum.
746 1594 810 1651 lam
826 1609 892 1652 vero
908 1593 968 1652 sive
984 1593 1179 1652 testimonium
1194 1592 1266 1652 anti·

114 1751 117 1754 ,
165 1703 167 1705 >
210 1678 335 1752 quitatis.
348 1678 408 1736 sire
420 1678 519 1736 mundi
533 1685 615 1737 notas
624 1678 819 1752 consulamus,
837 1684 959 1752 utraque
974 1677 1046 1736 nihil
1062 1678 1154 1752 magis
1168 1684 1263 1738 tatum

210 1777 244 1820 ac
260 1763 376 1820 hrmum
390 1762 535 1833 exhibent,
549 1778 635 1836 quam
645 1762 749 1820 muudi
765 1778 822 1820 nou
833 1768 978 1822 aeternam
990 1764 1039 1821 sed
1050 1772 1264 1836 temporaneam

211 1847 437 1921 pmductionem.
455 1847 525 1920 Ergo
545 1849 582 1905 ad
596 1848 706 1906 factum
722 1847 797 1921 quod
812 1848 935 1920 attinet,
953 1848 1078 1906 mundus
1093 1863 1192 1921 reapse
1207 1861 1265 1906 non

212 1946 250 1989 111
265 1931 431 1990 aeternitate
447 1932 578 1991 conditus
596 1938 648 2005 est,
670 1933 719 1990 sed
736 1937 879 1990 recentem
894 1931 981 1991 habet
994 1933 1160 1992 novitatem.

247 2015 281 2073 Et
301 2031 370 2074 sane
389 2017 425 2074 ad
445 2017 592 2076 historiam
611 2017 849 2090 traditionemque
869 2017 945 2090 quod
967 2021 1093 2091 spectat,
1111 2016 1142 2074 in
1164 2015 1265 2090 primis

212 2101 319 2176 Moyses
335 2102 394 2175 (qui
409 2118 468 2160 nou
483 2103 567 2160 modo
583 2107 615 2160 ut
629 2102 751 2174 scriptor
766 2102 888 2172 aillatus,
905 2102 955 2160 sed
970 2102 1057 2160 etiam
1073 2108 1105 2160 ut
1118 2117 1197 2160 mere
1212 2103 1264 2160 hu·

212 2196 315 2241 manus
330 2181 500 2255 historicus,
524 2181 602 2240 omni
625 2188 669 2240 est
685 2183 741 2240 srde
757 2182 942 2254 dignissimus
960 2183 1094 2256 omnique
1108 2183 1200 2240 maior
1215 2198 1265 2240 111-

213 2269 342 2341 ceptione
361 2270 369 2314 t
385 2268 393 2340 )
409 2266 508 2325 muudi
530 2267 703 2324 creationem
723 2266 804 2325 initio
829 2267 962 2342 temporis
982 2272 1126 2340 peractam
1151 2271 1265 2325 enarrat

213 2359 401 2426 accurateque
416 2351 560 2410 describit.
588 2351 670 2409 Porro
685 2352 716 2409 in
731 2351 821 2424 ipsius
837 2350 1128 2422 commendationem,
1153 2356 1265 2424 praeter

211 2452 311 2495 omues
325 2438 405 2495 dotes
415 2435 541 2495 historici
551 2436 737 2508 veracissimi,
754 2436 824 2494 illud
834 2437 978 2495 concurrit
993 2436 1136 2508 singulare
1146 2435 1263 2496 omnino

212 2536 246 2578 11
261 2521 456 2594 praeclarum,
480 2521 555 2594 quod
575 2535 675 2578 omues
689 2521 823 2593 profanos
837 2520 986 2579 historicos
1001 2520 1167 2594 antiquitate
1187 2526 1265 2580 ante

210 2604 303 2675 cellat,
321 2613 405 2678 atque
420 2617 454 2663 eo
468 2605 598 2663 floruerit
613 2612 749 2676 tempore,
768 2621 840 2680 quo,
858 2621 914 2664 nou
930 2606 1028 2664 multis
1043 2604 1198 2663 interiectis
1214 2606 1263 2663 ho·

210 2687 356 2760 minibus,
377 2689 552 2762 primitivam
577 2681 758 2746 traditionem
779 2691 855 2748 circa
878 2691 979 2750 muudi
1002 2689 1152 2748 exordium
1177 2689 1262 2749 lacile

208 2771 324 2830 haurire
334 2773 465 2846 potuerit.
484 2773 594 2831 Etenim
609 2789 665 2846 qno
676 2780 802 2846 tempore
818 2779 969 2842 natusest,
987 2775 1081 2832 adhuc
1096 2774 1262 2846 superstites

210 2873 272 2916 esse
288 2864 417 2931 poteraut
431 2858 479 2932 qui
495 2857 630 2916 Iacobum
645 2858 839 2916 patriarcham
854 2859 1001 2916 videraut:
1018 2858 1099 2917 Iacob
1115 2863 1209 2915 autent
1220 2856 1263 2916 vi·

209 2949 293 3000 vente
308 2942 466 3000 hbrahamo
482 2942 576 3000 lucem
590 2941 698 3017 attigit3
720 2942 896 3002 hbraltamus
912 2957 979 3000 vero
994 2941 1071 3016 loqui
1086 2941 1176 3016 potuit
1195 2955 1263 3000 cum

210 3025 275 3083 Sem
294 3025 353 3083 filio
367 3027 433 3098 Noe,
450 3027 506 3084 Noe
521 3027 647 3100 denique
664 3041 730 3084 curn
745 3027 910 3086 llutusalem
924 3025 1023 3086 hdami
1039 3041 1152 3084 coaevo.

248 3110 321 3168 Huic
335 3124 464 3169 summae
479 3112 546 3169 fidei
563 3111 722 3170 testimonio
737 3127 775 3168 111
790 3111 908 3170 historia
923 3110 1081 3184 desumpto,
1102 3125 1176 3184 quae
1190 3114 1262 3168 cote

211 3210 259 3254 ras
273 3209 373 3252 omnes
388 3194 520 3254 historias
535 3197 702 3254 auctoritate
718 3201 847 3271 superat,
865 3195 974 3254 accedit
988 3210 1144 3254 consensus
1158 3193 1261 3254 unani-

209 3280 265 3338 mis
279 3279 409 3339 omnium
425 3280 591 3354 populorum
615 3279 759 3352 totiusque
773 3279 969 3354 antiquitatis,
997 3279 1078 3338 cuius
1100 3279 1261 3339 testimonie

211 3365 339 3438 congerit
352 3364 517 3438 Eugubinus
533 3365 558 3436 2,
576 3364 692 3438 quaein
712 3365 831 3424 veritate
847 3365 901 3423 bac
921 3364 1093 3424 adstruenda
1107 3363 1179 3423 mire
1194 3378 1262 3422 con-

213 3449 341 3507 veniunt.
354 3449 453 3516 buain
468 3463 498 3506 re
508 3448 578 3505 illud
588 3453 630 3506 est
644 3447 832 3507 admiratione
843 3450 972 3522 dignum,
985 3450 1059 3522 quod
1072 3449 1140 3506 dum
1152 3447 1261 3523 populi,

138 3604 140 3607 Ι
213 3531 368 3605 dequibus
382 3531 622 3604 sermocinamur,
642 3533 723 3591 valde
739 3533 911 3592 dissentiunt
925 3534 1000 3590 inter
1015 3547 1045 3590 11
1062 3537 1157 3588 utrum
1168 3532 1262 3590 serius

255 3741 267 3788 l
286 3742 319 3788 Ile
333 3742 436 3791 historin
451 3745 558 3792 hiosaieuo
574 3746 739 3793 antbmticitats
754 3745 838 3794 consuli
854 3747 946 3808 possunt
960 3743 1057 3808 Celmet,
1078 3741 1186 3808 huetius,
1205 3741 1264 3790 Bos-1

210 3820 267 3880 suet,
284 3817 381 3864 floekitts
396 3820 477 3883 aliique
492 3821 566 3882 magni
584 3823 680 3868 nominis
697 3822 776 3870 critici.

256 3891 432 3956 wemma*
445 3898 596 3960 philosophia
610 3896 627 3946 Ι.
645 3896 670 3962 7,
686 3915 707 3945 c.
725 3899 749 3949 8.
