<?xml version="1.0" encoding="UTF-8"?>
<!DOCTYPE html PUBLIC "-//W3C//DTD XHTML 1.0 Transitional//EN"
    "http://www.w3.org/TR/xhtml1/DTD/xhtml1-transitional.dtd">
<html xmlns="http://www.w3.org/1999/xhtml" xml:lang="en" lang="en">
 <head>
  <title>
</title>
<meta http-equiv="Content-Type" content="text/html;charset=utf-8" />
  <meta name='ocr-system' content='tesseract 3.04.00' />
  <meta name='ocr-capabilities' content='ocr_page ocr_carea ocr_par ocr_line ocrx_word'/>
</head>
<body>
  <div class='ocr_page' id='page_1' title='image "./institutionesph00libegoog_0682.png"; bbox 0 0 2767 4492; ppageno 0'>
   <div class='ocr_carea' id='block_1_1' title="bbox 193 307 799 382">
    <p class='ocr_par' dir='ltr' id='par_1_1' title="bbox 193 307 799 382">
     <span class='ocr_line' id='line_1_1' title="bbox 193 307 799 382; baseline -0.012 -1"><span class='ocrx_word' id='word_1_1' title='bbox 193 307 243 382; x_wconf 78' lang='lat' dir='ltr'>lib</span> <span class='ocrx_word' id='word_1_2' title='bbox 637 321 799 376; x_wconf 76' lang='lat' dir='ltr'>unaucurt</span> 
     </span>
    </p>
   </div>
   <div class='ocr_carea' id='block_1_2' title="bbox 117 404 1250 3292">
    <p class='ocr_par' dir='ltr' id='par_1_2' title="bbox 190 404 1241 661">
     <span class='ocr_line' id='line_1_2' title="bbox 190 404 1240 493; baseline -0.006 -17"><span class='ocrx_word' id='word_1_3' title='bbox 190 433 264 493; x_wconf 92' lang='lat' dir='ltr'>quae</span> <span class='ocrx_word' id='word_1_4' title='bbox 279 415 334 476; x_wconf 89' lang='lat' dir='ltr'>iuri</span> <span class='ocrx_word' id='word_1_5' title='bbox 345 412 693 491; x_wconf 86' lang='lat' dir='ltr'>parentumrespondent,</span> <span class='ocrx_word' id='word_1_6' title='bbox 714 413 845 488; x_wconf 80' lang='lat' dir='ltr'>negativa</span> <span class='ocrx_word' id='word_1_7' title='bbox 861 413 971 472; x_wconf 85' lang='lat' dir='ltr'>lantrun</span> <span class='ocrx_word' id='word_1_8' title='bbox 986 404 1159 486; x_wconf 80' lang='lat' dir='ltr'><strong>obligatione</strong></span> <span class='ocrx_word' id='word_1_9' title='bbox 1173 419 1240 470; x_wconf 88' lang='lat' dir='ltr'>eon·</span> 
     </span>
     <span class='ocr_line' id='line_1_3' title="bbox 191 497 1241 572; baseline -0.007 -9"><span class='ocrx_word' id='word_1_10' title='bbox 191 503 329 562; x_wconf 81' lang='lat' dir='ltr'>ombuntt</span> <span class='ocrx_word' id='word_1_11' title='bbox 348 501 424 559; x_wconf 86' lang='lat' dir='ltr'>ldem</span> <span class='ocrx_word' id='word_1_12' title='bbox 440 499 485 557; x_wconf 89' lang='lat' dir='ltr'>dic</span> <span class='ocrx_word' id='word_1_13' title='bbox 499 499 534 557; x_wconf 92' lang='lat' dir='ltr'>de</span> <span class='ocrx_word' id='word_1_14' title='bbox 553 498 654 557; x_wconf 88' lang='lat' dir='ltr'>olssciis</span> <span class='ocrx_word' id='word_1_15' title='bbox 680 499 859 558; x_wconf 89' lang='lat' dir='ltr'>subditorum</span> <span class='ocrx_word' id='word_1_16' title='bbox 881 513 949 572; x_wconf 82' lang='lat' dir='ltr'>erge</span> <span class='ocrx_word' id='word_1_17' title='bbox 963 497 1132 572; x_wconf 80' lang='lat' dir='ltr'>principem,</span> <span class='ocrx_word' id='word_1_18' title='bbox 1152 501 1241 571; x_wconf 85' lang='lat' dir='ltr'>atque</span> 
     </span>
     <span class='ocr_line' id='line_1_4' title="bbox 191 582 935 661; baseline -0.007 -15"><span class='ocrx_word' id='word_1_19' title='bbox 191 587 332 661; x_wconf 83' lang='lat' dir='ltr'>exemplis</span> <span class='ocrx_word' id='word_1_20' title='bbox 347 585 411 644; x_wconf 89' lang='lat' dir='ltr'>allis</span> <span class='ocrx_word' id='word_1_21' title='bbox 425 582 594 656; x_wconf 87' lang='lat' dir='ltr'>innumeris,</span> <span class='ocrx_word' id='word_1_22' title='bbox 612 599 686 658; x_wconf 88' lang='lat' dir='ltr'>quae</span> <span class='ocrx_word' id='word_1_23' title='bbox 701 584 802 644; x_wconf 84' lang='lat' dir='ltr'>alierri</span> <span class='ocrx_word' id='word_1_24' title='bbox 812 589 935 659; x_wconf 82' lang='lat' dir='ltr'>possent.</span> 
     </span>
    </p>

    <p class='ocr_par' dir='ltr' id='par_1_3' title="bbox 190 664 1250 1083">
     <span class='ocr_line' id='line_1_5' title="bbox 227 664 1250 746; baseline -0.009 -15"><span class='ocrx_word' id='word_1_25' title='bbox 227 671 363 746; x_wconf 80' lang='lat' dir='ltr'>lienique,</span> <span class='ocrx_word' id='word_1_26' title='bbox 380 685 445 729; x_wconf 93' lang='lat' dir='ltr'>cum</span> <span class='ocrx_word' id='word_1_27' title='bbox 462 669 508 728; x_wconf 87' lang='lat' dir='ltr'>ius</span> <span class='ocrx_word' id='word_1_28' title='bbox 523 668 555 727; x_wconf 92' lang='lat' dir='ltr'>in</span> <span class='ocrx_word' id='word_1_29' title='bbox 569 667 653 728; x_wconf 89' lang='lat' dir='ltr'>nobis</span> <span class='ocrx_word' id='word_1_30' title='bbox 668 685 685 728; x_wconf 91' lang='lat' dir='ltr'>a</span> <span class='ocrx_word' id='word_1_31' title='bbox 700 669 762 742; x_wconf 85' lang='lat' dir='ltr'>lege</span> <span class='ocrx_word' id='word_1_32' title='bbox 782 666 932 742; x_wconf 62' lang='lat' dir='ltr'>gigantum</span> <span class='ocrx_word' id='word_1_33' title='bbox 950 667 998 728; x_wconf 73' lang='lat' dir='ltr'>lex</span> <span class='ocrx_word' id='word_1_34' title='bbox 1013 671 1109 727; x_wconf 88' lang='lat' dir='ltr'>autem</span> <span class='ocrx_word' id='word_1_35' title='bbox 1124 664 1186 726; x_wconf 87' lang='lat' dir='ltr'>sine</span> <span class='ocrx_word' id='word_1_36' title='bbox 1201 665 1250 726; x_wconf 77' lang='lat' dir='ltr'>le.</span> 
     </span>
     <span class='ocr_line' id='line_1_6' title="bbox 190 753 1239 833; baseline -0.005 -16"><span class='ocrx_word' id='word_1_37' title='bbox 190 758 321 833; x_wconf 86' lang='lat' dir='ltr'>gislatore</span> <span class='ocrx_word' id='word_1_38' title='bbox 335 755 446 830; x_wconf 81' lang='lat' dir='ltr'>concipi</span> <span class='ocrx_word' id='word_1_39' title='bbox 461 759 600 830; x_wconf 83' lang='lat' dir='ltr'>nequ&#39;eet3</span> <span class='ocrx_word' id='word_1_40' title='bbox 617 755 720 830; x_wconf 90' lang='lat' dir='ltr'>oppido</span> <span class='ocrx_word' id='word_1_41' title='bbox 735 755 831 828; x_wconf 85' lang='lat' dir='ltr'>claret,</span> <span class='ocrx_word' id='word_1_42' title='bbox 849 755 924 829; x_wconf 94' lang='lat' dir='ltr'>quod</span> <span class='ocrx_word' id='word_1_43' title='bbox 937 769 1025 830; x_wconf 88' lang='lat' dir='ltr'>snpra</span> <span class='ocrx_word' id='word_1_44' title='bbox 1039 754 1126 812; x_wconf 89' lang='lat' dir='ltr'>etiam</span> <span class='ocrx_word' id='word_1_45' title='bbox 1140 753 1239 828; x_wconf 90' lang='lat' dir='ltr'>innui,</span> 
     </span>
     <span class='ocr_line' id='line_1_7' title="bbox 190 839 1237 915; baseline -0.003 -14"><span class='ocrx_word' id='word_1_46' title='bbox 190 843 236 902; x_wconf 88' lang='lat' dir='ltr'>ius</span> <span class='ocrx_word' id='word_1_47' title='bbox 250 847 368 901; x_wconf 86' lang='lat' dir='ltr'>naturae</span> <span class='ocrx_word' id='word_1_48' title='bbox 383 841 447 900; x_wconf 89' lang='lat' dir='ltr'>sine</span> <span class='ocrx_word' id='word_1_49' title='bbox 463 839 578 899; x_wconf 89' lang='lat' dir='ltr'>notione</span> <span class='ocrx_word' id='word_1_50' title='bbox 593 839 751 899; x_wconf 86' lang='lat' dir='ltr'>divinitatis</span> <span class='ocrx_word' id='word_1_51' title='bbox 773 839 927 900; x_wconf 67' lang='lat' dir='ltr'>subsistere</span> <span class='ocrx_word' id='word_1_52' title='bbox 941 853 1124 915; x_wconf 76' lang='lat' dir='ltr'><strong>nequaquam</strong></span> <span class='ocrx_word' id='word_1_53' title='bbox 1142 855 1237 913; x_wconf 82' lang='lat' dir='ltr'>posse.</span> 
     </span>
     <span class='ocr_line' id='line_1_8' title="bbox 191 924 1241 1000; baseline -0.001 -15"><span class='ocrx_word' id='word_1_54' title='bbox 191 926 268 995; x_wconf 82' lang='lat' dir='ltr'>Quod</span> <span class='ocrx_word' id='word_1_55' title='bbox 283 926 464 985; x_wconf 88' lang='lat' dir='ltr'>observatum</span> <span class='ocrx_word' id='word_1_56' title='bbox 479 925 610 984; x_wconf 88' lang='lat' dir='ltr'>volumus</span> <span class='ocrx_word' id='word_1_57' title='bbox 634 929 804 998; x_wconf 85' lang='lat' dir='ltr'>contraeas,</span> <span class='ocrx_word' id='word_1_58' title='bbox 821 927 873 1000; x_wconf 91' lang='lat' dir='ltr'>qui</span> <span class='ocrx_word' id='word_1_59' title='bbox 906 926 937 984; x_wconf 92' lang='lat' dir='ltr'>in</span> <span class='ocrx_word' id='word_1_60' title='bbox 952 924 1015 984; x_wconf 91' lang='lat' dir='ltr'>iure</span> <span class='ocrx_word' id='word_1_61' title='bbox 1030 925 1154 984; x_wconf 86' lang='lat' dir='ltr'>naturali</span> <span class='ocrx_word' id='word_1_62' title='bbox 1183 930 1241 984; x_wconf 91' lang='lat' dir='ltr'>tra·</span> 
     </span>
     <span class='ocr_line' id='line_1_9' title="bbox 194 1007 1091 1083; baseline -0.003 -13"><span class='ocrx_word' id='word_1_63' title='bbox 194 1011 296 1071; x_wconf 91' lang='lat' dir='ltr'>ctundo</span> <span class='ocrx_word' id='word_1_64' title='bbox 312 1016 341 1070; x_wconf 86' lang='lat' dir='ltr'>et</span> <span class='ocrx_word' id='word_1_65' title='bbox 355 1007 580 1070; x_wconf 79' lang='lat' dir='ltr'>constabiliendo</span> <span class='ocrx_word' id='word_1_66' title='bbox 594 1023 612 1068; x_wconf 86' lang='lat' dir='ltr'>a</span> <span class='ocrx_word' id='word_1_67' title='bbox 626 1009 682 1070; x_wconf 85' lang='lat' dir='ltr'>lieo</span> <span class='ocrx_word' id='word_1_68' title='bbox 697 1010 897 1083; x_wconf 74' lang='lat' dir='ltr'>cogitationem</span> <span class='ocrx_word' id='word_1_69' title='bbox 911 1009 1091 1070; x_wconf 76' lang='lat' dir='ltr'>adunabunt.</span> 
     </span>
    </p>

    <p class='ocr_par' dir='ltr' id='par_1_4' title="bbox 117 1092 1245 2104">
     <span class='ocr_line' id='line_1_10' title="bbox 226 1092 1243 1169; baseline -0.002 -15"><span class='ocrx_word' id='word_1_70' title='bbox 226 1095 275 1154; x_wconf 83' lang='lat' dir='ltr'>llis</span> <span class='ocrx_word' id='word_1_71' title='bbox 290 1095 382 1154; x_wconf 91' lang='lat' dir='ltr'>obiter</span> <span class='ocrx_word' id='word_1_72' title='bbox 396 1093 555 1169; x_wconf 75' lang='lat' dir='ltr'>explicatis,</span> <span class='ocrx_word' id='word_1_73' title='bbox 574 1093 620 1152; x_wconf 87' lang='lat' dir='ltr'>ine</span> <span class='ocrx_word' id='word_1_74' title='bbox 634 1093 757 1154; x_wconf 81' lang='lat' dir='ltr'>describi</span> <span class='ocrx_word' id='word_1_75' title='bbox 772 1100 865 1169; x_wconf 85' lang='lat' dir='ltr'>potest</span> <span class='ocrx_word' id='word_1_76' title='bbox 877 1093 927 1168; x_wconf 86' lang='lat' dir='ltr'>ita,</span> <span class='ocrx_word' id='word_1_77' title='bbox 941 1100 974 1153; x_wconf 89' lang='lat' dir='ltr'>ut</span> <span class='ocrx_word' id='word_1_78' title='bbox 987 1109 1049 1153; x_wconf 87' lang='lat' dir='ltr'>esse</span> <span class='ocrx_word' id='word_1_79' title='bbox 1058 1092 1243 1152; x_wconf 84' lang='lat' dir='ltr'>dicaturrrro·</span> 
     </span>
     <span class='ocr_line' id='line_1_11' title="bbox 191 1177 1245 1256; baseline -0.002 -15"><span class='ocrx_word' id='word_1_80' title='bbox 191 1181 267 1242; x_wconf 80' lang='lat' dir='ltr'>rotis</span> <span class='ocrx_word' id='word_1_81' title='bbox 281 1179 411 1256; x_wconf 80' lang='lat' dir='ltr'>facultas</span> <span class='ocrx_word' id='word_1_82' title='bbox 435 1177 556 1254; x_wconf 80' lang='lat' dir='ltr'>aliquid</span> <span class='ocrx_word' id='word_1_83' title='bbox 574 1180 718 1256; x_wconf 82' lang='lat' dir='ltr'>operandi</span> <span class='ocrx_word' id='word_1_84' title='bbox 738 1179 782 1239; x_wconf 88' lang='lat' dir='ltr'>uei</span> <span class='ocrx_word' id='word_1_85' title='bbox 795 1179 930 1256; x_wconf 82' lang='lat' dir='ltr'>eaiqerrdi</span> <span class='ocrx_word' id='word_1_86' title='bbox 945 1178 1136 1239; x_wconf 76' lang='lat' dir='ltr'>inviolabilis.</span> <span class='ocrx_word' id='word_1_87' title='bbox 1157 1179 1245 1239; x_wconf 81' lang='lat' dir='ltr'>dulus</span> 
     </span>
     <span class='ocr_line' id='line_1_12' title="bbox 190 1263 1244 1340; baseline -0.001 -16"><span class='ocrx_word' id='word_1_88' title='bbox 190 1265 362 1325; x_wconf 90' lang='lat' dir='ltr'>delinitionis</span> <span class='ocrx_word' id='word_1_89' title='bbox 372 1265 526 1338; x_wconf 88' lang='lat' dir='ltr'>elementa,</span> <span class='ocrx_word' id='word_1_90' title='bbox 543 1266 568 1324; x_wconf 88' lang='lat' dir='ltr'>ei</span> <span class='ocrx_word' id='word_1_91' title='bbox 577 1265 731 1340; x_wconf 87' lang='lat' dir='ltr'>paululum</span> <span class='ocrx_word' id='word_1_92' title='bbox 746 1265 967 1340; x_wconf 85' lang='lat' dir='ltr'>perpendantur,</span> <span class='ocrx_word' id='word_1_93' title='bbox 980 1264 1078 1324; x_wconf 90' lang='lat' dir='ltr'>omnia</span> <span class='ocrx_word' id='word_1_94' title='bbox 1092 1263 1244 1338; x_wconf 75' lang='lat' dir='ltr'>complecti</span> 
     </span>
     <span class='ocr_line' id='line_1_13' title="bbox 189 1349 1245 1425; baseline -0.003 -15"><span class='ocrx_word' id='word_1_95' title='bbox 189 1350 370 1423; x_wconf 89' lang='lat' dir='ltr'>videbuntur,</span> <span class='ocrx_word' id='word_1_96' title='bbox 383 1365 457 1425; x_wconf 88' lang='lat' dir='ltr'>quae</span> <span class='ocrx_word' id='word_1_97' title='bbox 472 1351 507 1408; x_wconf 88' lang='lat' dir='ltr'>ad</span> <span class='ocrx_word' id='word_1_98' title='bbox 523 1349 595 1410; x_wconf 88' lang='lat' dir='ltr'>iuris</span> <span class='ocrx_word' id='word_1_99' title='bbox 605 1349 751 1410; x_wconf 89' lang='lat' dir='ltr'>notionem</span> <span class='ocrx_word' id='word_1_100' title='bbox 762 1351 905 1424; x_wconf 88' lang='lat' dir='ltr'>pertinere</span> <span class='ocrx_word' id='word_1_101' title='bbox 914 1349 1041 1409; x_wconf 79' lang='lat' dir='ltr'>diximus</span> <span class='ocrx_word' id='word_1_102' title='bbox 1056 1349 1082 1406; x_wconf 79' lang='lat'>⁴.</span> <span class='ocrx_word' id='word_1_103' title='bbox 1095 1351 1165 1410; x_wconf 85' lang='lat' dir='ltr'>llum</span> <span class='ocrx_word' id='word_1_104' title='bbox 1174 1363 1245 1408; x_wconf 87' lang='lat' dir='ltr'>oum</span> 
     </span>
     <span class='ocr_line' id='line_1_14' title="bbox 190 1431 1245 1510; baseline -0.002 -15"><span class='ocrx_word' id='word_1_105' title='bbox 190 1434 293 1496; x_wconf 87' lang='lat' dir='ltr'>dicitur</span> <span class='ocrx_word' id='word_1_106' title='bbox 305 1435 429 1495; x_wconf 75' lang='lat' dir='ltr'>oterolo</span> <span class='ocrx_word' id='word_1_107' title='bbox 446 1431 582 1510; x_wconf 71' lang='lat' dir='ltr'>(ocultus,</span> <span class='ocrx_word' id='word_1_108' title='bbox 599 1435 758 1494; x_wconf 82' lang='lat' dir='ltr'>secernitur</span> <span class='ocrx_word' id='word_1_109' title='bbox 772 1449 790 1493; x_wconf 90' lang='lat' dir='ltr'>a</span> <span class='ocrx_word' id='word_1_110' title='bbox 805 1435 834 1493; x_wconf 86' lang='lat' dir='ltr'>ri</span> <span class='ocrx_word' id='word_1_111' title='bbox 857 1449 936 1493; x_wconf 91' lang='lat' dir='ltr'>mere</span> <span class='ocrx_word' id='word_1_112' title='bbox 957 1435 1086 1509; x_wconf 74' lang='lat' dir='ltr'>physica,</span> <span class='ocrx_word' id='word_1_113' title='bbox 1104 1440 1133 1494; x_wconf 91' lang='lat' dir='ltr'>et</span> <span class='ocrx_word' id='word_1_114' title='bbox 1146 1447 1245 1508; x_wconf 85' lang='lat' dir='ltr'>respe·</span> 
     </span>
     <span class='ocr_line' id='line_1_15' title="bbox 190 1518 1245 1595; baseline -0.002 -15"><span class='ocrx_word' id='word_1_115' title='bbox 190 1527 267 1581; x_wconf 92' lang='lat' dir='ltr'>ctum</span> <span class='ocrx_word' id='word_1_116' title='bbox 282 1521 376 1580; x_wconf 85' lang='lat' dir='ltr'>lnnrrlt</span> <span class='ocrx_word' id='word_1_117' title='bbox 401 1521 438 1580; x_wconf 91' lang='lat' dir='ltr'>ad</span> <span class='ocrx_word' id='word_1_118' title='bbox 450 1535 620 1595; x_wconf 82' lang='lat' dir='ltr'>perronam,</span> <span class='ocrx_word' id='word_1_119' title='bbox 637 1535 710 1595; x_wconf 89' lang='lat' dir='ltr'>quae</span> <span class='ocrx_word' id='word_1_120' title='bbox 727 1525 836 1579; x_wconf 84' lang='lat' dir='ltr'>tantum</span> <span class='ocrx_word' id='word_1_121' title='bbox 851 1518 913 1578; x_wconf 87' lang='lat' dir='ltr'>eius</span> <span class='ocrx_word' id='word_1_122' title='bbox 929 1519 1090 1578; x_wconf 87' lang='lat' dir='ltr'>subiectum</span> <span class='ocrx_word' id='word_1_123' title='bbox 1108 1535 1172 1578; x_wconf 87' lang='lat' dir='ltr'>esse</span> <span class='ocrx_word' id='word_1_124' title='bbox 1194 1533 1245 1591; x_wconf 86' lang='lat' dir='ltr'>po·</span> 
     </span>
     <span class='ocr_line' id='line_1_16' title="bbox 191 1602 1245 1682; baseline -0.004 -17"><span class='ocrx_word' id='word_1_125' title='bbox 191 1612 253 1665; x_wconf 87' lang='lat' dir='ltr'>test.</span> <span class='ocrx_word' id='word_1_126' title='bbox 271 1607 340 1664; x_wconf 87' lang='lat' dir='ltr'>llum</span> <span class='ocrx_word' id='word_1_127' title='bbox 352 1605 465 1664; x_wconf 83' lang='lat' dir='ltr'>additur</span> <span class='ocrx_word' id='word_1_128' title='bbox 479 1605 646 1682; x_wconf 83' lang='lat' dir='ltr'>opperortdt</span> <span class='ocrx_word' id='word_1_129' title='bbox 663 1605 708 1663; x_wconf 81' lang='lat' dir='ltr'>oet</span> <span class='ocrx_word' id='word_1_130' title='bbox 726 1605 870 1679; x_wconf 75' lang='lat' dir='ltr'>culpandi,</span> <span class='ocrx_word' id='word_1_131' title='bbox 891 1604 1062 1678; x_wconf 82' lang='lat' dir='ltr'>exprimitur</span> <span class='ocrx_word' id='word_1_132' title='bbox 1076 1602 1183 1678; x_wconf 85' lang='lat' dir='ltr'>duplex</span> <span class='ocrx_word' id='word_1_133' title='bbox 1197 1618 1245 1661; x_wconf 74' lang='lat' dir='ltr'>ee</span> 
     </span>
     <span class='ocr_line' id='line_1_17' title="bbox 190 1686 1244 1766; baseline -0.004 -16"><span class='ocrx_word' id='word_1_134' title='bbox 190 1697 297 1766; x_wconf 84' lang='lat' dir='ltr'>pectus,</span> <span class='ocrx_word' id='word_1_135' title='bbox 314 1705 398 1764; x_wconf 91' lang='lat' dir='ltr'>quem</span> <span class='ocrx_word' id='word_1_136' title='bbox 413 1691 541 1764; x_wconf 90' lang='lat' dir='ltr'>includit,</span> <span class='ocrx_word' id='word_1_137' title='bbox 558 1691 593 1749; x_wconf 87' lang='lat' dir='ltr'>ad</span> <span class='ocrx_word' id='word_1_138' title='bbox 609 1691 803 1764; x_wconf 84' lang='lat' dir='ltr'>operationem</span> <span class='ocrx_word' id='word_1_139' title='bbox 816 1689 990 1748; x_wconf 80' lang='lat' dir='ltr'>exerendam</span> <span class='ocrx_word' id='word_1_140' title='bbox 1002 1689 1047 1746; x_wconf 88' lang='lat' dir='ltr'>vel</span> <span class='ocrx_word' id='word_1_141' title='bbox 1061 1689 1098 1746; x_wconf 87' lang='lat' dir='ltr'>ad</span> <span class='ocrx_word' id='word_1_142' title='bbox 1112 1703 1175 1746; x_wconf 91' lang='lat' dir='ltr'>rem</span> <span class='ocrx_word' id='word_1_143' title='bbox 1188 1686 1244 1746; x_wconf 89' lang='lat' dir='ltr'>de-</span> 
     </span>
     <span class='ocr_line' id='line_1_18' title="bbox 191 1772 1244 1850; baseline -0.006 -14"><span class='ocrx_word' id='word_1_144' title='bbox 191 1775 281 1836; x_wconf 89' lang='lat' dir='ltr'>bltam</span> <span class='ocrx_word' id='word_1_145' title='bbox 295 1775 486 1848; x_wconf 87' lang='lat' dir='ltr'>repetendam.</span> <span class='ocrx_word' id='word_1_146' title='bbox 502 1775 629 1850; x_wconf 82' lang='lat' dir='ltr'>lienique</span> <span class='ocrx_word' id='word_1_147' title='bbox 643 1775 764 1835; x_wconf 81' lang='lat' dir='ltr'>verbum</span> <span class='ocrx_word' id='word_1_148' title='bbox 780 1775 850 1833; x_wconf 92' lang='lat' dir='ltr'>illud</span> <span class='ocrx_word' id='word_1_149' title='bbox 864 1772 1045 1833; x_wconf 72' lang='lat' dir='ltr'>inviolabilis</span> <span class='ocrx_word' id='word_1_150' title='bbox 1069 1774 1183 1832; x_wconf 86' lang='lat' dir='ltr'>denotat</span> <span class='ocrx_word' id='word_1_151' title='bbox 1196 1787 1244 1830; x_wconf 88' lang='lat' dir='ltr'>re·</span> 
     </span>
     <span class='ocr_line' id='line_1_19' title="bbox 117 1853 1241 1934; baseline -0.005 -14"><span class='ocrx_word' id='word_1_152' title='bbox 117 1853 121 1858; x_wconf 80' lang='grc'><strong>’</strong></span> <span class='ocrx_word' id='word_1_153' title='bbox 191 1859 358 1933; x_wconf 82' lang='lat' dir='ltr'>verentium,</span> <span class='ocrx_word' id='word_1_154' title='bbox 375 1873 461 1933; x_wconf 90' lang='lat' dir='ltr'>quam</span> <span class='ocrx_word' id='word_1_155' title='bbox 476 1861 611 1920; x_wconf 82' lang='lat' dir='ltr'>exhibere</span> <span class='ocrx_word' id='word_1_156' title='bbox 628 1867 759 1920; x_wconf 87' lang='lat' dir='ltr'>tenentur</span> <span class='ocrx_word' id='word_1_157' title='bbox 774 1859 832 1933; x_wconf 85' lang='lat' dir='ltr'>alti,</span> <span class='ocrx_word' id='word_1_158' title='bbox 849 1865 963 1934; x_wconf 84' lang='lat' dir='ltr'>propter</span> <span class='ocrx_word' id='word_1_159' title='bbox 974 1859 1091 1918; x_wconf 86' lang='lat' dir='ltr'>tutelam</span> <span class='ocrx_word' id='word_1_160' title='bbox 1102 1856 1241 1932; x_wconf 85' lang='lat' dir='ltr'>quamirr·</span> 
     </span>
     <span class='ocr_line' id='line_1_20' title="bbox 190 1940 1244 2018; baseline -0.005 -13"><span class='ocrx_word' id='word_1_161' title='bbox 190 1946 216 2005; x_wconf 90' lang='lat' dir='ltr'>ri</span> <span class='ocrx_word' id='word_1_162' title='bbox 231 1946 278 2004; x_wconf 84' lang='lat' dir='ltr'>lex</span> <span class='ocrx_word' id='word_1_163' title='bbox 292 1944 472 2018; x_wconf 72' lang='lat' dir='ltr'>impartitur,</span> <span class='ocrx_word' id='word_1_164' title='bbox 490 1946 531 2004; x_wconf 91' lang='lat' dir='ltr'>ita</span> <span class='ocrx_word' id='word_1_165' title='bbox 545 1952 577 2004; x_wconf 90' lang='lat' dir='ltr'>ut</span> <span class='ocrx_word' id='word_1_166' title='bbox 593 1945 691 2005; x_wconf 76' lang='lat' dir='ltr'>uiolari</span> <span class='ocrx_word' id='word_1_167' title='bbox 703 1945 747 2004; x_wconf 87' lang='lat' dir='ltr'>ius</span> <span class='ocrx_word' id='word_1_168' title='bbox 759 1950 891 2018; x_wconf 88' lang='lat' dir='ltr'>nequeat,</span> <span class='ocrx_word' id='word_1_169' title='bbox 903 1944 973 2018; x_wconf 90' lang='lat' dir='ltr'>quin</span> <span class='ocrx_word' id='word_1_170' title='bbox 988 1942 1058 2002; x_wconf 88' lang='lat' dir='ltr'>ordo</span> <span class='ocrx_word' id='word_1_171' title='bbox 1067 1942 1186 2001; x_wconf 86' lang='lat' dir='ltr'>rationis</span> <span class='ocrx_word' id='word_1_172' title='bbox 1197 1940 1244 2000; x_wconf 82' lang='lat' dir='ltr'>iu·</span> 
     </span>
     <span class='ocr_line' id='line_1_21' title="bbox 194 2029 469 2104; baseline 0 -16"><span class='ocrx_word' id='word_1_173' title='bbox 194 2029 261 2088; x_wconf 91' lang='lat' dir='ltr'>time</span> <span class='ocrx_word' id='word_1_174' title='bbox 278 2029 469 2104; x_wconf 89' lang='lat' dir='ltr'>perturbetur.</span> 
     </span>
    </p>

    <p class='ocr_par' dir='ltr' id='par_1_5' title="bbox 192 2109 1247 3120">
     <span class='ocr_line' id='line_1_22' title="bbox 230 2109 1247 2191; baseline -0.004 -16"><span class='ocrx_word' id='word_1_175' title='bbox 230 2115 274 2175; x_wconf 76' lang='lat'>68.</span> <span class='ocrx_word' id='word_1_176' title='bbox 292 2115 332 2172; x_wconf 84' lang='lat' dir='ltr'>ld</span> <span class='ocrx_word' id='word_1_177' title='bbox 348 2115 420 2173; x_wconf 85' lang='lat' dir='ltr'>iuris</span> <span class='ocrx_word' id='word_1_178' title='bbox 436 2117 618 2188; x_wconf 84' lang='lat' dir='ltr'>partitionem</span> <span class='ocrx_word' id='word_1_179' title='bbox 633 2115 709 2191; x_wconf 90' lang='lat' dir='ltr'>qnod</span> <span class='ocrx_word' id='word_1_180' title='bbox 730 2114 843 2188; x_wconf 81' lang='lat' dir='ltr'>attinet,</span> <span class='ocrx_word' id='word_1_181' title='bbox 859 2114 923 2174; x_wconf 88' lang='lat' dir='ltr'>irrru</span> <span class='ocrx_word' id='word_1_182' title='bbox 937 2115 968 2174; x_wconf 96' lang='lat' dir='ltr'>in</span> <span class='ocrx_word' id='word_1_183' title='bbox 982 2112 1083 2189; x_wconf 83' lang='lat' dir='ltr'>primis</span> <span class='ocrx_word' id='word_1_184' title='bbox 1097 2109 1138 2173; x_wconf 87' lang='lat' dir='ltr'>sic</span> <span class='ocrx_word' id='word_1_185' title='bbox 1151 2109 1247 2187; x_wconf 83' lang='lat' dir='ltr'>dispe·</span> 
     </span>
     <span class='ocr_line' id='line_1_23' title="bbox 197 2199 1246 2276; baseline -0.003 -16"><span class='ocrx_word' id='word_1_186' title='bbox 197 2199 238 2260; x_wconf 89' lang='lat' dir='ltr'>sci</span> <span class='ocrx_word' id='word_1_187' title='bbox 252 2205 381 2274; x_wconf 72' lang='lat' dir='ltr'>praesunt,</span> <span class='ocrx_word' id='word_1_188' title='bbox 394 2203 426 2257; x_wconf 90' lang='lat' dir='ltr'>ut</span> <span class='ocrx_word' id='word_1_189' title='bbox 437 2201 493 2258; x_wconf 91' lang='lat' dir='ltr'>ulia</span> <span class='ocrx_word' id='word_1_190' title='bbox 508 2202 624 2275; x_wconf 89' lang='lat' dir='ltr'>quidem</span> <span class='ocrx_word' id='word_1_191' title='bbox 640 2203 697 2260; x_wconf 91' lang='lat' dir='ltr'>sint</span> <span class='ocrx_word' id='word_1_192' title='bbox 707 2201 813 2276; x_wconf 86' lang='lat' dir='ltr'>rectio,</span> <span class='ocrx_word' id='word_1_193' title='bbox 826 2200 882 2260; x_wconf 87' lang='lat' dir='ltr'>alia</span> <span class='ocrx_word' id='word_1_194' title='bbox 896 2217 963 2260; x_wconf 83' lang='lat' dir='ltr'>vero</span> <span class='ocrx_word' id='word_1_195' title='bbox 971 2199 1152 2276; x_wconf 79' lang='lat' dir='ltr'>personalia.</span> <span class='ocrx_word' id='word_1_196' title='bbox 1168 2199 1246 2258; x_wconf 85' lang='lat' dir='ltr'>Haeo</span> 
     </span>
     <span class='ocr_line' id='line_1_24' title="bbox 197 2281 1247 2360; baseline 0 -18"><span class='ocrx_word' id='word_1_197' title='bbox 197 2281 247 2342; x_wconf 89' lang='lat' dir='ltr'>illa</span> <span class='ocrx_word' id='word_1_198' title='bbox 264 2284 411 2356; x_wconf 89' lang='lat' dir='ltr'>dicuntur,</span> <span class='ocrx_word' id='word_1_199' title='bbox 428 2299 502 2356; x_wconf 88' lang='lat' dir='ltr'>quae</span> <span class='ocrx_word' id='word_1_200' title='bbox 517 2301 569 2357; x_wconf 90' lang='lat' dir='ltr'>por</span> <span class='ocrx_word' id='word_1_201' title='bbox 587 2301 617 2343; x_wconf 89' lang='lat' dir='ltr'>se</span> <span class='ocrx_word' id='word_1_202' title='bbox 639 2301 792 2360; x_wconf 88' lang='lat' dir='ltr'>personam</span> <span class='ocrx_word' id='word_1_203' title='bbox 814 2285 961 2356; x_wconf 87' lang='lat' dir='ltr'>alfleiunt,</span> <span class='ocrx_word' id='word_1_204' title='bbox 977 2285 1127 2359; x_wconf 81' lang='lat' dir='ltr'>eidemque</span> <span class='ocrx_word' id='word_1_205' title='bbox 1146 2285 1247 2343; x_wconf 78' lang='lat' dir='ltr'>inbae-</span> 
     </span>
     <span class='ocr_line' id='line_1_25' title="bbox 192 2368 1246 2444; baseline -0.001 -16"><span class='ocrx_word' id='word_1_206' title='bbox 192 2373 256 2428; x_wconf 89' lang='lat' dir='ltr'>rent</span> <span class='ocrx_word' id='word_1_207' title='bbox 270 2368 442 2440; x_wconf 86' lang='lat' dir='ltr'>immediate,</span> <span class='ocrx_word' id='word_1_208' title='bbox 455 2373 486 2425; x_wconf 92' lang='lat' dir='ltr'>ut</span> <span class='ocrx_word' id='word_1_209' title='bbox 501 2369 759 2444; x_wconf 67' lang='lat' dir='ltr'>insanguineum</span> <span class='ocrx_word' id='word_1_210' title='bbox 774 2371 973 2430; x_wconf 77' lang='lat' dir='ltr'>conservandi.</span> <span class='ocrx_word' id='word_1_211' title='bbox 987 2370 1083 2430; x_wconf 86' lang='lat' dir='ltr'>Priora</span> <span class='ocrx_word' id='word_1_212' title='bbox 1092 2385 1161 2428; x_wconf 82' lang='lat' dir='ltr'>vero</span> <span class='ocrx_word' id='word_1_213' title='bbox 1176 2371 1246 2427; x_wconf 90' lang='lat' dir='ltr'>sunl</span> 
     </span>
     <span class='ocr_line' id='line_1_26' title="bbox 193 2452 1245 2529; baseline -0.002 -16"><span class='ocrx_word' id='word_1_214' title='bbox 193 2453 252 2528; x_wconf 89' lang='lat' dir='ltr'>illu,</span> <span class='ocrx_word' id='word_1_215' title='bbox 271 2469 343 2528; x_wconf 88' lang='lat' dir='ltr'>quae</span> <span class='ocrx_word' id='word_1_216' title='bbox 357 2452 387 2511; x_wconf 93' lang='lat' dir='ltr'>in</span> <span class='ocrx_word' id='word_1_217' title='bbox 398 2468 549 2528; x_wconf 86' lang='lat' dir='ltr'>personam</span> <span class='ocrx_word' id='word_1_218' title='bbox 561 2456 717 2513; x_wconf 89' lang='lat' dir='ltr'>adveniunt</span> <span class='ocrx_word' id='word_1_219' title='bbox 732 2457 836 2514; x_wconf 85' lang='lat' dir='ltr'>virtute</span> <span class='ocrx_word' id='word_1_220' title='bbox 852 2455 894 2514; x_wconf 90' lang='lat' dir='ltr'>rei</span> <span class='ocrx_word' id='word_1_221' title='bbox 908 2455 1165 2529; x_wconf 86' lang='lat' dir='ltr'>cuirrspiumutque</span> <span class='ocrx_word' id='word_1_222' title='bbox 1179 2454 1245 2512; x_wconf 87' lang='lat' dir='ltr'>ideo</span> 
     </span>
     <span class='ocr_line' id='line_1_27' title="bbox 195 2537 1247 2613; baseline -0.002 -15"><span class='ocrx_word' id='word_1_223' title='bbox 195 2539 226 2598; x_wconf 88' lang='lat' dir='ltr'>in</span> <span class='ocrx_word' id='word_1_224' title='bbox 245 2553 276 2597; x_wconf 91' lang='lat' dir='ltr'>re</span> <span class='ocrx_word' id='word_1_225' title='bbox 298 2538 346 2597; x_wconf 90' lang='lat' dir='ltr'>illu</span> <span class='ocrx_word' id='word_1_226' title='bbox 361 2537 511 2596; x_wconf 80' lang='lat' dir='ltr'>inhaerere</span> <span class='ocrx_word' id='word_1_227' title='bbox 527 2539 739 2613; x_wconf 89' lang='lat' dir='ltr'>concipiuntur.</span> <span class='ocrx_word' id='word_1_228' title='bbox 753 2541 832 2609; x_wconf 82' lang='lat' dir='ltr'>Quod</span> <span class='ocrx_word' id='word_1_229' title='bbox 847 2541 955 2600; x_wconf 89' lang='lat' dir='ltr'>nonita</span> <span class='ocrx_word' id='word_1_230' title='bbox 970 2539 1187 2612; x_wconf 84' lang='lat' dir='ltr'>intelligendum</span> <span class='ocrx_word' id='word_1_231' title='bbox 1201 2544 1247 2596; x_wconf 86' lang='lat' dir='ltr'>est</span> 
     </span>
     <span class='ocr_line' id='line_1_28' title="bbox 194 2622 1247 2698; baseline 0.001 -17"><span class='ocrx_word' id='word_1_232' title='bbox 194 2624 276 2698; x_wconf 84' lang='lat' dir='ltr'>quasi</span> <span class='ocrx_word' id='word_1_233' title='bbox 291 2639 337 2682; x_wconf 87' lang='lat' dir='ltr'>res</span> <span class='ocrx_word' id='word_1_234' title='bbox 356 2623 418 2696; x_wconf 87' lang='lat' dir='ltr'>ipsu</span> <span class='ocrx_word' id='word_1_235' title='bbox 434 2622 594 2682; x_wconf 86' lang='lat' dir='ltr'>subiectum</span> <span class='ocrx_word' id='word_1_236' title='bbox 610 2624 681 2682; x_wconf 89' lang='lat' dir='ltr'>iuris</span> <span class='ocrx_word' id='word_1_237' title='bbox 705 2625 843 2683; x_wconf 84' lang='lat' dir='ltr'>habeatur</span> <span class='ocrx_word' id='word_1_238' title='bbox 858 2625 901 2697; x_wconf 77' lang='lat' dir='ltr'>ild</span> <span class='ocrx_word' id='word_1_239' title='bbox 916 2625 994 2683; x_wconf 92' lang='lat' dir='ltr'>enim</span> <span class='ocrx_word' id='word_1_240' title='bbox 1009 2641 1047 2683; x_wconf 78' lang='lat' dir='ltr'>ex</span> <span class='ocrx_word' id='word_1_241' title='bbox 1061 2624 1145 2683; x_wconf 89' lang='lat' dir='ltr'>dictis</span> <span class='ocrx_word' id='word_1_242' title='bbox 1161 2639 1247 2697; x_wconf 84' lang='lat' dir='ltr'>repu-</span> 
     </span>
     <span class='ocr_line' id='line_1_29' title="bbox 194 2707 1244 2784; baseline 0 -18"><span class='ocrx_word' id='word_1_243' title='bbox 194 2711 280 2783; x_wconf 73' lang='lat' dir='ltr'>gual),</span> <span class='ocrx_word' id='word_1_244' title='bbox 298 2707 347 2767; x_wconf 88' lang='lat' dir='ltr'>sed</span> <span class='ocrx_word' id='word_1_245' title='bbox 370 2716 510 2782; x_wconf 87' lang='lat' dir='ltr'>quatenns</span> <span class='ocrx_word' id='word_1_246' title='bbox 527 2725 646 2782; x_wconf 87' lang='lat' dir='ltr'>persona</span> <span class='ocrx_word' id='word_1_247' title='bbox 662 2709 724 2767; x_wconf 89' lang='lat' dir='ltr'>iure</span> <span class='ocrx_word' id='word_1_248' title='bbox 738 2717 856 2768; x_wconf 89' lang='lat' dir='ltr'>ornetur</span> <span class='ocrx_word' id='word_1_249' title='bbox 870 2726 927 2768; x_wconf 93' lang='lat' dir='ltr'>non</span> <span class='ocrx_word' id='word_1_250' title='bbox 943 2725 994 2784; x_wconf 89' lang='lat' dir='ltr'>per</span> <span class='ocrx_word' id='word_1_251' title='bbox 1008 2726 1054 2782; x_wconf 89' lang='lat' dir='ltr'>se,</span> <span class='ocrx_word' id='word_1_252' title='bbox 1071 2709 1121 2768; x_wconf 90' lang='lat' dir='ltr'>sed</span> <span class='ocrx_word' id='word_1_253' title='bbox 1136 2709 1162 2766; x_wconf 82' lang='lat' dir='ltr'>vi</span> <span class='ocrx_word' id='word_1_254' title='bbox 1177 2722 1244 2781; x_wconf 82' lang='lat' dir='ltr'>poe·</span> 
     </span>
     <span class='ocr_line' id='line_1_30' title="bbox 194 2792 1244 2868; baseline -0.002 -16"><span class='ocrx_word' id='word_1_255' title='bbox 194 2795 328 2853; x_wconf 86' lang='lat' dir='ltr'>sessionis</span> <span class='ocrx_word' id='word_1_256' title='bbox 342 2795 384 2851; x_wconf 91' lang='lat' dir='ltr'>rei</span> <span class='ocrx_word' id='word_1_257' title='bbox 399 2793 484 2866; x_wconf 84' lang='lat' dir='ltr'>illius,</span> <span class='ocrx_word' id='word_1_258' title='bbox 498 2809 554 2868; x_wconf 88' lang='lat' dir='ltr'>qua</span> <span class='ocrx_word' id='word_1_259' title='bbox 570 2793 594 2853; x_wconf 85' lang='lat' dir='ltr'>si</span> <span class='ocrx_word' id='word_1_260' title='bbox 609 2795 758 2868; x_wconf 88' lang='lat' dir='ltr'>spolietur,</span> <span class='ocrx_word' id='word_1_261' title='bbox 773 2795 818 2854; x_wconf 90' lang='lat' dir='ltr'>ius</span> <span class='ocrx_word' id='word_1_262' title='bbox 832 2795 955 2867; x_wconf 80' lang='lat' dir='ltr'>amittit3</span> <span class='ocrx_word' id='word_1_263' title='bbox 972 2795 1048 2868; x_wconf 91' lang='lat' dir='ltr'>quod</span> <span class='ocrx_word' id='word_1_264' title='bbox 1062 2795 1195 2853; x_wconf 89' lang='lat' dir='ltr'>continuo</span> <span class='ocrx_word' id='word_1_265' title='bbox 1208 2792 1244 2852; x_wconf 87' lang='lat' dir='ltr'>in</span> 
     </span>
     <span class='ocr_line' id='line_1_31' title="bbox 194 2875 1244 2952; baseline -0.003 -15"><span class='ocrx_word' id='word_1_266' title='bbox 194 2893 257 2937; x_wconf 88' lang='lat' dir='ltr'>eam</span> <span class='ocrx_word' id='word_1_267' title='bbox 278 2893 426 2952; x_wconf 86' lang='lat' dir='ltr'>personam</span> <span class='ocrx_word' id='word_1_268' title='bbox 442 2879 550 2948; x_wconf 89' lang='lat' dir='ltr'>transit,</span> <span class='ocrx_word' id='word_1_269' title='bbox 563 2893 708 2952; x_wconf 86' lang='lat' dir='ltr'>quaerero</span> <span class='ocrx_word' id='word_1_270' title='bbox 724 2878 803 2938; x_wconf 89' lang='lat' dir='ltr'>illam</span> <span class='ocrx_word' id='word_1_271' title='bbox 814 2878 990 2952; x_wconf 86' lang='lat' dir='ltr'>adipiscitur.</span> <span class='ocrx_word' id='word_1_272' title='bbox 1004 2878 1049 2936; x_wconf 84' lang='lat' dir='ltr'>Sic</span> <span class='ocrx_word' id='word_1_273' title='bbox 1059 2878 1108 2951; x_wconf 89' lang='lat' dir='ltr'>qui</span> <span class='ocrx_word' id='word_1_274' title='bbox 1121 2875 1244 2935; x_wconf 81' lang='lat' dir='ltr'>luridum</span> 
     </span>
     <span class='ocr_line' id='line_1_32' title="bbox 194 2958 1244 3038; baseline -0.003 -15"><span class='ocrx_word' id='word_1_275' title='bbox 194 2965 272 3036; x_wconf 91' lang='lat' dir='ltr'>emit,</span> <span class='ocrx_word' id='word_1_276' title='bbox 290 2965 325 3021; x_wconf 89' lang='lat' dir='ltr'>ad</span> <span class='ocrx_word' id='word_1_277' title='bbox 350 2977 435 3036; x_wconf 90' lang='lat' dir='ltr'>quem</span> <span class='ocrx_word' id='word_1_278' title='bbox 451 2978 506 3020; x_wconf 89' lang='lat' dir='ltr'>non</span> <span class='ocrx_word' id='word_1_279' title='bbox 523 2963 605 3022; x_wconf 87' lang='lat' dir='ltr'>aliter</span> <span class='ocrx_word' id='word_1_280' title='bbox 624 2964 690 3038; x_wconf 91' lang='lat' dir='ltr'>itur,</span> <span class='ocrx_word' id='word_1_281' title='bbox 709 2963 765 3022; x_wconf 88' lang='lat' dir='ltr'>nisi</span> <span class='ocrx_word' id='word_1_282' title='bbox 790 2980 841 3038; x_wconf 90' lang='lat' dir='ltr'>per</span> <span class='ocrx_word' id='word_1_283' title='bbox 864 2963 986 3022; x_wconf 79' lang='lat' dir='ltr'>luridum</span> <span class='ocrx_word' id='word_1_284' title='bbox 1006 2962 1132 3036; x_wconf 74' lang='lat' dir='ltr'>alterius,</span> <span class='ocrx_word' id='word_1_285' title='bbox 1158 2958 1244 3020; x_wconf 82' lang='lat' dir='ltr'>buius</span> 
     </span>
     <span class='ocr_line' id='line_1_33' title="bbox 196 3047 537 3120; baseline -0.012 -14"><span class='ocrx_word' id='word_1_286' title='bbox 196 3047 331 3107; x_wconf 78' lang='lat' dir='ltr'>transitus</span> <span class='ocrx_word' id='word_1_287' title='bbox 345 3049 390 3105; x_wconf 88' lang='lat' dir='ltr'>ine</span> <span class='ocrx_word' id='word_1_288' title='bbox 405 3047 537 3120; x_wconf 83' lang='lat' dir='ltr'>acquirit.</span> 
     </span>
    </p>

    <p class='ocr_par' dir='ltr' id='par_1_6' title="bbox 193 3131 1246 3292">
     <span class='ocr_line' id='line_1_34' title="bbox 229 3131 1241 3210; baseline -0.001 -18"><span class='ocrx_word' id='word_1_289' title='bbox 229 3133 334 3192; x_wconf 89' lang='lat' dir='ltr'>lleinde</span> <span class='ocrx_word' id='word_1_290' title='bbox 350 3131 413 3191; x_wconf 87' lang='lat' dir='ltr'>iura</span> <span class='ocrx_word' id='word_1_291' title='bbox 427 3131 570 3206; x_wconf 81' lang='lat' dir='ltr'>‹lispartirl</span> <span class='ocrx_word' id='word_1_292' title='bbox 586 3140 705 3208; x_wconf 84' lang='lat' dir='ltr'>possunt</span> <span class='ocrx_word' id='word_1_293' title='bbox 719 3133 866 3194; x_wconf 73' lang='lat' dir='ltr'>intitulato</span> <span class='ocrx_word' id='word_1_294' title='bbox 880 3139 910 3193; x_wconf 85' lang='lat' dir='ltr'>et</span> <span class='ocrx_word' id='word_1_295' title='bbox 926 3133 1075 3210; x_wconf 79' lang='lat' dir='ltr'>acquisito</span> <span class='ocrx_word' id='word_1_296' title='bbox 1095 3137 1181 3208; x_wconf 92' lang='lat' dir='ltr'>prout</span> <span class='ocrx_word' id='word_1_297' title='bbox 1193 3146 1241 3191; x_wconf 78' lang='lat' dir='ltr'>eo·</span> 
     </span>
     <span class='ocr_line' id='line_1_35' title="bbox 193 3217 1246 3292; baseline -0.002 -15"><span class='ocrx_word' id='word_1_298' title='bbox 193 3217 314 3278; x_wconf 79' lang='lat' dir='ltr'>cundem</span> <span class='ocrx_word' id='word_1_299' title='bbox 330 3217 545 3276; x_wconf 83' lang='lat' dir='ltr'>tundamentum</span> <span class='ocrx_word' id='word_1_300' title='bbox 562 3233 614 3276; x_wconf 88' lang='lat' dir='ltr'>seu</span> <span class='ocrx_word' id='word_1_301' title='bbox 629 3220 726 3279; x_wconf 86' lang='lat' dir='ltr'>titulus</span> <span class='ocrx_word' id='word_1_302' title='bbox 742 3218 772 3278; x_wconf 92' lang='lat' dir='ltr'>in</span> <span class='ocrx_word' id='word_1_303' title='bbox 783 3218 845 3292; x_wconf 79' lang='lat' dir='ltr'>ipsu</span> <span class='ocrx_word' id='word_1_304' title='bbox 855 3219 980 3278; x_wconf 87' lang='lat' dir='ltr'>bominis</span> <span class='ocrx_word' id='word_1_305' title='bbox 991 3218 1180 3290; x_wconf 84' lang='lat' dir='ltr'>naturainslt,</span> <span class='ocrx_word' id='word_1_306' title='bbox 1192 3221 1246 3276; x_wconf 86' lang='lat' dir='ltr'>aut</span> 
     </span>
    </p>
   </div>
   <div class='ocr_carea' id='block_1_3' title="bbox 191 3385 1252 3996">
    <p class='ocr_par' dir='ltr' id='par_1_7' title="bbox 191 3385 1252 3996">
     <span class='ocr_line' id='line_1_36' title="bbox 238 3385 1243 3455; baseline 0.002 -19"><span class='ocrx_word' id='word_1_307' title='bbox 238 3390 249 3437; x_wconf 85' lang='lat' dir='ltr'>i</span> <span class='ocrx_word' id='word_1_308' title='bbox 270 3387 327 3437; x_wconf 72' lang='lat' dir='ltr'>nant</span> <span class='ocrx_word' id='word_1_309' title='bbox 342 3385 376 3437; x_wconf 84' lang='lat' dir='ltr'>iut</span> <span class='ocrx_word' id='word_1_310' title='bbox 393 3401 432 3454; x_wconf 86' lang='lat' dir='ltr'>pro</span> <span class='ocrx_word' id='word_1_311' title='bbox 448 3386 549 3438; x_wconf 74' lang='lat' dir='ltr'>laculata</span> <span class='ocrx_word' id='word_1_312' title='bbox 569 3397 681 3455; x_wconf 81' lang='lat' dir='ltr'>receptum</span> <span class='ocrx_word' id='word_1_313' title='bbox 698 3389 776 3438; x_wconf 72' lang='lat' dir='ltr'>deluit</span> <span class='ocrx_word' id='word_1_314' title='bbox 790 3394 924 3452; x_wconf 77' lang='lat' dir='ltr'>poleriaierrt</span> <span class='ocrx_word' id='word_1_315' title='bbox 939 3390 1050 3440; x_wconf 75' lang='lat' dir='ltr'>eliciendi</span> <span class='ocrx_word' id='word_1_316' title='bbox 1065 3405 1104 3439; x_wconf 79' lang='lat' dir='ltr'>eet</span> <span class='ocrx_word' id='word_1_317' title='bbox 1119 3387 1243 3454; x_wconf 73' lang='lat' dir='ltr'>actium,</span> 
     </span>
     <span class='ocr_line' id='line_1_37' title="bbox 191 3463 1245 3529; baseline -0.004 -14"><span class='ocrx_word' id='word_1_318' title='bbox 191 3475 295 3529; x_wconf 71' lang='lat' dir='ltr'>quondm</span> <span class='ocrx_word' id='word_1_319' title='bbox 309 3469 457 3521; x_wconf 68' lang='lat' dir='ltr'>exercitium,</span> <span class='ocrx_word' id='word_1_320' title='bbox 470 3471 580 3528; x_wconf 76' lang='lat' dir='ltr'>quomodo</span> <span class='ocrx_word' id='word_1_321' title='bbox 594 3469 738 3523; x_wconf 65' lang='lat' dir='ltr'>uoluntate,</span> <span class='ocrx_word' id='word_1_322' title='bbox 749 3469 925 3515; x_wconf 64' lang='lat' dir='ltr'>amentiam</span> <span class='ocrx_word' id='word_1_323' title='bbox 938 3469 1043 3515; x_wconf 73' lang='lat' dir='ltr'>altorum</span> <span class='ocrx_word' id='word_1_324' title='bbox 1057 3481 1106 3516; x_wconf 79' lang='lat' dir='ltr'>nort</span> <span class='ocrx_word' id='word_1_325' title='bbox 1120 3463 1245 3526; x_wconf 66' lang='lat' dir='ltr'>inpediat.</span> 
     </span>
     <span class='ocr_line' id='line_1_38' title="bbox 193 3542 1249 3608; baseline -0.005 -17"><span class='ocrx_word' id='word_1_326' title='bbox 193 3543 221 3591; x_wconf 89' lang='lat' dir='ltr'>llt</span> <span class='ocrx_word' id='word_1_327' title='bbox 236 3543 289 3590; x_wconf 83' lang='lat' dir='ltr'>haee</span> <span class='ocrx_word' id='word_1_328' title='bbox 308 3543 410 3590; x_wconf 87' lang='lat' dir='ltr'>delinitio</span> <span class='ocrx_word' id='word_1_329' title='bbox 426 3558 467 3606; x_wconf 83' lang='lat' dir='ltr'>ror,</span> <span class='ocrx_word' id='word_1_330' title='bbox 484 3544 512 3590; x_wconf 81' lang='lat' dir='ltr'>de</span> <span class='ocrx_word' id='word_1_331' title='bbox 525 3559 567 3607; x_wconf 84' lang='lat' dir='ltr'>qur</span> <span class='ocrx_word' id='word_1_332' title='bbox 584 3545 671 3608; x_wconf 80' lang='lat' dir='ltr'>sqilur,</span> <span class='ocrx_word' id='word_1_333' title='bbox 687 3551 810 3608; x_wconf 75' lang='lat' dir='ltr'>opportune</span> <span class='ocrx_word' id='word_1_334' title='bbox 825 3559 869 3590; x_wconf 90' lang='lat' dir='ltr'>non</span> <span class='ocrx_word' id='word_1_335' title='bbox 886 3544 985 3606; x_wconf 57' lang='lat' dir='ltr'>videtum</span> <span class='ocrx_word' id='word_1_336' title='bbox 1003 3543 1084 3590; x_wconf 79' lang='lat' dir='ltr'>multae</span> <span class='ocrx_word' id='word_1_337' title='bbox 1100 3543 1159 3589; x_wconf 81' lang='lat' dir='ltr'>enim</span> <span class='ocrx_word' id='word_1_338' title='bbox 1175 3542 1249 3587; x_wconf 71' lang='lat' dir='ltr'>nedo-</span> 
     </span>
     <span class='ocr_line' id='line_1_39' title="bbox 193 3617 1251 3685; baseline -0.003 -18"><span class='ocrx_word' id='word_1_339' title='bbox 193 3635 232 3667; x_wconf 83' lang='lat' dir='ltr'>nes</span> <span class='ocrx_word' id='word_1_340' title='bbox 249 3635 297 3667; x_wconf 80' lang='lat' dir='ltr'>csse</span> <span class='ocrx_word' id='word_1_341' title='bbox 314 3627 414 3683; x_wconf 81' lang='lat' dir='ltr'>possunt,</span> <span class='ocrx_word' id='word_1_342' title='bbox 433 3635 488 3682; x_wconf 78' lang='lat' dir='ltr'>quse</span> <span class='ocrx_word' id='word_1_343' title='bbox 504 3621 666 3668; x_wconf 79' lang='lat' dir='ltr'>coexistentiem</span> <span class='ocrx_word' id='word_1_344' title='bbox 681 3621 773 3668; x_wconf 84' lang='lat' dir='ltr'>aliorum</span> <span class='ocrx_word' id='word_1_345' title='bbox 790 3637 834 3666; x_wconf 90' lang='lat' dir='ltr'>non</span> <span class='ocrx_word' id='word_1_346' title='bbox 850 3621 958 3685; x_wconf 77' lang='lat' dir='ltr'>adimunt,</span> <span class='ocrx_word' id='word_1_347' title='bbox 972 3636 1011 3667; x_wconf 85' lang='lat' dir='ltr'>nee</span> <span class='ocrx_word' id='word_1_348' title='bbox 1025 3626 1099 3666; x_wconf 66' lang='lat' dir='ltr'>umen</span> <span class='ocrx_word' id='word_1_349' title='bbox 1115 3618 1196 3664; x_wconf 79' lang='lat' dir='ltr'>ideireo</span> <span class='ocrx_word' id='word_1_350' title='bbox 1212 3617 1251 3664; x_wconf 76' lang='lat' dir='ltr'>ius</span> 
     </span>
     <span class='ocr_line' id='line_1_40' title="bbox 193 3693 1249 3763; baseline -0.001 -22"><span class='ocrx_word' id='word_1_351' title='bbox 193 3693 307 3758; x_wconf 79' lang='lat' dir='ltr'>slieramt,</span> <span class='ocrx_word' id='word_1_352' title='bbox 335 3697 369 3742; x_wconf 84' lang='lat' dir='ltr'>rel</span> <span class='ocrx_word' id='word_1_353' title='bbox 385 3697 436 3759; x_wconf 86' lang='lat' dir='ltr'>quio</span> <span class='ocrx_word' id='word_1_354' title='bbox 453 3697 498 3744; x_wconf 83' lang='lat' dir='ltr'>rint</span> <span class='ocrx_word' id='word_1_355' title='bbox 514 3703 607 3763; x_wconf 81' lang='lat' dir='ltr'>turpes,</span> <span class='ocrx_word' id='word_1_356' title='bbox 625 3697 660 3746; x_wconf 83' lang='lat' dir='ltr'>rel</span> <span class='ocrx_word' id='word_1_357' title='bbox 677 3698 728 3761; x_wconf 83' lang='lat' dir='ltr'>quis</span> <span class='ocrx_word' id='word_1_358' title='bbox 743 3697 791 3760; x_wconf 75' lang='lat' dir='ltr'>ieqe</span> <span class='ocrx_word' id='word_1_359' title='bbox 807 3698 899 3762; x_wconf 74' lang='lat' dir='ltr'>positive</span> <span class='ocrx_word' id='word_1_360' title='bbox 920 3698 1085 3760; x_wconf 75' lang='lat' dir='ltr'>prohibeantur.</span> <span class='ocrx_word' id='word_1_361' title='bbox 1104 3695 1131 3740; x_wconf 89' lang='lat' dir='ltr'>Ut</span> <span class='ocrx_word' id='word_1_362' title='bbox 1146 3694 1249 3740; x_wconf 80' lang='lat' dir='ltr'>omittam</span> 
     </span>
     <span class='ocr_line' id='line_1_41' title="bbox 193 3769 1248 3839; baseline 0 -23"><span class='ocrx_word' id='word_1_363' title='bbox 193 3769 284 3833; x_wconf 84' lang='lat' dir='ltr'>quodsi</span> <span class='ocrx_word' id='word_1_364' title='bbox 300 3770 451 3820; x_wconf 73' lang='lat' dir='ltr'>universalitas</span> <span class='ocrx_word' id='word_1_365' title='bbox 467 3775 558 3822; x_wconf 70' lang='lat' dir='ltr'>rebonis</span> <span class='ocrx_word' id='word_1_366' title='bbox 573 3783 702 3839; x_wconf 85' lang='lat' dir='ltr'>conceptum</span> <span class='ocrx_word' id='word_1_367' title='bbox 720 3775 774 3823; x_wconf 86' lang='lat' dir='ltr'>irrris</span> <span class='ocrx_word' id='word_1_368' title='bbox 791 3775 948 3837; x_wconf 71' lang='lat' dir='ltr'>inprudenter,</span> <span class='ocrx_word' id='word_1_369' title='bbox 962 3773 1047 3820; x_wconf 86' lang='lat' dir='ltr'>nulium</span> <span class='ocrx_word' id='word_1_370' title='bbox 1062 3772 1107 3819; x_wconf 81' lang='lat' dir='ltr'>iere</span> <span class='ocrx_word' id='word_1_371' title='bbox 1121 3776 1179 3820; x_wconf 71' lang='lat' dir='ltr'>armi</span> <span class='ocrx_word' id='word_1_372' title='bbox 1195 3769 1248 3832; x_wconf 61' lang='lat' dir='ltr'>irrep</span> 
     </span>
     <span class='ocr_line' id='line_1_42' title="bbox 193 3843 1252 3922; baseline 0.004 -31"><span class='ocrx_word' id='word_1_373' title='bbox 193 3843 321 3892; x_wconf 76' lang='lat' dir='ltr'>innumerae</span> <span class='ocrx_word' id='word_1_374' title='bbox 337 3849 396 3894; x_wconf 83' lang='lat' dir='ltr'>enim</span> <span class='ocrx_word' id='word_1_375' title='bbox 412 3854 464 3896; x_wconf 83' lang='lat' dir='ltr'>root</span> <span class='ocrx_word' id='word_1_376' title='bbox 479 3850 594 3915; x_wconf 76' lang='lat' dir='ltr'>sationes,</span> <span class='ocrx_word' id='word_1_377' title='bbox 612 3865 667 3914; x_wconf 79' lang='lat' dir='ltr'>quse</span> <span class='ocrx_word' id='word_1_378' title='bbox 683 3853 704 3904; x_wconf 83' lang='lat' dir='ltr'>ei</span> <span class='ocrx_word' id='word_1_379' title='bbox 723 3851 751 3902; x_wconf 78' lang='lat' dir='ltr'>ab</span> <span class='ocrx_word' id='word_1_380' title='bbox 770 3851 872 3902; x_wconf 73' lang='lat' dir='ltr'>omnibu·</span> <span class='ocrx_word' id='word_1_381' title='bbox 892 3853 1061 3922; x_wconf 66' lang='lat' dir='ltr'>metuerentur,</span> <span class='ocrx_word' id='word_1_382' title='bbox 1079 3861 1129 3898; x_wconf 75' lang='lat' dir='ltr'>enm</span> <span class='ocrx_word' id='word_1_383' title='bbox 1151 3844 1252 3900; x_wconf 75' lang='lat' dir='ltr'>elioenai</span> 
     </span>
     <span class='ocr_line' id='line_1_43' title="bbox 194 3918 633 3996; baseline 0.021 -27"><span class='ocrx_word' id='word_1_384' title='bbox 194 3918 334 3977; x_wconf 77' lang='lat' dir='ltr'>potrirtenlis</span> <span class='ocrx_word' id='word_1_385' title='bbox 348 3922 460 3977; x_wconf 79' lang='lat' dir='ltr'>reneillui</span> <span class='ocrx_word' id='word_1_386' title='bbox 475 3938 520 3976; x_wconf 76' lang='lat' dir='ltr'>uon</span> <span class='ocrx_word' id='word_1_387' title='bbox 535 3931 633 3996; x_wconf 65' lang='lat' dir='ltr'>pumat.</span> 
     </span>
    </p>
   </div>
   <div class='ocr_carea' id='block_1_4' title="bbox 0 0 1393 4492">
    <p class='ocr_par' dir='ltr' id='par_1_8' title="bbox 0 0 1393 4492">
     <span class='ocr_line' id='line_1_44' title="bbox 0 0 1393 4492; baseline 0 0"><span class='ocrx_word' id='word_1_388' title='bbox 0 0 1393 4492; x_wconf 95' lang='lat' dir='ltr'> </span> 
     </span>
    </p>
   </div>
  </div>
 </body>
</html>
