2767 4492
236 300 289 361 titt
696 313 858 360 cacumen

233 402 338 461 liarum
346 401 522 476 propagatio,
534 414 608 475 quae
618 414 656 458 ex
667 400 760 473 primo
770 400 866 475 stipite
877 402 1024 475 tamquam
1034 401 1142 461 surculi
1152 416 1281 463 enascen-

236 493 277 546 tes
291 493 319 545 et
332 486 405 545 rami
420 485 535 544 vincula
549 501 587 543 ex
601 490 721 543 naturae
736 485 871 544 manibus
884 501 961 544 nexa
976 486 1051 545 iuter
1062 502 1093 545 se
1111 488 1235 546 retinent
1246 488 1280 545 ad

235 572 420 632 conferendas
435 576 533 630 mutuo
547 570 637 641 eirea,
654 575 687 628 ut
700 586 730 628 se
746 570 872 629 vicissim
886 570 984 629 iuvent
1000 576 1042 644 et,
1059 571 1178 629 servatis
1192 572 1280 631 citius·

235 672 291 731 que
304 656 424 727 iuribus,
436 668 618 713 communem
632 652 796 713 felicitatem
811 660 973 728 procurent.
986 656 1018 713 Et
1034 672 1103 713 saue
1119 656 1227 713 familia
1241 673 1282 715 so·

235 740 323 802 cictas
341 741 457 816 quidem
471 746 532 811 cst,
554 745 679 798 attamen
698 738 864 814 imperfecta
883 746 911 798 et
930 740 966 797 ad
982 740 1192 799 individuorum
1212 740 1281 799 indi·

235 826 338 901 gentlis
358 825 442 898 plene
463 824 697 883 satisfaciendum
716 824 837 882 minime
856 824 1012 883 suflicicns.
1034 826 1066 883 tt
1086 824 1282 899 imperfectum

235 927 294 970 uon
308 910 414 970 idcirco
429 925 447 967 a
460 917 562 969 natura
577 908 763 983 progignitur,
777 916 808 967 ut
825 910 879 968 lale
894 916 1022 983 manent,
1039 909 1089 967 sed
1105 914 1137 966 ut
1151 910 1181 969 in
1195 910 1282 983 peric

235 1002 313 1057 ctum
326 996 465 1069 gradatim
485 1001 627 1067 mutetur,
649 1002 734 1067 atque
752 995 788 1053 ad
807 995 946 1053 eiusmodi
968 996 1056 1053 buum
1072 993 1283 1053 inclinationem

234 1082 336 1155 recipit
350 1097 367 1139 a
381 1097 438 1155 qna
453 1081 565 1138 assidue
581 1079 747 1139 sollicitatur
763 1085 791 1139 et
810 1086 1001 1153 promovetur.
1018 1080 1090 1153 Ergo
1107 1080 1189 1138 iuxta
1204 1086 1283 1137 natu·

234 1182 284 1225 rae
304 1166 433 1224 ordinem
448 1172 476 1224 et
490 1165 606 1223 insitam
620 1164 680 1223 rim
700 1165 809 1225 familia
828 1166 883 1223 buc
900 1164 1007 1237 tendit,
1028 1169 1060 1222 ut
1079 1165 1285 1223 insacietatem

235 1252 390 1325 perlectam
414 1251 646 1322 transformetur,
668 1266 741 1325 quae
764 1249 873 1309 bomini
895 1250 1019 1309 iurando
1043 1249 1127 1323 plene
1151 1249 1282 1307 sufficiat.

236 1338 310 1395 llaec
323 1343 418 1395 autem
433 1336 533 1395 civitas
550 1336 594 1393 vel
611 1336 704 1394 civilis
721 1335 840 1393 societas
855 1335 1029 1393 nominatur.
1046 1334 1086 1393 td
1101 1350 1161 1393 rem
1176 1334 1283 1392 lulius:

239 1446 250 1472 r
268 1422 337 1479 Cum
353 1422 405 1479 boc
424 1419 461 1479 sit
479 1428 582 1479 natura
597 1436 750 1479 commuue
766 1422 896 1479 omnium
912 1419 1104 1478 animantium
1120 1426 1151 1476 ut
1164 1418 1286 1477 habeant

239 1528 250 1557 a
268 1504 416 1564 libidinem
433 1505 609 1578 procreandi,
623 1505 715 1578 prima
725 1505 845 1565 societas
860 1504 890 1563 iu
906 1504 967 1577 ipso
980 1504 1111 1575 coniugio
1128 1509 1179 1575 est,
1191 1502 1286 1577 proxi-

239 1614 251 1641 «
268 1606 317 1647 ma
331 1591 361 1648 in
373 1590 485 1663 liberis3
503 1590 605 1647 deiude
616 1606 674 1647 una
687 1590 798 1664 domus,
812 1590 976 1647 communia
991 1589 1098 1648 omnia.
1108 1588 1175 1647 lude
1190 1594 1287 1645 autaut

240 1700 251 1727 ι
270 1681 313 1733 est
327 1675 499 1749 principium
515 1675 594 1733 urbis
611 1680 640 1733 et
656 1676 739 1749 quasi
758 1675 944 1733 seminarium
960 1674 1145 1747 reipublicae.
1163 1673 1289 1745 Sequun-

240 1782 252 1810 α
269 1760 403 1817 turcuim
413 1760 534 1817 fratrum
545 1760 768 1833 coniunctiones,
779 1766 841 1833 post
851 1758 1087 1817 consobrinorum
1097 1756 1289 1815 sobrinarum-

241 1869 251 1896 ι
269 1861 337 1918 qne,
359 1846 408 1921 qui
427 1860 493 1903 cum
509 1862 567 1903 uua
581 1846 665 1904 domo
685 1846 744 1904 iarn
759 1846 823 1919 capi
840 1861 896 1905 non
913 1845 1036 1919 possint,
1058 1844 1089 1902 in
1105 1843 1174 1901 alias
1188 1842 1290 1903 domos

241 1951 252 1979 a
270 1934 416 2002 tamquam
430 1928 460 1987 in
475 1929 599 1989 colonias
614 1940 729 1989 exeunt.
744 1932 906 2005 Sequuntur
921 1928 1065 1989 connubia
1080 1933 1108 1987 et
1123 1928 1288 2000 affinitates,

241 2035 252 2064 a
269 2012 425 2085 exquibus
442 2013 528 2071 etiam
548 2013 643 2087 plnres
659 2016 922 2090 propinqui;.qnae
943 2013 1108 2091 propagatio
1129 2020 1157 2073 et
1178 2011 1291 2077 soboles

243 2120 254 2149 a
271 2098 350 2171 origo
365 2103 408 2155 est
422 2100 701 2172 rerumpublicarum
718 2102 742 2157 t,
763 2122 774 2151 a

273 2182 313 2239 En
328 2182 463 2256 grapbicc
477 2184 619 2257 descripta
634 2184 760 2258 genuina
775 2184 922 2244 civitatum
940 2188 968 2244 et
982 2185 1150 2261 populorum
1168 2199 1289 2257 genera·

239 2266 287 2338 tio,
301 2282 373 2340 quae
384 2283 440 2325 uon
450 2269 546 2327 minas
557 2269 660 2328 rationi
675 2286 762 2344 qnam
775 2269 909 2329 historiae
919 2270 1080 2345 respondet.
1098 2268 1218 2329 sienim
1230 2284 1290 2326 mo-

237 2357 375 2409 numenta
389 2360 550 2411 scrutamur
569 2354 663 2426 quoad
677 2355 893 2429 antiquissimas
912 2360 941 2413 et
957 2354 1157 2414 celeberrimas
1174 2362 1290 2427 gentes3

238 2451 286 2493 eas
300 2452 358 2494 non
372 2437 486 2497 aliunde
501 2438 583 2497 initio
598 2445 681 2497 natas
700 2446 728 2497 ct
742 2440 772 2497 in
788 2456 891 2514 corpus
904 2441 1047 2514 quoddam
1063 2440 1212 2514 politicum
1226 2455 1293 2498 coa·

238 2519 324 2580 luisse
337 2524 542 2596 comperimus,
560 2539 646 2596 quam
662 2541 700 2583 ox
715 2524 836 2583 alicuius
853 2526 973 2599 insignis
989 2526 1113 2585 familiae
1128 2528 1293 2585 successiva

238 2608 448 2681 propagatione.
471 2609 562 2676 Quare
579 2615 655 2682 patet
668 2609 782 2668 civilem
798 2612 961 2670 societatem
978 2628 1028 2686 pro
1044 2612 1160 2670 bomine
1175 2618 1294 2670 natura-

238 2692 296 2751 lem
311 2692 467 2767 appellari,
488 2708 546 2751 nou
564 2695 648 2752 modo
668 2695 736 2768 quia
751 2696 813 2753 eius
827 2705 946 2755 naturae
964 2697 1093 2771 apprime
1107 2702 1247 2757 consonat
1266 2702 1295 2755 et

238 2778 335 2834 omnia
349 2794 422 2850 quae
441 2778 548 2852 inipso
564 2780 681 2837 suntad
696 2780 774 2837 illam
789 2781 943 2839 ineundam
959 2781 1122 2855 impellunt,
1140 2799 1240 2841 veretur
1265 2799 1295 2841 e-

240 2861 308 2918 tiam
322 2862 574 2935 quiaelementum
587 2864 667 2936 illud,
680 2866 756 2938 quod
772 2866 846 2924 banc
861 2867 1069 2925 ordinationem
1086 2874 1114 2927 et
1129 2868 1296 2943 propensio·

238 2960 304 3003 nem
320 2947 435 3017 explere
449 2947 542 3022 debet,
560 2949 584 3007 si
600 2949 629 3007 in
641 2950 733 3023 primo
744 2965 795 3011 suo
809 2952 883 3010 fonte
899 2952 1103 3026 consideretur,
1118 2954 1225 3012 facttuu
1242 2954 1295 3011 ali·

239 3032 314 3105 quod
331 3032 458 3091 naturale
473 3040 525 3106 est,
543 3050 646 3108 uempe
661 3036 875 3095 individuorum
890 3042 917 3095 et
932 3037 1106 3097 familiarum
1121 3038 1296 3112 multiplica-

241 3118 278 3173 tio
297 3131 349 3189 ope
368 3115 503 3189 coniugii.
523 3119 578 3177 Nec
598 3119 795 3179 difficultatem
816 3120 866 3179 tibi
885 3121 996 3193 ingerat
1014 3124 1089 3196 quod
1109 3138 1127 3181 a
1145 3122 1296 3181 voluntate

239 3200 451 3259 individuorum
474 3203 576 3275 pendet
596 3220 631 3261 na
653 3211 865 3264 succrescentes
881 3206 1006 3265 familiae
1027 3208 1083 3266 alio
1099 3208 1249 3267 discedant
1267 3214 1297 3267 et

239 3290 338 3343 muare
358 3293 533 3359 separentur.
554 3290 624 3347 ,latu
639 3290 668 3347 iu
690 3291 791 3363 primis
812 3292 951 3351 eiusmodi
974 3293 1105 3353 voluntas
1123 3310 1208 3367 saepe
1228 3294 1296 3351 ofli-

240 3370 316 3429 cinm
331 3372 465 3430 subaudit
481 3374 622 3448 abeoquo
640 3375 799 3450 obligatur,
823 3392 888 3435 cnm
904 3378 1035 3437 videlicet
1052 3380 1160 3454 aliquid
1176 3380 1298 3443 Mami-

238 3455 286 3513 liis
299 3456 476 3529 implendum
492 3464 617 3533 apparet,
635 3462 711 3536 qued
725 3466 806 3520 extra
821 3464 996 3522 consortium
1012 3464 1080 3524 illud
1096 3464 1189 3537 civile,
1201 3480 1219 3522 a
1233 3480 1299 3538 quo

240 3541 365 3613 separari
377 3556 477 3614 possen
483 3548 499 3614 t,
510 3545 647 3616 praestari
658 3545 704 3603 rel
719 3546 841 3606 obtineri
857 3556 988 3622 nequent.
1000 3550 1041 3607 Ex
1056 3565 1112 3623 qua
1126 3550 1159 3611 lit
1172 3564 1301 3623 genera·

1368 3378 1371 3495 l

240 3624 292 3681 tim
303 3630 401 3684 utnon
412 3641 512 3686 omnes
522 3629 670 3689 societates
680 3631 945 3707 sintaoluntorioc,
960 3635 1009 3693 sed
1020 3635 1133 3709 aliquae
1148 3635 1205 3693 sint
1219 3634 1301 3693 obli·
1370 3676 1371 3681 η

239 3708 381 3779 pateriae.
393 3710 498 3769 beiude
513 3713 624 3774 etiamsi
640 3715 676 3773 ad
687 3716 917 3777 coniunctionem
929 3719 1007 3779 illam
1017 3720 1196 3780 retinendam
1208 3735 1300 3794 prae-

285 3887 296 3928 t
314 3890 348 3933 ne
364 3891 475 3949 optatu.
490 3892 509 3955 1,
522 3910 542 3939 ι.
560 3893 599 3941 tr.
