2767 4492
10 517 17 770 Ι

9 889 11 970 t

341 313 415 364 rans
428 310 739 360 sanun-meonetius
752 311 922 362 1111111111
1101 283 1153 363 est
1239 353 1246 360 .

520 485 690 544 Anrrcmus
709 483 742 541 ll.

479 655 519 716 Dc
533 655 638 716 divino
651 654 783 724 scientio,

148 831 208 891 160.
220 831 309 890 111111
325 827 513 904 intelligentia
530 827 706 902 scientiaque
721 840 783 885 esse
794 825 955 899 praeditum
970 830 1157 893 confessores

112 921 164 974 est.
182 916 294 975 Praeter
308 915 385 974 enim
395 928 483 988 quam
498 911 573 986 quod
586 911 687 970 mundi
702 911 771 971 ordo
786 910 996 985 pulcherrimus
1009 913 1100 974 Deum
1114 933 1158 976 sa-

112 1000 322 1074 pientissimum
335 1013 434 1058 rerum
444 997 568 1055 declarat
578 995 733 1069 artificem3
750 995 823 1053 aliae
836 996 927 1056 molto
937 995 1078 1057 faciliores
1093 1015 1158 1074 sup

113 1089 213 1159 petunt
231 1083 371 1156 rationes,
396 1097 470 1157 quae
493 1081 640 1140 veritatem
661 1080 736 1138 lranc
755 1079 884 1138 maxima
902 1081 934 1140 in
952 1081 1016 1142 luce
1036 1095 1156 1158 ponunt.
1199 1134 1202 1143 .

112 1167 254 1243 Principio
266 1169 344 1232 enim
360 1167 385 1226 si
398 1167 542 1225 humanus
557 1166 680 1238 animus,
699 1164 748 1238 qui
763 1170 875 1223 creatus
890 1181 908 1224 a
922 1165 978 1225 lieo
992 1173 1044 1241 est,
1055 1168 1159 1230 intelli·

114 1253 359 1326 gentiadonatur3
372 1250 488 1324 quidde
501 1249 607 1324 opifice
621 1249 693 1323 ipso,
703 1264 783 1324 aquo
798 1249 846 1308 ille
859 1252 996 1324 manavit,
1007 1252 1160 1313 dicendum
1240 1279 1248 1292 =

114 1337 181 1394 erit?
191 1337 232 1394 dn
243 1337 362 1396 allectus
370 1335 503 1394 sortietur
513 1333 631 1407 aliquid,
643 1334 678 1391 ad
688 1333 894 1409 perfectionem
904 1350 962 1394 non
971 1335 1064 1395 levem
1073 1339 1160 1396 attin-

118 1435 205 1495 gens,
222 1437 278 1494 quo
294 1427 389 1478 tamen
406 1434 493 1478 causa
509 1419 692 1477 destituitur?
707 1419 737 1477 ld
750 1418 776 1478 si
795 1419 892 1492 lieret,
912 1419 1030 1479 effectus
1044 1436 1162 1480 causam

116 1509 273 1577 superaret,
285 1511 369 1578 atque
385 1503 447 1562 ideo
463 1503 495 1561 11
509 1502 564 1580 hac
578 1509 658 1575 parte
669 1502 731 1560 sine
742 1517 829 1561 causa
838 1503 1010 1576 gigneretur.
1020 1504 1127 1564 Deinde
1137 1507 1163 1564 si

115 1589 198 1662 licus,
215 1593 310 1664 utpote
325 1588 466 1654 inlicitus,
478 1588 622 1647 realitates
638 1603 738 1647 omnes
748 1587 992 1665 perlectionesqoe
1006 1590 1161 1664 simplices,

6 1701 7 1730 r
115 1673 238 1748 demptis
253 1674 392 1733 limitibus
406 1679 434 1732 et
449 1672 622 1747 defectibus,
642 1672 726 1745 plene
746 1671 956 1747 complectitur;
974 1673 1118 1733 intellectu
1135 1681 1164 1734 ct

115 1758 235 1818 scientia
244 1759 366 1832 gaudeat
374 1774 490 1818 necesse
501 1763 552 1830 est,
562 1772 635 1831 quae
645 1755 832 1831 proculdubio
841 1756 872 1814 11
883 1758 1086 1830 perlectionem
1097 1758 1164 1818 sim·

114 1841 559 1916 pliciumnomerocontinentur.
569 1841 712 1900 Postremo
720 1841 963 1914 exspiritualitate
972 1842 1087 1900 divinae
1096 1843 1164 1900 sub·

118 1925 238 1986 stantiae
253 1927 328 1985 idem
345 1927 446 1986 elucet.
464 1927 561 1985 Omnis
576 1926 653 1983 enim
664 1924 823 1983 substantia
835 1924 991 1998 spiritualis
1002 1926 1165 2000 cognitione

118 2016 146 2068 et
159 2011 347 2085 intelligentia
361 2011 520 2068 instruatur
532 2013 651 2082 oportet.
670 2008 762 2076 Ouare
775 2022 841 2066 cum
855 2008 930 2066 licus
942 2011 1070 2069 maxime
1083 2010 1166 2085 spiri·

119 2094 203 2153 tualis
217 2095 271 2160 sit;
288 2094 445 2152 maximam
462 2108 573 2166 quoque
589 2091 808 2165 intelligentiam
822 2097 852 2151 et
865 2092 1015 2152 scientiam
1033 2095 1089 2154 sibi
1105 2096 1165 2154 rin·
1272 2103 1278 2123 ·

118 2177 204 2236 dicat.
222 2177 275 2236 Sed
290 2177 321 2235 in
336 2193 368 2236 re
384 2182 441 2235 tani
456 2180 533 2235 certa
551 2175 659 2234 diutius
674 2176 824 2234 immorari
839 2192 897 2235 non
911 2183 1050 2255 praestat3
1067 2180 1104 2239 ad
1117 2196 1167 2240 na·

121 2265 215 2320 turam
232 2261 327 2334 potios
341 2266 369 2319 et
383 2261 494 2319 obiecta
507 2259 623 2318 divinae
639 2260 810 2333 cognitionis
824 2262 956 2322 rimanda
969 2279 1131 2339 pergamus.

156 2345 217 2404 tot.
233 2345 364 2404 Divinam
380 2344 582 2418 cognitionem,
600 2349 697 2417 utpote
712 2359 786 2418 qnae
800 2361 837 2404 ex
852 2345 964 2405 infinita
980 2351 1101 2421 emergit
1115 2365 1166 2408 na·

119 2433 198 2503 tura,
215 2429 359 2492 infinitam
374 2430 460 2488 etiam
476 2445 538 2488 esse
561 2433 679 2502 oportet.
698 2428 836 2496 Quocirca
851 2431 887 2490 ad
902 2432 1020 2504 quaevis
1035 2433 1164 2507 obiecta,
1180 2501 1185 2508 .

120 2529 194 2588 quae
212 2514 362 2574 veritatem
381 2515 508 2589 aliquam
527 2514 582 2573 sibi
602 2514 764 2590 implicant,
780 2515 890 2589 porrigi
908 2515 1002 2574 debct.
1024 2516 1080 2574 Nec
1099 2531 1167 2574 vero

120 2598 331 2658 successionem
346 2599 436 2658 ullam
451 2600 579 2672 includit,
598 2600 647 2658 sed
662 2613 720 2657 nno
736 2599 893 2672 eodemque
908 2613 1022 2672 semper
1036 2599 1166 2658 consistit

120 2686 200 2755 actu3
217 2683 291 2744 lteus
307 2685 385 2743 enim
398 2685 541 2745 internam
552 2699 668 2744 ornnem
684 2685 793 2759 respuit
801 2683 999 2741 mutationem.
1011 2682 1053 2740 Er
1063 2698 1119 2757 quo
1135 2683 1168 2741 fit

121 2771 152 2826 ut
160 2767 212 2827 liei
221 2769 340 2827 scientia
351 2777 466 2830 aeterna
476 2771 522 2829 sit.
535 2771 604 2828 'iram
615 2769 702 2827 etiam
716 2767 868 2825 subiectior
878 2766 1015 2839 inspecta,
1025 2782 1076 2824 eeu
1086 2773 1170 2839 praurt

121 2851 211 2910 Deum
221 2853 325 2925 allisit,
342 2853 471 2913 absoluta
487 2855 562 2925 viget
577 2851 762 2922 necessitate,
778 2865 833 2908 nec
847 2851 945 2923 augeri
959 2851 990 2910 in
1006 2865 1038 2908 se
1053 2851 1098 2909 vel
1114 2851 1167 2910 im·

121 2935 215 2994 minui
228 2939 329 3006 potest.
345 2937 472 3009 lemque
485 2937 553 2994 licet
566 2935 602 2992 ad
619 2938 739 2992 externa
762 2932 819 2992 lieo
833 2933 945 2992 obiecta
960 2934 1110 3008 referatur,
1128 2939 1168 2992 ta·

121 3033 189 3076 men
207 3033 245 3074 ex
258 3017 318 3089 liis,
336 3019 431 3089 quoad
450 3019 494 3076 sui
514 3016 718 3091 perlectionem
733 3021 762 3074 et
776 3021 887 3089 actum,
903 3016 1024 3077 minime
1046 3019 1164 3092 pendet,

122 3100 172 3160 sed
186 3101 272 3159 unice
288 3115 325 3158 ex
340 3101 453 3159 interna
467 3101 515 3158 liei
530 3100 659 3158 realitate
674 3098 812 3158 dimanat.
824 3100 951 3176 lienique
965 3101 1024 3162 labi
1039 3118 1169 3176 unquam

122 3188 172 3243 aut
185 3199 281 3244 111111
295 3199 411 3258 prorsus
425 3185 538 3258 nequis
556 3183 698 3257 siquidem
709 3183 918 3258 perfectissima
928 3190 972 3245 est
985 3185 1170 3260 ab'omniqos

123 3269 236 3330 deiecto
249 3268 349 3330 libera.

161 3354 222 3414 tot.
240 3355 288 3413 llis
301 3354 466 3429 praetactis,
483 3353 545 3414 eius
560 3353 709 3413 innuenda
731 3355 846 3430 partitio
860 3360 917 3430 est3
934 3371 1008 3431 qnae
1027 3371 1065 3415 ex
1080 3355 1173 3414 divor·

122 3439 204 3498 sitate
217 3439 337 3512 obiecti,
354 3438 385 3499 11
404 3455 460 3512 ouo
479 3443 621 3512 versatur,
638 3440 777 3514 exsurgit.
794 3441 868 3500 ileos
890 3441 987 3515 itaque
1001 3457 1036 3501 ea
1057 3440 1169 3514 omnia,

122 3538 196 3597 quae
209 3529 276 3584 sunt
290 3529 340 3583 aut
353 3524 433 3584 luere
449 3529 498 3586 aut
513 3529 598 3584 erunt
612 3529 661 3584 aut
676 3540 739 3585 esse
754 3525 855 3585 saltem
868 3531 1008 3601 possunt,
1025 3526 1179 3600 perlectis.

123 3607 196 3668 sima
209 3609 318 3670 ratione
332 3610 486 3684 cognoscit.
502 3611 588 3670 Secus
603 3610 666 3669 eius
681 3611 800 3671 scientia
813 3611 927 3670 infinita
939 3627 998 3671 non
1012 3616 1097 3685 esset,
1113 3627 1168 3671 nce

123 3707 238 3752 omnem
252 3693 405 3769 respiceret
418 3695 576 3755 veritatem.
594 3696 666 3756 Hinc
680 3701 724 3756 cst
738 3700 769 3754 ut
782 3712 835 3771 pro
849 3695 962 3755 diversa
976 3696 1081 3756 obiecti
1101 3711 1168 3755 con·

123 3776 245 3851 ditione,
261 3779 344 3854 plura
364 3780 482 3840 nomina
501 3782 577 3857 apud
593 3781 747 3856 Theologos
767 3780 865 3841 divim
884 3781 1009 3855 cognitio
1026 3781 1163 3840 induerit.

123 3861 193 3930 llam
202 3863 233 3922 in
242 3869 381 3950 quantum
390 3881 425 3924 ea
438 3865 555 3940 respicit
565 3882 638 3941 quae
648 3866 799 3940 1111111111
813 3867 997 3927 existentiam
1007 3866 1166 3929 conduntur
