2767 4492
272 304 326 363 tit
720 316 883 363 acaunum

308 402 363 462 Sed
377 401 499 476 longius,
516 414 603 476 quam
617 415 671 476 par
684 405 741 465 est.
755 400 990 475 progrederemur
1004 400 1029 460 si
1043 414 1140 459 omnes
1153 414 1297 475 repugnan-

272 486 326 546 tias
341 488 427 546 buius
441 486 589 546 delirantis
607 485 751 561 sophistae
767 485 844 558 tangi
861 485 975 545 vellent.
994 485 1034 545 dd
1052 484 1199 545 nonnullas
1213 484 1297 543 absur-

270 574 323 631 das
337 572 493 646 illationes,
506 587 580 646 quae
594 588 631 630 ex
646 570 709 630 eius
724 576 876 645 systemate
890 574 1121 644 eonsennnntnr,
1137 570 1281 628 veniamus.

306 657 393 716 l’rob.
407 656 463 715 tlt.
475 674 510 716 ca
524 655 662 715 absurdis
676 671 756 731 quac
769 662 959 715 enascantur.
974 654 1101 715 Primam
1115 654 1204 714 omnis
1216 668 1296 712 mora·

269 741 336 802 litas
348 747 539 801 evanesceret.
551 742 622 801 llam
637 747 762 815 systema
776 740 831 799 hoc
844 740 954 798 nrrllam
969 740 1143 815 superiorem
1157 738 1242 812 legem
1254 736 1296 795 ho·

268 826 341 886 mini
356 832 385 886 et
398 826 453 900 ipsi
468 826 595 885 societati
610 825 788 900 impositam
805 823 917 883 nullum
932 818 1103 884 relationum
1121 824 1242 883 ordinem
1255 826 1296 881 ant

269 911 357 969 finem
372 927 390 969 a
403 910 548 970 voluntate
565 917 624 972 tum
638 910 816 983 singulorum
836 914 896 967 tum
914 910 1002 969 etiam
1021 909 1107 969 totius
1125 907 1243 982 corporis
1259 922 1295 965 so·

268 996 348 1055 cialis
362 995 600 1070 indepcrrdentem
614 995 755 1069 agnoscit;
772 994 821 1052 sed
837 994 967 1053 amnium
982 993 1093 1053 iunium
1109 999 1138 1053 et
1151 992 1294 1053 ciliciorum

268 1081 376 1139 tentem
393 1079 423 1138 in
442 1079 502 1139 sola
519 1078 615 1154 populi
640 1078 731 1137 libera
755 1078 901 1139 voluntate
924 1079 1082 1138 constitnit.
1101 1078 1174 1137 llaec
1191 1076 1295 1136 unicum

268 1164 440 1239 principium
454 1171 498 1223 est
511 1170 539 1223 et
552 1165 641 1223 iudex
654 1164 789 1237 iustitiae,
806 1162 984 1237 moralitatis,
1002 1163 1157 1238 religionis
1173 1160 1294 1238 quidquid

269 1249 319 1307 itta
333 1250 464 1324 imperat,
481 1256 612 1309 sanctum
626 1255 682 1323 est;
700 1249 839 1324 quidquid
854 1256 953 1309 contra
967 1250 1112 1328 prohibet,
1127 1254 1169 1309 est
1181 1255 1264 1323 torpe.

302 1334 441 1407 Secundo,
458 1334 612 1394 socialismi
626 1342 655 1394 et
668 1334 870 1394 communlsmi
886 1334 997 1393 semina
1013 1334 1148 1394 continet.
1164 1334 1229 1393 Nam
1244 1347 1292 1392 non

265 1420 351 1479 modo
367 1417 480 1478 titulum
497 1419 569 1479 iuris
582 1419 696 1479 nonnisi
712 1435 729 1478 a
743 1418 803 1479 sola
823 1420 933 1479 ratione
952 1418 1141 1481 derivandum
1161 1417 1290 1494 praecipit,

266 1503 382 1563 omnini
394 1519 510 1578 prorsus
519 1504 646 1580 detracta
660 1505 743 1563 tactis
758 1504 908 1578 historicis,
920 1505 1056 1579 aquibus
1070 1510 1196 1565 concrete
1205 1502 1292 1562 iusde·

267 1587 448 1661 terminatum
462 1602 560 1646 verum
575 1589 712 1648 etiamad
727 1603 842 1649 omnem
857 1590 1055 1650 conditionum
1066 1586 1291 1649 socialiumvarie

268 1679 354 1733 tatem
368 1674 570 1733 destruendam
587 1674 770 1734 vehementer
783 1675 912 1736 inclinat.
928 1676 998 1735 Nam
1014 1676 1169 1750 perlectam
1187 1670 1292 1746 aequali·

266 1763 352 1815 tatem
367 1757 461 1831 lubet;
478 1759 605 1832 perlecta
618 1766 714 1818 autem
730 1760 885 1835 aequalitas
895 1760 969 1819 inter
983 1760 1062 1819 cives
1070 1758 1189 1819 obtineri
1199 1756 1289 1831 nequit,

265 1840 322 1899 nisi
339 1840 417 1900 omni
430 1843 625 1901 conditionum
640 1849 669 1902 et
682 1844 790 1903 iuriam
804 1846 967 1905 diversitate
982 1845 1107 1905 sublata.

302 1925 405 1999 lertio,
420 1942 477 1985 non
493 1928 578 1986 modo
595 1926 780 1988 rebellionem
797 1929 952 2003 legitimam
974 1930 1051 2003 iacit,
1075 1932 1124 1991 sed
1145 1928 1290 1989 anat-elnam

264 2010 349 2085 pitane
362 2010 462 2069 sancit.
478 2010 549 2069 Nam
562 2011 683 2086 populus
699 2013 875 2073 nullomodo
900 2022 1137 2111 repraesentatus
1158 2014 1205 2074 sed
1222 2013 1249 2072 in
1265 2025 1289 2068 sc

264 2102 292 2153 ct
305 2110 355 2169 per
369 2110 400 2153 se
414 2101 544 2189 sumptus
554 2097 736 2157 constituitur
747 2104 891 2173 minanam
906 2100 1038 2174 princeps
1049 2100 1196 2159 absolutus
1205 2097 1288 2156 etsons

263 2184 292 2236 et
305 2178 477 2252 principium
491 2180 576 2240 totius
590 2180 700 2241 ordinis
715 2182 831 2258 politici,
848 2199 935 2257 quem
948 2198 999 2257 pre
1014 2182 1107 2244 lubito
1118 2182 1290 2244 commntctat

260 2262 409 2410 ἰιὶἷιθιιιιιῗῖο,
421 2336 496 2433 qnod
505 2338 673 2401 incredibile
687 2339 779 2400 videri
796 2345 901 2416 posset,
918 2356 985 2401 cum
998 2340 1053 2400 hac
1068 2341 1288 2415 anarclsiatpran

260 2418 358 2478 nidem
372 2423 488 2483 omnino
502 2422 711 2484 intolerandam
722 2424 827 2499 iungit;
841 2424 984 2499 siqnidem
993 2424 1061 2484 lrnia
1071 2427 1175 2502 populo
1185 2426 1288 2495 sicvnge

259 2511 376 2578 accepto
389 2506 434 2565 ins
449 2506 511 2566 sine
525 2508 616 2568 limite
632 2509 732 2569 tribuit
746 2515 877 2583 respectu
888 2510 1017 2569 omniurn
1028 2507 1289 2581 individuorum3ita

259 2594 292 2646 ιιι
304 2588 397 2663 ipsam
411 2591 579 2665 religionem
593 2592 630 2651 ad
642 2600 759 2667 captum
773 2594 938 2653 deuterum
951 2594 1170 2669 conformatam,
1181 2609 1247 2669 quaa
1256 2607 1288 2649 so

259 2672 316 2815 latin
331 2674 379 2733 Dei
390 2675 570 2736 existentiam
581 2677 688 2751 doceat,
702 2676 822 2751 singulis
838 2678 965 2753 imponat
979 2679 1032 2738 sub
1044 2695 1138 2754 poena
1148 2678 1241 2755 eapitis
1250 2678 1288 2734 ant

259 2772 291 2815 sa
304 2764 361 2816 tem
374 2759 464 2820 exilii.

660 2932 839 2995 Pnorosrnro
855 2934 887 2996 ΙΙ.

322 3084 327 3102 “
392 3096 492 3162 Ciuilis
503 3110 628 3177 potestas
640 3120 694 3180 pcc
706 3122 735 3166 sc
748 3084 979 3251 spagtataa'llco
995 3106 1166 3171 ιἰιιιιιιιιὶαιι

707 3208 791 3266 proce
814 3201 835 3253 ct
1331 3218 1334 3374 <

292 3353 353 3416 tal.
368 3354 454 3417 Prob.
470 3357 565 3418 Civilis
579 3360 708 3434 societas,
725 3377 813 3435 quam
827 3360 937 3423 bomini
951 3366 1111 3425 naturalem
1121 3382 1185 3427 asse
1199 3362 1285 3440 proba·
1330 3380 1332 3458 1

256 3439 360 3515 simus,
377 3441 439 3503 sine
453 3440 588 3517 suprema
601 3452 748 3520 potestate,
765 3462 802 3506 ne
817 3455 912 3508 mente
931 3450 1045 3523 quidem
1066 3451 1178 3525 concipi
1198 3450 1331 3542 pateat·

256 3526 443 3601 llequitenim
459 3527 570 3602 concipi
587 3534 676 3589 totum
686 3532 811 3607 aliquod,
823 3532 893 3606 auin
904 3534 989 3593 simul
1000 3535 1197 3609 concipiantur
1207 3486 1331 3624 parttt

257 3625 331 3683 quae
347 3613 383 3670 ad
398 3612 461 3671 eius
475 3614 628 3673 essentiam
642 3617 870 3692 constituendam
884 3624 1067 3679 concurrunt.
1083 3620 1237 3679 Auctoritas
1249 3628 1288 3673 nu·
1328 3656 1329 3708 ,

257 3698 323 3770 tem,
341 3700 372 3754 ut
386 3695 458 3755 alias
472 3698 649 3759 ostendimus
665 3702 675 3747 t
682 3715 773 3776 ,pars
787 3702 945 3763 essentialis
960 3710 1003 3764 est
1018 3705 1170 3767 societatis
1326 3718 1328 3792 ι

248 3882 254 3893 ’
300 3870 311 3921 l
331 3874 413 3937 Capite
427 3878 550 3941 superiori
559 3882 601 3927 art.
613 3878 639 3933 l.
1323 3796 1327 3961 i
