2767 4492
519 216 598 268 runis
611 214 756 268 3133333
1107 197 1159 265 tto

119 314 184 372 ante
198 305 361 375 exhibebat,
373 307 492 383 eoquod
506 308 676 367 commercio
691 308 831 366 destinata
847 322 900 365 non
913 304 989 379 erat3
1005 319 1061 363 non
1074 304 1163 363 atium

119 398 243 455 satorem
258 400 369 469 praeter
382 392 563 464 obsignatum
581 393 672 450 offert.
697 393 774 461 Quoti
793 392 817 451 si
837 392 970 465 deinceps
992 392 1164 449 mutuatario

121 482 233 541 lucrum
246 481 388 554 importat,
406 479 541 535 iniustum
568 484 611 536 est
623 483 655 535 ut
671 477 812 551 perseius
828 478 967 535 mutuanti
990 476 1086 549 cedat3
1105 484 1165 534 tum

122 568 189 641 quia
200 581 246 624 res
260 565 373 623 domino
389 563 466 623 utitis
481 579 543 621 esse
559 563 643 621 dehet
660 563 722 636 iper
739 570 870 620 mutuum
891 568 985 619 autern
1010 562 1166 635 proprietas

121 651 269 725 pecuniae,
287 655 317 707 ut
332 648 401 721 diui,
418 648 447 706 in
462 648 667 707 mutuatarium
683 646 870 718 transfertur),
884 646 1038 703 tumetium
1054 645 1120 719 quia
1130 660 1167 703 ex

122 736 208 794 huius
223 734 363 793 industria
378 733 489 791 lucrum
505 734 663 806 enascitur3
680 732 819 792 iniustum
835 738 929 789 autem
945 738 988 790 est
998 732 1115 789 atterius
1125 729 1168 789 in·

124 820 249 879 drrstriae
263 819 319 879 sihi
333 819 456 876 tractum
471 833 619 891 usurpare.

162 906 222 964 120.
240 905 352 974 Verum,
372 908 403 962 at
418 903 490 961 haec
504 918 574 962 vera
597 902 663 974 sint,
682 907 776 962 tameo
795 908 886 976 potest
902 899 1079 973 3331313331]
1096 912 1170 959 com·

125 991 263 1049 mercium
280 989 511 1063 promovendum,
522 988 632 1046 sancire
648 995 679 1046 ut
693 988 900 1062 quipeeuniam
913 996 1039 1045 mutuam
1056 985 1168 1059 accipit,

127 1077 233 1149 31133111
252 1076 330 1133 danti
346 1074 491 1144 retribuat,
513 1075 587 1147 quoti
609 1074 727 1131 tucrum
748 1074 836 1145 itpoio
861 1073 916 1130 ttici
940 1078 1037 1145 potest.
1056 1072 1123 1129 Nam
1140 1071 1170 1129 in

130 1161 272 1236 praesenti
294 1160 458 1217 commercii
481 1160 669 1233 amptitudine
688 1166 717 1219 et
736 1160 865 1217 vastitate
880 1159 1018 1225 mutuatio
1036 1156 1173 1229 pernitiae

128 1263 184 1305 nou
201 1246 284 1303 modo
300 1243 466 1315 utilissima,
483 1259 582 1301 verum
605 1245 691 1301 etiarn
714 1243 830 1301 omuino
852 1242 1010 1301 necessaria
1026 1240 1124 1307 errarit.
1142 1240 1175 1297 nt

128 1332 210 1388 ratde
221 1330 372 1387 difficulter
382 1328 632 1401 invenirenturqui
644 1344 706 1386 eam
717 1338 845 1386 mutuam
857 1330 965 1399 darent,
978 1328 1000 1383 si
1013 1326 1089 1383 uuita
1101 1325 1174 1383 utiti-

130 1420 186 1473 tate
201 1414 398 1485 allicerentur3
412 1428 447 1469 ex
463 1429 518 1485 qtto
533 1416 704 1472 commercia
720 1421 747 1471 et
762 1428 856 1470 reram
875 1412 1094 1486 permutationes
1115 1426 1173 1467 ma-

130 1513 218 1573 guum
241 1496 442 1555 detrimentum
466 1504 609 1571 caperent.
637 1498 761 1555 Societas
781 1498 875 1570 igitur,
893 1505 923 1555 ut
942 1496 1015 1553 bonu
1030 1492 1175 1553 communi

81 1607 84 1611 ·
130 1583 293 1659 prospiciat,
310 1582 383 1640 sieut
402 1582 561 1655 uectigalia,
579 1582 685 1641 tributa
699 1589 727 1643 et
750 1583 805 1639 3113
824 1596 911 1639 onera
927 1597 976 1653 pro
993 1579 1105 1654 publiea
1122 1577 1174 1636 uti·

131 1670 211 1727 litate
226 1668 371 1741 imponere
385 1666 540 1737 individuis
554 1673 661 1741 potest3
679 1669 719 1725 ita
734 1668 820 1725 etiam
831 1666 876 1723 ius
886 1666 970 1723 hahet
986 1664 1175 1737 praescriben-

133 1754 162 1812 di
181 1758 212 1811 ut
228 1753 277 1827 qui
293 1758 409 1810 mutuae
430 1752 569 1825 pecuniae
582 1751 723 1809 beneficio
740 1751 793 1809 irui
810 1756 882 1821 aret,
900 1750 1119 1807 tteterminatum
1137 1747 1176 1805 lu·

133 1853 214 1895 crum
228 1836 368 1896 mutuanti
383 1836 527 1909 rependat.
544 1836 622 1893 Tunc
633 1836 702 1893 ittust
714 1836 841 1909 accipere
855 1835 975 1893 tieeoita
989 1833 1175 1905 mutuatario;

135 1922 274 1995 siquidem
290 1938 348 1979 nou
360 1921 498 1993 accipitur
513 1926 649 1993 utusura,
666 1920 714 1978 sed
731 1926 762 1977 ut
773 1919 930 1993 praemium
947 1935 963 1977 a
980 1921 1038 1990 tege
1049 1925 1174 1974 curatum.

135 2006 266 2064 Virinnae
281 2007 315 2064 de
329 2023 360 2064 re
374 2006 572 2079 Taparetlium,
585 2005 661 2079 apud
670 2020 756 2078 quem
772 2004 845 2061 haue
856 2004 1005 2075 materiam
1021 2000 1174 2075 attigeritis·

136 2092 208 2150 sime
224 2097 421 2163 pertractatam
436 2082 565 2150 iuvenies
582 2094 606 2149 1.

183 2401 194 2451 1
214 2406 298 2467 Saepto
312 2406 419 2455 teorett'eo
434 2406 460 2453 dt*
476 2408 549 2455 dritto
564 2404 675 2454 naturate
691 2421 734 2451 ecc.
754 2402 809 2450 nin.
829 2400 865 2467 tv,
883 2418 902 2448 e.
921 2400 957 2463 IV,
974 2408 1014 2449 art.
1032 2398 1054 2448 t.
