2767 4492
219 299 256 362 62
663 304 825 355 mrumru

222 421 234 453 ι
256 410 325 455 rens
339 397 382 454 est
394 389 491 469 aliquo
513 391 598 452 modo
614 407 680 467 pars
692 398 722 452 et
738 392 901 468 membrum
923 386 1008 450 totius
1025 388 1179 451 societmis.
1195 385 1262 458 Oui·

223 504 234 534 r
255 495 379 553 cumque
392 495 460 552 ergo
474 478 533 552 agit
546 478 655 552 aliquid
668 476 698 536 iu
713 474 823 536 honum
837 475 882 534 vel
896 475 1006 534 melrnn
1028 474 1150 534 alicuius
1163 474 1195 536 iu
1216 491 1264 536 eo·

223 589 235 620 r
255 565 356 624 cietete
367 563 528 636 ,existentin
545 563 599 622 noc
613 562 755 622 redundat
767 562 800 620 in
818 567 907 620 totam
921 559 1100 620 mdetntem:
1115 559 1191 619 sicut
1212 559 1264 634 qui

224 673 236 702 ι
256 649 343 708 incdit
358 663 496 721 manum,
513 663 564 722 per
576 661 757 721 consequens
773 645 859 706 incdit
872 645 1028 706 homiuem.
1045 647 1115 704 dum
1129 659 1198 720 ergo
1209 645 1263 704 nii-

224 757 237 788 «
256 734 321 807 puis
335 733 394 806 agit
408 734 437 791 in
452 732 560 792 honum
575 731 621 790 rei
636 732 744 790 utrium
757 728 875 789 citerius
887 727 1043 804 singularis
1054 743 1201 802 personae,
1217 745 1265 788 rn-

225 841 236 870 ι
256 818 298 876 dit
309 817 351 876 ibi
364 817 515 891 dupliciter
529 817 602 876 ratio
617 816 712 876 meriti
726 815 771 874 vei
785 814 926 874 demeriti.
940 813 1000 875 lino
1010 813 1095 874 modo
1104 813 1266 874 secundum

224 924 234 956 ι
254 901 330 976 quod
343 901 463 962 debetur
475 901 504 960 ei
518 901 667 961 retributio
680 916 700 958 a
713 898 851 973 singulari
870 913 1002 973 persons
1018 913 1107 974 quam
1125 898 1206 959 iuvat
1219 899 1265 958 rei

225 1009 236 1040 ι
257 985 388 1060 offendit,
405 987 460 1045 aiio
475 987 559 1045 modu
582 985 741 1045 secundum
754 985 831 1058 quod
849 983 969 1044 debetur
982 985 1010 1043 ei
1032 983 1181 1044 retributio
1194 999 1215 1042 a
1228 990 1267 1044 to

226 1093 236 1125 ι
255 1075 283 1130 to
296 1071 425 1144 cuitegio.
442 1069 559 1140 Quando
571 1085 637 1129 vero
650 1069 755 1143 aliquis
768 1068 882 1128 ordinet
890 1074 989 1128 ectum
1002 1067 1107 1127 directe
1116 1067 1148 1128 iu
1158 1067 1269 1128 bonum

226 1177 237 1208 ι
259 1155 303 1214 ret
316 1153 424 1213 mnium
439 1154 525 1214 tou'us
537 1153 660 1228 coiiegii,
678 1151 833 1213 debeturer‘
847 1151 998 1212 retributio
1008 1151 1102 1228 primo
1111 1152 1230 1226 quidem
1239 1157 1269 1211 et

227 1262 238 1292 ι
259 1238 455 1312 principaliter
469 1253 487 1296 a
502 1243 559 1297 toto
573 1237 702 1312 coiiegio,
718 1236 889 1296 secundario
904 1245 971 1297 vero
984 1235 1022 1296 nb
1036 1234 1171 1296 omnibns
1184 1237 1269 1296 code

226 1345 238 1375 ι
257 1321 298 1396 gii
313 1323 451 1396 pertibus.
467 1323 538 1382 Gom
556 1337 624 1382 sero
642 1322 747 1396 aliquis
768 1322 828 1396 egit
841 1322 918 1396 quod
936 1321 966 1381 iu
987 1321 1096 1382 bonum
1118 1320 1267 1396 proprium

229 1429 240 1459 r
261 1405 307 1464 vei
321 1407 430 1465 malum
440 1406 539 1480 vergit,
556 1405 642 1464 etium
656 1405 777 1464 debetur
785 1406 812 1464 ei
822 1405 970 1465 retributio
981 1405 1013 1464 in
1025 1411 1166 1479 quantum
1179 1405 1268 1465 otium

227 1511 240 1542 ι
260 1489 315 1548 iroc
325 1491 415 1568 vergit
424 1490 455 1548 in
464 1505 626 1562 commune,
636 1490 797 1548 secundum
805 1490 882 1564 quod
892 1489 954 1564 ipse
964 1495 1085 1563 estpars
1094 1489 1207 1564 collegii
1222 1492 1265 1548 ⁴.»

260 1575 295 1634 dt
312 1581 410 1633 utrum
423 1574 528 1634 mereri
543 1575 628 1632 nonin
643 1575 732 1648 possit
746 1575 823 1648 apud
836 1573 926 1632 Deum
939 1571 1071 1633 dubitare
1085 1574 1151 1648 quis
1165 1574 1270 1648 poterit

226 1665 374 1733 propterea
388 1659 472 1733 quod,
489 1675 556 1719 cum
571 1675 589 1718 u
604 1658 660 1717 Deo
674 1658 772 1718 omnir
786 1659 989 1732 receperimus,
1004 1659 1102 1717 omnin
1116 1673 1189 1732 quse
1206 1673 1269 1732 pos·

228 1755 327 1802 sumus
341 1745 368 1803 ei
380 1745 547 1804 detinemus.
569 1745 672 1803 Verum
688 1744 720 1804 id
734 1759 792 1802 non
806 1743 926 1817 impedit
945 1745 1114 1818 quominus,
1130 1760 1166 1803 co
1187 1744 1271 1804 modo

229 1841 285 1901 quo
297 1842 344 1886 res
358 1828 473 1901 petitur,
490 1828 626 1888 morinum
641 1827 757 1902 aliquod
770 1837 901 1903 respectu
915 1827 964 1886 Dei
979 1828 1186 1902 adipiscamur,
1202 1845 1271 1904 qun·

229 1916 311 1968 tenus
327 1911 446 1984 actione,
457 1927 531 1985 quae
545 1917 660 1986 propter
670 1911 832 1971 libertatem
848 1911 1033 1972 verennobis
1042 1911 1194 1987 dependet,
1205 1929 1272 1987 ope·

229 2009 367 2061 reremun
377 1999 464 2067 etque
476 1995 514 2052 ad
524 1995 574 2054 Dei
588 1995 709 2069 giorinrn
723 2002 753 2055 et
765 1997 802 2055 ad
812 1997 920 2056 bonum
931 1996 1057 2056 universi
1072 1997 1209 2056 nitamur.
1219 1999 1272 2056 du·

230 2078 343 2136 dinmus
357 2077 460 2136 iterum
475 2079 658 2152 douinnmm:
679 2081 788 2142 «tetus
800 2081 923 2140 niiordus
935 2080 1062 2140 nominis
1080 2079 1168 2140 habet
1186 2082 1274 2140 radn-

235 2185 245 2214 α
266 2177 332 2221 nem
347 2162 442 2222 meriti
457 2163 502 2221 voi
517 2164 647 2224 demeriti
665 2165 823 2224 secundum
837 2166 914 2239 quod
927 2165 1079 2224 ordinatur
1092 2165 1130 2224 ud
1150 2164 1276 2224 altorum

235 2268 246 2297 ι
267 2247 312 2304 rei
326 2245 434 2304 radone
447 2247 495 2306 sui
510 2249 554 2305 rel
568 2249 677 2308 ratione
692 2249 915 2308 communitatis.
931 2249 1052 2323 Utroque
1070 2257 1168 2308 nutem
1188 2251 1275 2309 modo

235 2355 246 2383 ι
267 2335 348 2389 soors
362 2331 451 2390 nostri
466 2331 533 2390 boni
549 2331 593 2390 rei
611 2334 680 2392 muti
694 2333 803 2392 nabent
814 2335 956 2394 rationem
972 2333 1069 2392 meriti
1082 2334 1128 2392 rel
1141 2334 1276 2394 demeriti

236 2438 247 2467 ι
267 2417 343 2490 upud
359 2417 457 2475 Deum.
474 2417 590 2476 Ratione
599 2418 715 2491 quidem
730 2418 829 2492 ipsius,
840 2419 871 2476 in
883 2425 1024 2493 quntum
1038 2425 1082 2478 cst
1096 2418 1276 2478 ultimusiro

235 2523 247 2554 ι
267 2501 354 2560 minis
363 2501 442 2574 iistis,
455 2499 498 2560 esi
507 2502 738 2560 eutemdebitum
750 2510 782 2560 ut
790 2503 828 2562 ad
838 2503 926 2562 tinem
937 2501 1070 2562 ultimum
1078 2518 1180 2562 omnes
1190 2509 1277 2562 nctus

236 2609 248 2638 ι
268 2587 437 2645 reserentur.
454 2585 532 2645 Unde
546 2587 596 2660 qui
605 2586 674 2645 iecit
688 2593 784 2645 actum
798 2586 906 2645 malum
920 2602 977 2647 nou
991 2587 1165 2647 reicribiiem
1179 2585 1212 2645 in
1223 2586 1278 2646 De-

159 2726 165 2734 .
237 2693 248 2723 ι
269 2685 328 2746 um,
345 2687 403 2731 nnn
418 2681 512 2731 servm
533 2672 670 2731 honorem
684 2671 735 2730 Dei
746 2673 799 2746 qui
814 2671 914 2731 ultimo
929 2672 980 2731 tini
992 2672 1122 2732 debemr.
1137 2669 1181 2730 lix
1194 2677 1279 2745 parte

237 2778 248 2808 ι
269 2771 336 2815 vero
352 2757 437 2816 totius
449 2757 670 2830 [communitatis
684 2757 825 2830 universi3
840 2757 910 2832 quie
925 2757 957 2816 iu
971 2756 1100 2832 qualibet
1116 2755 1280 2816 communi·

236 2863 249 2892 ι
269 2845 326 2900 tric
340 2841 397 2914 iiie,
413 2842 463 2914 qui
477 2842 551 2916 rugit
562 2842 808 2915 communitatem,
824 2841 978 2916 praecipue
992 2841 1080 2901 hehet
1092 2854 1192 2902 curam
1205 2838 1280 2924 boni

239 2948 249 2976 u
271 2927 445 2999 communis,
461 2927 538 2986 unde
553 2927 588 2985 ud
604 2942 669 2985 eum
686 2926 808 3000 pertinet
821 2926 979 2986 retribuere
992 2941 1045 3000 pru
1059 2927 1105 2986 iris
1119 2940 1192 2999 quae
1202 2924 1281 2984 bene

239 3030 251 3058 u
273 3009 318 3068 vel
332 3011 406 3068 meie
419 3010 493 3068 fiunt
513 3011 544 3070 in
558 3011 773 3070 communitate.
789 3011 837 3070 iist
857 3017 953 3069 eutem
971 3011 1046 3070 deus
1059 3010 1234 3085 gubernator
1250 3014 1282 3068 et

239 3114 251 3144 α
270 3098 365 3152 rector
386 3093 471 3152 totius
491 3095 618 3154 universi
638 3101 667 3154 et
685 3095 847 3170 soecinffler
864 3094 1048 3154 rationalium
1069 3100 1279 3153 creaturarum.

240 3201 251 3230 ι
272 3176 350 3237 Unde
364 3177 549 3239 menifestum
562 3180 696 3254 estquod
707 3186 791 3239 rocus
803 3179 926 3239 numeni
939 3179 1048 3238 hubent
1061 3178 1204 3237 radonem
1217 3191 1282 3236 me

185 3321 191 3340 .
239 3285 251 3314 r
272 3263 319 3322 riti
333 3262 379 3321 voi
392 3263 523 3321 demeriti
537 3279 588 3336 per
601 3264 843 3338 comparutionem
858 3263 896 3324 ed
909 3264 1019 3338 meum:
1035 3261 1163 3338 alioquin
1176 3277 1284 3334 senue-

240 3368 252 3399 ι
272 3352 351 3405 rctrrr
361 3347 440 3420 quod
454 3347 527 3404 Dens
541 3363 598 3406 non
614 3349 733 3407 traderet
742 3363 846 3428 'onem
859 3348 896 3406 de
908 3349 1021 3407 actibus
1034 3346 1170 3409 humanis
1185 3347 1212 3401 2
1226 3367 1238 3396 ι

272 3429 316 3489 Ex
330 3431 563 3508 rationenutem,
579 3447 653 3506 quun
679 3431 790 3490 obiectu
802 3438 860 3504 est,
876 3447 934 3491 non
948 3431 1027 3491 uliud
1046 3431 1207 3499 derivatur,
1222 3427 1287 3490 nisi

238 3513 416 3574 interuentu
436 3521 468 3573 et
481 3514 627 3574 hominem
642 3531 700 3574 non
714 3530 798 3589 ponec
812 3515 989 3575 intercedere
1005 3515 1162 3586 iustitium,
1177 3529 1287 3573 secun·

238 3598 309 3658 dum
321 3599 482 3659 modinum
496 3601 706 3676 aequadtutonr.
722 3600 798 3660 itaer
814 3601 894 3662 enim
906 3599 1028 3677 requirit
1041 3606 1074 3660 ut
1091 3599 1166 3658 iuter
1184 3599 1289 3658 termi-

285 3781 296 3832 t
315 3785 411 3832 semron
430 3785 505 3836 ruent.
522 3785 546 3854 i,
562 3785 585 3836 2.
602 3791 686 3856 meent.
701 3785 741 3855 tt,
757 3791 799 3836 nrt.
817 3787 840 3841 4.

282 3858 302 3914 8
316 3857 400 3910 ibidem
414 3867 455 3912 ort
472 3863 486 3916 t
