2767 4492
199 279 233 348 11
657 291 785 345 nomem

137 367 140 379 ¹
198 393 313 461 omnes,
330 376 392 446 sine
409 381 470 444 olla
487 374 654 444 rationead
674 397 778 442 noram
796 368 1238 456 significationem'torquenturt

184 472 275 546 ,quod
288 467 455 531 incredibile
470 468 548 528 dictu
561 471 621 540 est,
638 473 774 542 quanmm
787 465 985 526 confusionem
1002 465 1112 526 111111.
1128 466 1241 527 Etenim

198 571 266 614 cum
285 555 373 615 uerba
394 554 536 614 influxum
556 553 616 612 iere
635 551 781 626 magicum
800 551 832 609 in
847 548 1047 625 cogitationem
1069 555 1238 625 exerceant3

199 641 250 715 oui
260 640 323 700 sine
336 639 505 699 necessitate
519 651 635 698 sernum
649 635 802 695 verborum
816 634 958 708 immutat,
970 635 995 695 is
1005 636 1133 711 proprios
1142 650 1242 696 conce·

197 730 266 799 ptus
280 725 414 785 obscurat
428 738 515 798 seque
530 721 610 795 alita,
626 719 799 796 quibuscum
811 717 954 793 loquitur,
969 718 1243 795 incomprehensibi-

199 809 256 869 lem
270 810 373 870 reddit.

239 894 281 952 12.
299 893 378 962 Quod
393 900 490 954 autem
505 893 541 953 ad
562 893 669 953 realem
690 891 887 952 definitionem
905 890 1020 963 attinet,
1037 891 1109 950 baec
1121 904 1179 949 non
1199 894 1242 949 est

199 979 277 1040 aliud
291 994 377 1054 oriam
389 979 433 1038 rei
447 979 536 1054 ipsius
551 985 601 1038 aut
614 977 715 1052 ideae,
731 992 806 1052 quae
822 975 902 1036 illam
917 975 1043 1049 exhibet,
1061 973 1138 1033 clara
1153 974 1242 1048 expli-

199 1065 283 1123 catio.
294 1064 365 1124 item
375 1064 453 1123 enim
463 1063 605 1138 explicare
620 1061 702 1122 aliter
715 1077 774 1121 non
787 1075 949 1136 possumus,
958 1059 1016 1119 nisi
1030 1057 1169 1133 quatenus
1183 1075 1242 1118 cer·

131 1139 138 1148 ”
201 1154 228 1207 ta
244 1149 367 1223 quadam
383 1149 448 1208 idea
463 1149 638 1222 continetur,
654 1147 719 1206 idea
733 1152 830 1207 autem
844 1161 908 1208 rem
919 1146 1022 1219 ipsam,
1034 1160 1107 1219 quae
1121 1144 1243 1220 concipi·

201 1240 260 1307 tur,
275 1239 461 1309 representat.
487 1233 614 1292 Efficitur
628 1246 695 1291 vero
709 1231 782 1290 baec
795 1229 927 1289 delinitio
944 1229 1140 1289 enumerando
1161 1236 1243 1312 notas

198 1317 304 1379 obiecti
319 1335 370 1395 per
389 1319 485 1378 ideam
508 1316 728 1393 repraesentati,
746 1315 904 1390 etquidem
918 1329 952 1374 eo
970 1329 1106 1388 nomem,
1122 1314 1244 1374 1111111-

88 1457 91 1469 ,
198 1402 275 1462 ciant
288 1403 325 1462 ad
338 1403 431 1478 ipsum
447 1402 577 1462 aceteris
590 1401 822 1461 discernendum.

234 1487 312 1556 Quod
327 1503 393 1547 cnm
403 1489 443 1547 ita
458 1487 505 1556 eit,
518 1488 645 1562 proiecto
660 1485 830 1559 intelligitur
846 1499 981 1558 magnam
995 1499 1058 1543 esse
1072 1483 1244 1543 delinitionis

197 1571 283 1631 realis
297 1576 326 1630 et
339 1571 493 1630 nominalis
506 1568 707 1629 differentiam.
724 1569 800 1627 ilaec
814 1568 892 1627 enim
906 1568 937 1628 in
950 1583 1020 1628 voce
1034 1568 1182 1626 dumtaxat
1195 1583 1245 1627 ex·

126 1657 127 1660 ’
198 1655 356 1731 plananda;
373 1654 422 1713 illa
432 1655 464 1713 in
477 1655 594 1714 notione
609 1654 672 1728 ipsa
687 1653 838 1727 complexa
847 1662 902 1728 per·
913 1652 1099 1734 simpliciores
1113 1651 1201 1726 ideas,
1216 1658 1246 1712 et

199 1739 230 1800 in
243 1739 347 1798 obiecti
357 1745 464 1798 natura
478 1753 529 1813 per
544 1737 672 1797 eiusdem
688 1737 868 1796 characteres
882 1737 1038 1796 evolvenda
1055 1743 1191 1795 versatur.
1203 1737 1245 1795 Ex

199 1841 255 1898 quo
264 1825 297 1882 iit
305 1828 337 1882 ut
345 1823 471 1882 definitio
480 1823 633 1881 nominalis
643 1837 728 1896 saepe
735 1837 773 1879 ex
780 1821 919 1896 loquentis
929 1820 1046 1879 arbitrio
1057 1822 1188 1894 pendeat,
1197 1820 1245 1879 de·
1266 1839 1270 1847 ¹

200 1909 293 1968 finitio
308 1922 375 1968 vero
389 1907 475 1968 realis
490 1923 549 1966 non
563 1908 642 1966 item.
659 1907 730 1978 Nam
745 1921 810 1964 cum
820 1906 938 1965 nomina
949 1905 1141 1984 indifferentia
1155 1920 1206 1980 per
1215 1919 1246 1963 se

200 1992 258 2052 sint
271 1993 307 2051 ud
322 2007 384 2051 rem
400 2007 489 2051 unam
502 1997 551 2051 aut
566 1991 653 2050 aliam
668 1990 897 2065 significandam,
909 1989 1012 2064 poterit
1022 2005 1092 2049 sane
1102 1991 1175 2064 quis,
1186 2005 1246 2048 mo-

143 2077 146 2088 '
202 2078 238 2138 do
252 2078 282 2137 id
296 2082 419 2150 moneat,
437 2093 471 2135 eu
485 2090 537 2151 pro
551 2075 642 2135 luhito
658 2077 695 2136 ad
708 2075 852 2152 obiectum
873 2076 1071 2153 quodcumque
1085 2077 1247 2151 exprimen-

202 2163 271 2220 durn
285 2161 439 2221 inflectere.
456 2161 490 2219 Et
504 2175 696 2235 quemquam,
713 2160 738 2220 si
752 2177 770 2219 a
785 2159 930 2220 communi
943 2160 1021 2219 vocis
1036 2176 1122 2220 sensu
1139 2161 1247 2234 absque

202 2246 296 2304 valida
310 2245 419 2304 ratione
433 2245 564 2319 recedat,
581 2245 714 2321 ineptum
727 2261 758 2305 se
772 2245 872 2320 prodat
887 2259 921 2304 ac
937 2245 1134 2319 temerarium3
1152 2251 1247 2305 tamen

201 2331 361 2406 culpandus
376 2330 505 2390 absolute
519 2345 578 2389 non
592 2337 650 2404 est,
667 2346 761 2405 neque
777 2331 913 2389 adversus
934 2330 1029 2405 ipsum
1043 2330 1137 2390 inutili
1156 2329 1248 2404 litigio

201 2415 358 2474 conilictari
372 2419 490 2489 oportet.
507 2417 672 2490 licentra,
689 2416 801 2474 nemini
816 2413 998 2475 definitiones
1016 2416 1107 2474 reales
1121 2416 1156 2474 ad
1172 2415 1248 2474 arbi·

202 2501 289 2560 trium
301 2501 482 2574 compingere
496 2500 577 2573 licet;
593 2500 675 2560 ideae
689 2501 833 2574 siquidem
848 2507 877 2559 et
890 2515 988 2559 rerum
1001 2506 1085 2561 notae
1099 2516 1137 2560 ex
1151 2505 1247 2561 nostro

202 2584 341 2644 arbitratu
353 2600 411 2644 non
425 2585 558 2660 pendent.
569 2585 661 2654 Quare
672 2585 697 2645 si
708 2587 779 2645 torte
788 2584 875 2643 realis
885 2584 1012 2644 definitio
1026 2586 1155 2660 proprias
1170 2585 1247 2644 obie-

202 2669 241 2728 cti
254 2673 335 2728 notas
348 2684 407 2728 non
422 2669 564 2744 exhibeat,
576 2675 626 2729 aut
640 2670 696 2730 alio
706 2674 806 2744 peccet
820 2668 906 2744 viti03
918 2669 1061 2746 acceptari
1069 2670 1189 2729 minime
1199 2669 1247 2729 de

201 2753 259 2827 bet,
278 2754 328 2813 sed
342 2755 404 2813 iure
418 2754 449 2812 in
463 2753 686 2815 controversiam
699 2761 827 2814 vocatur.

237 2838 350 2920 hisjpro
373 2839 416 2898 rei
433 2840 636 2914 perspicuitate
654 2840 778 2913 notatis,
799 2841 957 2916 quotuplex
972 2839 1146 2900 definitionis
1162 2840 1248 2900 realis

202 2937 291 2997 genus
306 2926 342 2983 sit
361 2925 525 2984 innuamus.
542 2925 631 2998 itque
651 2941 715 2984 eam
734 2925 876 3000 triplicem
896 2941 959 2986 esse
980 2941 1063 3000 posse
1085 2941 1169 2985 nemo
1189 2940 1248 2984 non

201 3008 288 3068 videt.
304 3009 398 3070 Prima
413 3014 465 3084 est,
478 3024 551 3084 quae
565 3024 628 3068 rem
639 3011 764 3084 explicat
776 3027 827 3085 per
841 3010 985 3086 principia
997 3017 1131 3070 naturam
1144 3009 1248 3068 eonsti-

202 3094 324 3167 tuentla,
340 3095 402 3153 eive
423 3093 494 3152 haec
508 3093 705 3167 metaphysica
722 3096 793 3169 sint,
809 3100 842 3155 ut
863 3112 930 3155 cum
945 3094 1058 3168 aliquid
1080 3094 1182 3153 detinis
1196 3110 1248 3169 per

202 3195 293 3251 ponus
308 3183 337 3236 et
349 3177 589 3260 differentiumt,
606 3193 652 3237 ex.
668 3195 711 3253 gr.
728 3181 753 3238 si
768 3181 860 3240 dicas:
878 3181 964 3239 hoino
980 3186 1021 3237 cst
1031 3179 1248 3238 onimotrotio·

248 3415 259 3462 1
277 3413 385 3470 Quoniam
399 3419 499 3474 11111111,
513 3419 660 3477 differentur
669 3451 676 3472 ‚
686 3417 788 3476 speciei,
799 3417 910 3462 attributi
926 3421 948 3462 11
960 3417 1086 3464 accidentia
1098 3418 1155 3464 11111
1167 3417 1250 3464 mentio

202 3495 243 3552 est,
258 3491 311 3552 quid
325 3505 424 3554 quaeque
437 3505 512 3539 earum
526 3493 641 3540 notionum
655 3492 701 3554 sii,
716 3479 843 3538 summatim
862 3491 933 3554 placet
945 3493 1047 3540 innuere.
1062 3494 1137 3556 ltaque
1151 3494 1249 3557 quinquo

202 3566 237 3612 his
250 3565 339 3612 vocibus
353 3567 484 3630 quintuplex
500 3575 610 3632 respectus
621 3568 741 3632 11111111,
757 3584 801 3631 quo
816 3568 889 3631 aliqum
900 3569 951 3616 idea
965 3569 1095 3616 nnivenrlix
1108 3569 1249 3633 particulari·

202 3641 252 3704 boa,
266 3657 323 3704 quae
336 3641 487 3705 complectitur
500 3645 589 3698 attribui
604 3649 683 3708 potest.
699 3646 755 3692 Nam
769 3644 842 3691 ideam
856 3645 1001 3693 universalem
1016 3661 1064 3692 1111
1078 3645 1246 3706 condiximus,

202 3733 245 3780 qua
259 3717 384 3763 1111111111
399 3717 459 3764 notio
471 3719 571 3784 pluribus
583 3707 718 3782 'competens
740 3721 838 3768 lamvero
854 3721 912 3782 qnod
932 3722 993 3768 notio
1008 3721 1114 3783 quaedem
1129 3722 1160 3766 sit
1173 3721 1248 3767 meritis

201 3792 338 3856 eommunis,
354 3792 375 3838 td
391 3809 415 3840 ex
430 3795 527 3858 quinquo
541 3795 648 3858 capitibus
665 3796 719 3842 oriri
735 3801 814 3858 potest.
830 3797 885 3843 Nem
899 3797 1007 3843 eiusmodi
1021 3797 1081 3843 notio
1098 3797 1132 3844 vei
1147 3786 1250 3860 exprimit

183 3891 184 3896 ¹
202 3867 286 3932 aliquid
300 3868 328 3917 ed
342 3869 459 3919 1111111111
473 3871 586 3936 pertinens
598 3907 606 3936 ,
619 3871 656 3922 uel
668 3872 772 3937 exprimit
784 3873 868 3940 aliquid
885 3876 996 3924 1111111111
1014 3873 1202 3935 mauditum.
1220 3874 1249 3922 Et
