2767 4492
230 443 285 518 222
375 505 378 512 .
557 443 785 515 uerarr'msrcrur
800 464 947 512 srsmrms
986 521 990 528 ¹

229 554 506 628 sedoppidosuluclt
515 554 632 614 directio
646 551 780 611 mentalis
795 555 824 609 et
837 550 965 623 attentio,
976 563 1049 624 quae
1058 549 1110 608 uni
1124 564 1194 624 prae
1208 545 1273 611 aliis

228 638 334 698 obiecti
347 639 542 712 partibusaut‚
559 639 584 698 si
598 637 686 708 lubet,
701 633 863 708 aspectibus
877 633 1056 692 adhibeatur.
1072 633 1105 691 ltt
1114 649 1193 703 sane,
1203 651 1273 708 ouo

228 721 312 780 modo
329 721 358 781 vi
373 723 510 782 sermonis
525 721 709 781 determinari
727 718 872 777 obiectum
885 716 1050 775 reflexionis
1064 723 1168 791 posset,
1180 718 1273 778 siser·

227 821 276 864 mo
290 805 409 880 intelligi
424 807 532 880 nequit,
545 806 601 864 nisi
616 805 708 877 sigua,
724 801 882 875 exquibus
898 805 1017 874 constat,
1030 816 1095 860 cum
1106 801 1272 862 notionibus

227 889 431 962 determinatis,
447 905 520 963 quae
534 889 594 948 iam
603 893 699 948 mente
710 890 864 959 conceptae
878 885 945 958 sint,
963 884 991 943 vi
1000 885 1197 945 associationls
1211 887 1271 947 ani·

227 971 268 1032 mi
282 973 465 1047 copulentm?

264 1057 324 1116 134.
344 1057 431 1116 Venio
449 1072 525 1116 nune
541 1057 577 1116 ad
592 1057 728 1116 intuitum
741 1056 891 1127 directum,
908 1053 990 1114 cuius
1010 1053 1155 1114 obiectum
1169 1056 1269 1117 imme

226 1142 392 1200 dictumest
407 1141 479 1214 idea,
497 1156 600 1215 nempe
619 1141 705 1213 Deus,
722 1155 781 1212 seu,
798 1144 830 1197 ut
844 1138 959 1199 taudem
976 1154 1007 1197 se
1021 1140 1146 1214 explicat
1159 1147 1267 1216 auctor,

227 1230 270 1285 est
279 1225 352 1284 Deus
362 1231 446 1300 prout
459 1226 599 1284 mundum
618 1223 761 1283 creatione
777 1224 929 1298 progignit.
947 1223 1042 1292 Quoad
1056 1228 1168 1297 partem
1181 1226 1266 1298 banc,

200 1347 203 1354 ‚
227 1326 299 1383 quae
314 1315 399 1383 caput
412 1315 455 1370 cst
470 1310 641 1384 systematis,
654 1309 781 1382 primum
790 1308 909 1367 observo
918 1323 983 1366 eam
990 1307 1085 1367 stabili
1101 1308 1269 1368 tundamen-

226 1400 254 1453 to
268 1394 391 1467 destitui,
409 1393 780 1468 quemadmoduminierius
794 1393 869 1452 clare
884 1391 1002 1466 patebit,
1020 1408 1087 1451 cum
1101 1387 1270 1466 argumenta

212 1477 379 1552 diruemus,
396 1479 500 1552 quibua
521 1477 736 1552 superstruitur.
754 1476 861 1535 Deinde
875 1475 972 1535 sensui
993 1476 1140 1536 communi
1154 1482 1188 1542 et¹
1202 1491 1269 1536 con-

224 1562 359 1622 scientiae
375 1562 535 1622 testimonio
552 1562 632 1620 valde
643 1566 792 1636 repugnat.
803 1562 874 1620 llam
884 1561 1063 1634 siontologos
1078 1561 1266 1636 excipiamus,

225 1661 309 1706 nemo
323 1646 556 1706 hominumhanc
571 1645 768 1705 immediatam
782 1645 856 1704 ends
869 1645 995 1719 supremi
1004 1649 1033 1702 et
1042 1645 1194 1720 creationis
1204 1661 1268 1705 con

225 1730 436 1804 temptationem
445 1730 476 1788 in
490 1744 521 1789 se
530 1730 685 1804 experitur.
702 1731 841 1802 Attamen,
851 1730 937 1788 etiam
955 1729 1038 1788 iuxta
1051 1730 1174 1789 auctoris
1188 1731 1266 1804 prin

224 1815 317 1888 cipia,
340 1815 462 1888 quisque
475 1829 541 1874 eam
560 1815 687 1873 conscire
709 1813 839 1887 deberet;
855 1813 997 1887 siquidem
1010 1812 1040 1872 ri
1053 1814 1216 1874 reflexiouis
1231 1831 1268 1874 ea

185 1951 191 1961 .
224 1898 321 1966 omnia
335 1897 465 1958 distincte
480 1904 508 1956 et
521 1898 643 1958 dilucide
659 1913 741 1958 mens
751 1899 896 1973 pertingit,
907 1913 980 1972 quae
989 1898 1110 1957 obscure
1124 1904 1153 1957 et
1165 1899 1267 1958 conlu-

225 1997 256 2040 sc
269 1981 417 2056 intuitione
432 1981 660 2056 implicabantur.
678 1983 748 2042 Cum
761 1983 847 2056 igitur
861 1998 919 2042 non
933 1980 1017 2042 modo
1031 1997 1078 2042 res
1093 1983 1199 2051 linitae,
1215 1983 1268 2042 sed

224 2065 311 2124 ctiam
324 2067 363 2138 (et
376 2065 492 2139 quidem
507 2067 697 2141 potissimum)
715 2067 770 2126 Ens
789 2067 949 2127 increatum
964 2071 993 2127 et
1007 2066 1097 2126 libera
1110 2066 1217 2125 creatio
1231 2082 1266 2126 co

223 2148 327 2208 intuitu
347 2150 675 2224 convolvantur;.nemo
689 2166 748 2210 non
771 2152 847 2211 ridet
861 2153 913 2211 bos
933 2152 1020 2212 etiam
1039 2152 1109 2211 duos
1128 2150 1266 2222 terminos

223 2233 286 2292 sinc
299 2233 429 2292 discursu
450 2249 502 2308 per
515 2235 674 2308 simplicem
692 2235 833 2296 reflexum
846 2235 983 2306 intuitum
1004 2235 1135 2295 distincte
1150 2239 1180 2294 et
1195 2234 1267 2293 dilu-

223 2317 284 2374 cide
298 2317 508 2390 perspiciendos
522 2333 594 2378 esse.
606 2319 697 2378 lmmo
713 2335 780 2379 nero
789 2321 844 2378 hae
854 2319 927 2378 duae
943 2319 1112 2393 posteriores
1121 2318 1266 2378 realitates

222 2399 305 2474 louge
320 2399 431 2460 facilius
445 2402 547 2475 detegi,
564 2407 648 2476 atque
667 2403 838 2462 luculentius
857 2403 983 2462 reflexae
999 2402 1142 2461 intuitioni
1162 2403 1265 2462 imme

222 2483 297 2566 diste
311 2499 447 2560 apparare
461 2485 612 2558 debereut3
630 2485 772 2558 sidrudem
781 2486 818 2544 iis
829 2487 904 2544 ratio
913 2486 1151 2560 intelligibilitatis
1161 2491 1190 2544 et
1205 2487 1265 2545 eri·

221 2568 333 2628 donuae
353 2569 428 2628 tertii
452 2569 566 2627 termini
586 2568 667 2628 iuxta
695 2569 842 2642 ontologos
865 2570 1039 2643 continetur;
1063 2584 1148 2629 nemo
1166 2577 1265 2628 autem

221 2653 341 2726 ignorat,
358 2653 396 2725 id,
414 2669 450 2713 err
465 2669 522 2727 quo
537 2653 674 2726 profectio
688 2653 720 2710 in
734 2653 812 2712 alind
821 2655 1018 2727 proficiscitur,
1029 2669 1064 2714 ca
1073 2654 1163 2713 multo
1172 2653 1265 2726 mags

221 2737 316 2795 ornari
330 2741 468 2809 oportere.
486 2738 519 2795 lt
532 2751 599 2796 saro
614 2737 736 2810 osusque
749 2738 780 2795 in
791 2738 984 2798 seretlexioue
998 2739 1111 2798 rediens
1125 2736 1265 2810 conspicit

221 2819 336 2892 quidem
351 2821 478 2880 claritate
493 2821 621 2879 maxima
635 2821 714 2880 entia
727 2821 868 2895 quaedam
881 2821 962 2880 finita
969 2821 1136 2881 immediate
1149 2821 1206 2880 sibi
1214 2820 1264 2880 ob

220 2905 342 2978 uersari3
365 2905 415 2964 sed
429 2905 580 2978 actionem,
597 2921 654 2978 qua
668 2905 718 2964 illa
732 2911 874 2979 oracutum,
891 2912 920 2965 et
933 2921 1050 2966 causam
1062 2923 1081 2964 a
1093 2921 1151 2980 qua
1164 2905 1264 2980 primi-

221 2991 266 3045 tus
279 2987 484 3062 producuntur,
500 2989 620 3050 mimme
634 2990 829 3065 deprehendit,
845 2991 902 3049 nisi
915 2990 1071 3050 ratiociniis
1086 2988 1263 3064 quibusdam

221 3069 368 3129 adhibitis.

254 3153 287 3212 Et
301 3169 369 3214 sane
384 3155 445 3230 ipsa
460 3156 592 3230 (liuberti,
609 3160 706 3219 nescio
722 3173 809 3234 mrem
823 3159 879 3218 sibi
897 3159 1087 3232 consentiens,
1104 3158 1179 3218 ultro
1196 3172 1263 3217 con·

219 3240 294 3300 cadit
312 3240 343 3300 iu
364 3241 523 3314 cognitione
538 3241 646 3302 reflexa
665 3259 718 3302 uos
739 3259 756 3301 a
774 3243 912 3302 creaturis
932 3244 969 3302 ad
986 3243 1077 3302 Deum
1094 3242 1260 3303 ascendere.

218 3324 345 3398 Itemque
355 3340 421 3384 cum
431 3325 467 3384 ad
481 3331 649 3399 conceptum
665 3327 816 3385 creationis
824 3327 1026 3400 explicandum
1036 3328 1154 3399 accedit,
1163 3327 1263 3399 ipsum

217 3407 249 3466 ln
264 3409 317 3468 boc
331 3409 452 3484 reponit,
470 3410 545 3484 quod
554 3417 701 3469 creaturae
715 3413 873 3484 cogitentur
887 3417 1033 3486 amquam
1041 3413 1181 3472 rationem
1192 3425 1259 3484 pro

217 3493 297 3564 priae
317 3491 453 3552 realitutis
471 3509 529 3552 non
544 3509 561 3552 a
575 3509 605 3553 sc
621 3495 671 3552 sed
686 3493 722 3552 ab
742 3495 813 3568 alio,
837 3495 975 3554 nimirum
994 3513 1012 3556 a
1030 3495 1259 3571 supramodum,

217 3571 387 3636 derivantes.
405 3577 480 3645 Ouce
496 3576 713 3652 quidcm'notio‚
731 3583 762 3635 ut
780 3579 899 3653 quisque
914 3579 1000 3649 videt,
1017 3597 1054 3640 ex
1069 3577 1260 3661 mutabilitate

150 3725 153 3730 ,
217 3661 246 3718 ct
259 3655 358 3731 limite,
379 3657 463 3733 alque
484 3657 547 3719 ideo
568 3677 606 3719 cx
623 3661 818 3734 contingentia
838 3678 935 3721 rerum
954 3671 1116 3724 creatarum
1138 3663 1258 3723 eruitur.

216 3739 344 3800 Auctoris
357 3743 443 3816 igitm
452 3744 585 3818 opinione
594 3745 794 3819 perspicientia
801 3746 968 3808 immediata
974 3747 1059 3808 dotis
1069 3758 1095 3808 ct
1102 3747 1261 3808 creationis

215 3822 248 3882 in
260 3822 366 3886 iutuitu
378 3827 484 3888 directo
498 3829 581 3903 iussa
598 3829 711 3903 quaudo
729 3845 781 3904 per
795 3833 1003 3892 conscientiam
1024 3833 1126 3906 attingi
1140 3831 1259 3906 nequitp

216 3908 330 3981 quando
349 3925 416 3970 sero
432 3928 483 3985 per
497 3913 683 3973 reflexionem
698 3916 819 3976 consciri
837 3923 942 3991 poscet,
958 3918 1095 3977 dilabitm
1110 3923 1141 3976 et
1154 3929 1261 3976 euane-

217 3989 280 4053 scit.
295 3991 343 4054 Est
352 3993 439 4068 igitur
447 3995 544 4058 nescio
553 3998 623 4072 qaid
630 3999 940 4078 phantesmagoricum.
948 4018 1002 4066 scu
1014 4001 1119 4068 melius
1130 4005 1261 4080 optabam
