2767 4492
242 339 295 406 iel
566 351 793 404 murmurarem
807 353 954 404 manners

240 440 356 501 cerebro
370 437 548 514 deberemus,
566 445 594 500 et
609 439 742 514 deinceps
756 443 822 499 acor
840 439 963 514 quodam
978 437 1148 501 secundario
1164 453 1229 503 cam
1243 442 1285 504 ad

215 585 218 592 ,
240 526 368 584 sensoria
380 525 561 584 referremus.
573 521 604 582 ld
619 539 686 583 uero
702 523 891 583 conscientiae
906 539 963 583 non
977 525 1139 598 respondet.
1153 527 1246 595 Quare
1256 529 1287 589 si

237 609 305 669 huic
321 608 479 672 testimonio
498 607 591 681 potius
611 607 745 681 standum
760 611 822 680 est,
840 621 927 681 quam
947 608 1028 667 ranis
1048 609 1287 685 pbilosophorum

238 692 399 765 insomniis,
411 693 540 750 animum
556 693 586 749 ln
601 691 702 764 queris
716 697 795 764 parte
810 691 936 766 corporis
949 692 1064 766 sentire,
1076 695 1238 768 acproinde
1250 697 1287 755 in

236 778 337 852 quavis
351 781 431 851 parte
447 775 572 848 corporis
587 781 769 848 praesentem
783 790 845 833 esse
860 775 1000 834 fateamur
1014 779 1133 850 oportet.
1146 777 1225 846 Quod
1234 793 1286 837 se-

235 877 269 920 ro
282 861 314 919 in
328 859 430 918 iisdem
445 863 518 917 totus
534 858 625 932 adsit,
644 859 673 917 id
689 863 785 932 aperte
800 873 837 916 ex
852 857 914 917 eius
933 858 1115 932 simplicitate
1135 862 1287 936 consequi·

237 949 291 1004 tur.
310 943 436 1016 Simplex
451 943 539 1015 enim,
556 957 622 1000 oum
637 942 766 1016 partibus
781 947 885 1015 careat,
901 941 951 1000 ubi
966 941 1055 1015 adest,
1071 947 1161 1003 totum
1176 945 1267 1003 adest.

269 1029 406 1101 lienique,
423 1025 562 1086 eiusmodi
572 1025 792 1099 interrogatione
810 1038 947 1100 urgemus
968 1027 1153 1086 adversarios.
1176 1027 1205 1087 Si
1219 1029 1284 1087 ani-

234 1126 299 1172 mus
313 1108 429 1171 cerebro
443 1115 554 1169 tantum
563 1109 876 1184 insidet,extensamne
894 1109 1022 1184 aliquam
1032 1111 1094 1170 eius
1108 1115 1229 1185 partem,
1240 1127 1283 1170 an

233 1203 371 1272 punctum
377 1199 496 1270 occupat
504 1190 697 1254 individuum?
708 1194 736 1253 Si
744 1195 797 1254 lroc
807 1199 983 1270 postremum
997 1195 1122 1270 eligitur,
1131 1197 1209 1255 uarie
1218 1210 1284 1269 peo-

236 1287 326 1341 oatur.
339 1279 407 1340 llam
428 1279 459 1337 ln
478 1277 579 1353 primis
597 1277 758 1337 istiusmodi
776 1283 913 1352 punctum
934 1276 1048 1337 nullum
1065 1283 1117 1337 est.
1139 1279 1285 1354 Quaelibet

236 1365 314 1424 enirn
328 1363 463 1422 materiae
478 1375 544 1435 pars
559 1361 727 1421 extensione
746 1365 874 1433 tenetur,
892 1367 978 1436 aequm
992 1358 1055 1421 ideo
1068 1369 1206 1436 punctum
1220 1363 1283 1423 eius

238 1448 354 1507 omnino
363 1445 542 1505 individuum
553 1445 745 1506 abstractione
756 1451 865 1505 tanturn
876 1445 980 1504 mentis
991 1445 1158 1520 concipitur.
1167 1447 1284 1520 Deinde,

237 1535 348 1594 etiarnsi
361 1532 525 1591 huiusmodi
535 1537 672 1605 punctum
681 1533 845 1606 tingeretur,
856 1537 950 1589 tamen
961 1533 1099 1590 motiones
1113 1531 1285 1591 librillarum

238 1619 275 1678 ad
285 1618 379 1676 uarias
392 1615 587 1690 perceptiones
603 1613 779 1675 obiectorum
789 1615 1018 1674 determinandas
1028 1617 1205 1676 necessariae
1215 1617 1286 1676 illuc

238 1701 314 1760 coire
333 1715 391 1759 non
409 1703 533 1772 possent.
556 1699 613 1757 llae
632 1699 712 1757 enim
730 1710 782 1773 pro
802 1699 977 1759 obiectorum
997 1700 1133 1759 sapiente
1155 1699 1285 1759 diversae

238 1791 305 1846 sunt
319 1790 348 1843 et
362 1783 526 1857 oppositae,
542 1785 636 1840 motus
653 1787 749 1840 autem
767 1783 872 1842 diversi
893 1789 922 1842 et
941 1785 1079 1859 oppositi,
1096 1784 1166 1843 siin
1180 1791 1285 1857 puncto

237 1869 339 1928 eodem
352 1865 536 1940 recipiantur,
553 1865 780 1940 coniundnntnr,
796 1867 885 1926 immo
899 1868 986 1926 etiam
1001 1869 1193 1927 destruuntur.
1209 1867 1286 1934 Qua-

237 1965 268 2010 re
284 1950 397 2009 animus
414 1949 455 2008 ibi
470 1950 597 2008 assidens
612 1965 629 2007 a
643 1949 764 2008 dirersis
784 1949 927 2019 motibus,
942 1955 975 2008 ut
994 1951 1148 2010 adversarii
1165 1949 1283 2024 colunt,

239 2035 340 2094 eodem
355 2040 480 2107 tempore
496 2033 680 2092 determinari
695 2027 754 2092 sion
768 2037 872 2107 posset.
890 2035 981 2101 Quare
991 2035 1105 2093 animus
1113 2035 1144 2093 in
1154 2051 1188 2094 ea
1198 2035 1286 2110 lippo

236 2117 309 2176 tbesi
327 2118 454 2175 diversas
473 2115 572 2174 eodem
587 2120 713 2191 tempore
728 2118 902 2176 sensationcs
922 2132 980 2176 non
1001 2117 1179 2191 adverteret3
1200 2119 1284 2176 cuine

236 2201 411 2268 contrarium
426 2198 602 2274 experientia
617 2203 749 2260 testatur.
766 2201 816 2259 Sin
831 2215 897 2259 vero
911 2201 1005 2274 prima
1018 2215 1085 2276 pars
1099 2200 1181 2260 datae
1196 2201 1284 2274 optio

236 2287 282 2345 nis
297 2285 469 2353 assumitur,
487 2299 573 2342 cansa
587 2284 669 2342 linita
683 2291 735 2344 est.
752 2283 823 2345 Nam
839 2285 863 2344 si
878 2301 930 2359 per
943 2286 1020 2359 ipsos
1035 2285 1211 2344 adversarios
1225 2286 1285 2344 ani·

235 2385 282 2429 mo
298 2385 355 2428 non
369 2372 509 2442 repugnat
523 2373 555 2426 nt
568 2368 767 2427 extensionem
782 2369 909 2442 aliquam
923 2368 1057 2428 informet
1071 2369 1167 2442 simul,
1179 2385 1231 2428 cur
1241 2385 1286 2428 re

233 2453 372 2527 pugnabit
385 2453 418 2510 ut
431 2450 571 2510 eiusmodi
585 2452 716 2510 extensio
731 2452 768 2510 sit
782 2453 877 2526 ipsum
894 2459 983 2511 totum
998 2468 1110 2528 corpus,
1127 2467 1284 2526 cumprae-

234 2539 331 2596 sertim
345 2541 521 2610 postremum
535 2535 589 2594 boc
602 2535 675 2598 ratio
690 2539 719 2594 et
732 2537 931 2610 phaenomena
943 2536 1158 2596 eridcnussima
1167 2550 1284 2610 persua·

234 2621 321 2680 deant
336 2621 369 2675 l?

195 2809 201 2817 .
279 2777 291 2821 l
310 2773 372 2831 Quod
389 2789 439 2822 cum
456 2775 486 2821 itu
501 2775 538 2838 sit,
554 2775 644 2821 nonnisi
659 2777 742 2822 tunm
758 2776 781 2822 ct
793 2774 978 2838 praeiudiciorum
993 2773 1095 2823 illecebra
1108 2775 1165 2822 itane
1180 2775 1243 2822 reiici
1259 2774 1287 2822 ab

233 2851 364 2900 adversariis
381 2851 512 2897 sammullam
526 2850 575 2896 iura
592 2851 724 2899 existimarit
742 2852 874 2912 (leunensis,
891 2851 929 2912 qni
948 2851 980 2896 sic
994 2851 1037 2897 ait:
1056 2851 1175 2898 sl'anslem
1191 2851 1232 2898 laec
1248 2865 1289 2913 sp·

236 2947 245 2974 s
263 2933 332 2976 stema
346 2927 480 2990 (praesentia
495 2927 599 2974 nimirum
614 2929 684 2974 animi
695 2929 719 2974 in
730 2933 776 2975 toto
786 2927 886 2990 corpore)
897 2928 1083 2974 accommodatum
1093 2933 1126 2974 est
1139 2941 1185 2974 non
1195 2927 1224 2972 iis
1239 2931 1288 2972 tau-

236 3023 246 3047 s
265 3007 313 3050 tum
328 3003 482 3065 phaenomiuia
496 3002 583 3050 laeilius
600 3004 745 3067 explicandis,
767 3003 908 3066 quaesitam
927 3008 950 3049 et
969 3017 1058 3050 sensum
1078 3007 1186 3065 spectant,
1207 3001 1290 3048 sedita

236 3078 358 3124 amerinae
377 3093 433 3140 quae
453 3079 481 3123 nd
499 3078 634 3140 uoluptatem
657 3083 679 3126 et
698 3079 796 3126 dolorem
816 3079 937 3142 prudent,
958 3093 1014 3140 spuas
1032 3083 1183 3142 praeterquam
1202 3077 1226 3122 in
1243 3081 1290 3122 toto

239 3172 249 3197 a
268 3153 393 3200 sentiuntur
407 3167 505 3216 corpore,
523 3153 670 3216 intensionem
687 3169 749 3200 snam
766 3154 849 3199 habant
858 3159 880 3198 et
893 3152 1044 3199 remissionem
1059 3154 1082 3198 in
1096 3153 1181 3200 ntiono
1197 3154 1244 3197 eiua
1255 3152 1291 3197 in·

240 3247 248 3270 s
268 3227 376 3274 tenuitatis
391 3231 413 3272 et
428 3225 573 3290 remissionis,
590 3243 645 3288 quae
661 3233 694 3272 est
710 3228 733 3272 in
749 3242 775 3274 ea
789 3227 886 3272 motione
904 3232 942 3272 aot
957 3225 1103 3273 irritabilitate
1119 3225 1223 3288 eorporis,
1245 3239 1291 3286 qua

240 3321 249 3345 s
266 3303 384 3365 praecipue
400 3302 445 3350 situ
461 3305 483 3348 et
492 3317 568 3348 senem
579 3303 681 3348 animalis
698 3303 832 3348 continetur.
851 3301 878 3346 Et
892 3298 1073 3365 congeminantur
1083 3301 1136 3348 laaec
1149 3299 1290 3362 plerumque,

238 3395 247 3420 a
266 3383 291 3422 ut
304 3377 378 3440 plures
395 3375 475 3423 diuersi
491 3377 578 3438 generis
595 3377 689 3440 dolores,
708 3379 731 3422 et
744 3376 843 3438 voluptas
854 3381 877 3424 ct
886 3375 956 3440 dolor,
974 3377 1033 3438 iique
1047 3377 1072 3421 in
1087 3375 1177 3423 diversis
1191 3374 1291 3422 hominia

237 3471 246 3494 a
265 3451 364 3514 partibus
384 3446 457 3498 cisids
477 3457 499 3496 et
513 3451 616 3496 distinete
638 3449 769 3497 sentiantur.
788 3451 849 3505 Quae
866 3465 916 3497 cnm
934 3453 964 3497 ita
978 3453 1032 3514 sint,
1053 3452 1091 3512 qni
1110 3449 1293 3496 ecbolaatieorum

237 3545 247 3568 s
266 3532 360 3588 systema
379 3524 445 3571 nimia
464 3539 610 3587 praepropere
631 3525 745 3588 damnant,
768 3524 886 3572 lisaacnlo
904 3525 1029 3588 indulgent,
1051 3541 1095 3572 non
1110 3526 1190 3572 satiem
1206 3536 1292 3571 eonsu-
1376 3574 1377 3581 χ

236 3616 246 3643 a
262 3601 320 3646 lunt.
338 3601 381 3648 Nee
397 3601 505 3648 Cartmins
520 3602 560 3662 qui
577 3601 681 3648 adversos
697 3602 886 3663 praecipitandam
901 3602 1070 3666 philosophandi
1086 3606 1132 3648 tana
1148 3613 1213 3662 saepe
1226 3601 1293 3646 insa·
1376 3598 1377 3607 ¹

237 3693 246 3717 s
265 3673 333 3737 bitur,
351 3691 397 3722 ram
413 3675 470 3722 bane
487 3679 570 3722 attenta
586 3676 613 3722 aal
628 3676 732 3724 incudem
751 3683 895 3726 nesooaserat.
913 3677 954 3732 Qui
970 3679 1057 3739 mqsnti
1074 3683 1135 3738 sunt,
1155 3674 1293 3722 mentalibus

236 3769 245 3792 s
264 3748 317 3794 dum
333 3751 372 3795 toli
388 3751 506 3797 intendunt
521 3764 546 3798 ao
562 3755 635 3798 vetera
650 3752 770 3814 negligunt
792 3767 848 3814 qnae
863 3753 939 3815 paucis
959 3751 1075 3799 emandare
1089 3749 1293 3813 perarmemus

237 3843 246 3870 s
264 3824 334 3884 musis
349 3825 407 3886 quod
424 3826 593 3890 concupiverant
606 3841 671 3892 quam
683 3828 745 3890 qnod
761 3835 897 3892 repererant.
916 3829 998 3896 Nempe
1008 3833 1081 3877 uetera
1095 3825 1234 3874 fastidiosum
1247 3824 1294 3870 lae-

233 3919 246 3949 ..
265 3899 332 3946 mna
347 3899 462 3961 apuu
477 3903 611 3961 asenne,
629 3906 759 3955 cremasse
777 3903 806 3956 es
824 3904 902 3958 noeto
914 3905 993 3968 posse
1005 3907 1028 3958 st
1042 3892 1160 3967 tasonis
1172 3903 1260 3966 epist
1277 3912 1293 3954 s·

241 3977 320 4046 iilam,
339 3975 441 4040 litteril-
459 3990 494 4044 pr.
509 3975 534 4044 ὖ,
550 3993 570 4028 c.
588 3977 612 4046 2,
629 3993 663 4044 pr.
680 3978 725 4030 fils
