<?xml version="1.0" encoding="UTF-8"?>
<!DOCTYPE html PUBLIC "-//W3C//DTD XHTML 1.0 Transitional//EN"
    "http://www.w3.org/TR/xhtml1/DTD/xhtml1-transitional.dtd">
<html xmlns="http://www.w3.org/1999/xhtml" xml:lang="en" lang="en">
 <head>
  <title>
</title>
<meta http-equiv="Content-Type" content="text/html;charset=utf-8" />
  <meta name='ocr-system' content='tesseract 3.04.00' />
  <meta name='ocr-capabilities' content='ocr_page ocr_carea ocr_par ocr_line ocrx_word'/>
</head>
<body>
  <div class='ocr_page' id='page_1' title='image "./institutionesph00libegoog_0635.png"; bbox 0 0 2767 4492; ppageno 0'>
   <div class='ocr_carea' id='block_1_1' title="bbox 578 314 1168 383">
    <p class='ocr_par' dir='ltr' id='par_1_1' title="bbox 578 314 1168 383">
     <span class='ocr_line' id='line_1_1' title="bbox 578 314 1168 383; baseline 0.005 -3"><span class='ocrx_word' id='word_1_1' title='bbox 578 325 709 381; x_wconf 74' lang='lat' dir='ltr'><strong>armus</strong></span> <span class='ocrx_word' id='word_1_2' title='bbox 1131 314 1168 383; x_wconf 81' lang='lat' dir='ltr'><strong>lt</strong></span> 
     </span>
    </p>
   </div>
   <div class='ocr_carea' id='block_1_2' title="bbox 125 410 1170 1918">
    <p class='ocr_par' dir='ltr' id='par_1_2' title="bbox 125 410 1170 1918">
     <span class='ocr_line' id='line_1_2' title="bbox 125 410 1167 496; baseline -0.002 -14"><span class='ocrx_word' id='word_1_3' title='bbox 125 431 186 490; x_wconf 85' lang='lat' dir='ltr'><strong>nos,</strong></span> <span class='ocrx_word' id='word_1_4' title='bbox 201 428 274 496; x_wconf 70' lang='lat' dir='ltr'><strong>duos</strong></span> <span class='ocrx_word' id='word_1_5' title='bbox 285 410 410 492; x_wconf 73' lang='lat' dir='ltr'><strong>respicit,</strong></span> <span class='ocrx_word' id='word_1_6' title='bbox 426 419 526 478; x_wconf 86' lang='lat' dir='ltr'><strong>mutua</strong></span> <span class='ocrx_word' id='word_1_7' title='bbox 540 417 578 476; x_wconf 85' lang='lat' dir='ltr'><strong>sit</strong></span> <span class='ocrx_word' id='word_1_8' title='bbox 591 417 820 492; x_wconf 66' lang='lat' dir='ltr'><strong>independenun</strong></span> <span class='ocrx_word' id='word_1_9' title='bbox 836 417 936 479; x_wconf 73' lang='lat' dir='ltr'><strong>salum</strong></span> <span class='ocrx_word' id='word_1_10' title='bbox 951 424 1083 496; x_wconf 78' lang='lat' dir='ltr'><strong>respectu</strong></span> <span class='ocrx_word' id='word_1_11' title='bbox 1103 421 1167 480; x_wconf 88' lang='lat' dir='ltr'><strong>eius</strong></span> 
     </span>
     <span class='ocr_line' id='line_1_3' title="bbox 126 501 1168 579; baseline -0.001 -13"><span class='ocrx_word' id='word_1_12' title='bbox 126 507 179 578; x_wconf 79' lang='lat' dir='ltr'><strong>rei,</strong></span> <span class='ocrx_word' id='word_1_13' title='bbox 195 506 227 564; x_wconf 91' lang='lat' dir='ltr'><strong>in</strong></span> <span class='ocrx_word' id='word_1_14' title='bbox 241 517 298 579; x_wconf 80' lang='lat' dir='ltr'><strong>qua</strong></span> <span class='ocrx_word' id='word_1_15' title='bbox 312 503 383 562; x_wconf 89' lang='lat' dir='ltr'><strong>alter</strong></span> <span class='ocrx_word' id='word_1_16' title='bbox 404 503 525 562; x_wconf 86' lang='lat' dir='ltr'><strong>alterum</strong></span> <span class='ocrx_word' id='word_1_17' title='bbox 535 501 595 562; x_wconf 86' lang='lat' dir='ltr'><strong>sihi</strong></span> <span class='ocrx_word' id='word_1_18' title='bbox 609 502 726 576; x_wconf 65' lang='lat' dir='ltr'><strong>obligat.</strong></span> <span class='ocrx_word' id='word_1_19' title='bbox 742 501 774 560; x_wconf 88' lang='lat' dir='ltr'><strong>ld</strong></span> <span class='ocrx_word' id='word_1_20' title='bbox 786 508 865 560; x_wconf 86' lang='lat' dir='ltr'><strong>corte</strong></span> <span class='ocrx_word' id='word_1_21' title='bbox 878 512 1038 579; x_wconf 79' lang='lat' dir='ltr'>competere</span> <span class='ocrx_word' id='word_1_22' title='bbox 1056 501 1168 564; x_wconf 80' lang='lat' dir='ltr'><strong>nomini</strong></span> 
     </span>
     <span class='ocr_line' id='line_1_4' title="bbox 126 585 1168 664; baseline 0.001 -16"><span class='ocrx_word' id='word_1_23' title='bbox 126 589 225 664; x_wconf 78' lang='lat' dir='ltr'><strong>nequit</strong></span> <span class='ocrx_word' id='word_1_24' title='bbox 238 595 369 662; x_wconf 87' lang='lat' dir='ltr'><strong>respectu</strong></span> <span class='ocrx_word' id='word_1_25' title='bbox 383 585 443 646; x_wconf 77' lang='lat' dir='ltr'><strong>liei.</strong></span> <span class='ocrx_word' id='word_1_26' title='bbox 459 588 547 646; x_wconf 87' lang='lat' dir='ltr'><strong>Homo</strong></span> <span class='ocrx_word' id='word_1_27' title='bbox 561 585 639 646; x_wconf 89' lang='lat' dir='ltr'><strong>enirn</strong></span> <span class='ocrx_word' id='word_1_28' title='bbox 654 586 795 660; x_wconf 68' lang='lat' dir='ltr'><strong>numquid</strong></span> <span class='ocrx_word' id='word_1_29' title='bbox 808 586 940 661; x_wconf 76' lang='lat' dir='ltr'>possidet,</span> <span class='ocrx_word' id='word_1_30' title='bbox 952 587 1036 648; x_wconf 82' lang='lat' dir='ltr'><strong>alteo</strong></span> <span class='ocrx_word' id='word_1_31' title='bbox 1046 586 1168 664; x_wconf 79' lang='lat' dir='ltr'><strong>largien-</strong></span> 
     </span>
     <span class='ocr_line' id='line_1_5' title="bbox 127 669 1167 750; baseline -0.002 -16"><span class='ocrx_word' id='word_1_32' title='bbox 127 679 155 735; x_wconf 90' lang='lat' dir='ltr'><strong>te</strong></span> <span class='ocrx_word' id='word_1_33' title='bbox 168 673 303 748; x_wconf 74' lang='lat' dir='ltr'><strong>suscepit,</strong></span> <span class='ocrx_word' id='word_1_34' title='bbox 318 672 470 745; x_wconf 77' lang='lat' dir='ltr'><strong>doemone</strong></span> <span class='ocrx_word' id='word_1_35' title='bbox 481 671 691 745; x_wconf 80' lang='lat' dir='ltr'><strong>quodammodo</strong></span> <span class='ocrx_word' id='word_1_36' title='bbox 704 669 855 730; x_wconf 75' lang='lat' dir='ltr'><strong>moderere</strong></span> <span class='ocrx_word' id='word_1_37' title='bbox 868 687 921 746; x_wconf 88' lang='lat' dir='ltr'><strong>per</strong></span> <span class='ocrx_word' id='word_1_38' title='bbox 937 679 1047 732; x_wconf 79' lang='lat' dir='ltr'><strong>rectam</strong></span> <span class='ocrx_word' id='word_1_39' title='bbox 1067 689 1167 750; x_wconf 86' lang='lat' dir='ltr'><strong>opera·</strong></span> 
     </span>
     <span class='ocr_line' id='line_1_6' title="bbox 128 754 1166 830; baseline 0 -12"><span class='ocrx_word' id='word_1_40' title='bbox 128 759 233 818; x_wconf 89' lang='lat' dir='ltr'><strong>tionem</strong></span> <span class='ocrx_word' id='word_1_41' title='bbox 248 763 368 816; x_wconf 87' lang='lat' dir='ltr'><strong>tenetur.</strong></span> <span class='ocrx_word' id='word_1_42' title='bbox 384 755 572 816; x_wconf 79' lang='lat' dir='ltr'><strong>Nihilominus</strong></span> <span class='ocrx_word' id='word_1_43' title='bbox 585 769 653 814; x_wconf 76' lang='lat' dir='ltr'><strong>urm</strong></span> <span class='ocrx_word' id='word_1_44' title='bbox 667 754 798 814; x_wconf 83' lang='lat' dir='ltr'><strong>libertate</strong></span> <span class='ocrx_word' id='word_1_45' title='bbox 812 754 850 814; x_wconf 88' lang='lat' dir='ltr'><strong>sit</strong></span> <span class='ocrx_word' id='word_1_46' title='bbox 865 755 1019 830; x_wconf 75' lang='lat' dir='ltr'><strong>praedius,</strong></span> <span class='ocrx_word' id='word_1_47' title='bbox 1036 773 1103 818; x_wconf 86' lang='lat' dir='ltr'><strong>sere</strong></span> <span class='ocrx_word' id='word_1_48' title='bbox 1117 775 1166 818; x_wconf 83' lang='lat' dir='ltr'><strong>au·</strong></span> 
     </span>
     <span class='ocr_line' id='line_1_7' title="bbox 127 839 1168 916; baseline -0.002 -13"><span class='ocrx_word' id='word_1_49' title='bbox 127 850 187 903; x_wconf 90' lang='lat' dir='ltr'><strong>otor</strong></span> <span class='ocrx_word' id='word_1_50' title='bbox 200 847 243 902; x_wconf 88' lang='lat' dir='ltr'><strong>est</strong></span> <span class='ocrx_word' id='word_1_51' title='bbox 255 849 285 902; x_wconf 87' lang='lat' dir='ltr'><strong>ct</strong></span> <span class='ocrx_word' id='word_1_52' title='bbox 298 841 471 916; x_wconf 89' lang='lat' dir='ltr'><strong>principium</strong></span> <span class='ocrx_word' id='word_1_53' title='bbox 484 853 604 898; x_wconf 74' lang='lat' dir='ltr'><strong>sumum</strong></span> <span class='ocrx_word' id='word_1_54' title='bbox 618 839 778 912; x_wconf 79' lang='lat' dir='ltr'><strong>ordonum,</strong></span> <span class='ocrx_word' id='word_1_55' title='bbox 794 839 826 898; x_wconf 88' lang='lat' dir='ltr'><strong>in</strong></span> <span class='ocrx_word' id='word_1_56' title='bbox 841 839 934 914; x_wconf 76' lang='lat' dir='ltr'><strong>iisque</strong></span> <span class='ocrx_word' id='word_1_57' title='bbox 947 839 1096 900; x_wconf 69' lang='lat' dir='ltr'><strong>eliciendis</strong></span> <span class='ocrx_word' id='word_1_58' title='bbox 1114 841 1168 902; x_wconf 86' lang='lat' dir='ltr'><strong>oli·</strong></span> 
     </span>
     <span class='ocr_line' id='line_1_8' title="bbox 128 922 1168 1002; baseline -0.002 -15"><span class='ocrx_word' id='word_1_59' title='bbox 128 927 196 1002; x_wconf 87' lang='lat' dir='ltr'><strong>quid</strong></span> <span class='ocrx_word' id='word_1_60' title='bbox 206 941 244 987; x_wconf 82' lang='lat' dir='ltr'><strong>ex</strong></span> <span class='ocrx_word' id='word_1_61' title='bbox 253 925 367 1002; x_wconf 88' lang='lat' dir='ltr'><strong>propria</strong></span> <span class='ocrx_word' id='word_1_62' title='bbox 376 924 611 984; x_wconf 71' lang='lat' dir='ltr'><strong>determinatione</strong></span> <span class='ocrx_word' id='word_1_63' title='bbox 622 923 843 991; x_wconf 76' lang='lat' dir='ltr'><strong>coniecturae</strong></span> <span class='ocrx_word' id='word_1_64' title='bbox 853 922 928 983; x_wconf 83' lang='lat' dir='ltr'><strong>iuter</strong></span> <span class='ocrx_word' id='word_1_65' title='bbox 936 923 1033 998; x_wconf 85' lang='lat' dir='ltr'><strong>ipsum</strong></span> <span class='ocrx_word' id='word_1_66' title='bbox 1041 923 1168 985; x_wconf 76' lang='lat' dir='ltr'><strong>erasnm</strong></span> 
     </span>
     <span class='ocr_line' id='line_1_9' title="bbox 128 1007 1169 1086; baseline -0.004 -14"><span class='ocrx_word' id='word_1_67' title='bbox 128 1011 224 1086; x_wconf 81' lang='lat' dir='ltr'><strong>aliquia</strong></span> <span class='ocrx_word' id='word_1_68' title='bbox 236 1011 385 1072; x_wconf 79' lang='lat' dir='ltr'><strong>intneodtr</strong></span> <span class='ocrx_word' id='word_1_69' title='bbox 399 1009 471 1068; x_wconf 90' lang='lat' dir='ltr'><strong>ratio</strong></span> <span class='ocrx_word' id='word_1_70' title='bbox 485 1008 620 1082; x_wconf 66' lang='lat' dir='ltr'><strong>luillae,</strong></span> <span class='ocrx_word' id='word_1_71' title='bbox 636 1023 696 1066; x_wconf 92' lang='lat' dir='ltr'><strong>unu</strong></span> <span class='ocrx_word' id='word_1_72' title='bbox 708 1007 808 1066; x_wconf 69' lang='lat' dir='ltr'><strong>edicte</strong></span> <span class='ocrx_word' id='word_1_73' title='bbox 820 1007 923 1080; x_wconf 69' lang='lat' dir='ltr'><strong>dcun</strong></span> <span class='ocrx_word' id='word_1_74' title='bbox 934 1007 986 1066; x_wconf 90' lang='lat' dir='ltr'><strong>sed</strong></span> <span class='ocrx_word' id='word_1_75' title='bbox 1000 1008 1169 1068; x_wconf 87' lang='lat' dir='ltr'><strong>secumdum</strong></span> 
     </span>
     <span class='ocr_line' id='line_1_10' title="bbox 128 1085 1170 1166; baseline -0.004 -15"><span class='ocrx_word' id='word_1_76' title='bbox 128 1091 281 1166; x_wconf 85' lang='lat' dir='ltr'><strong>quemdam</strong></span> <span class='ocrx_word' id='word_1_77' title='bbox 295 1085 520 1164; x_wconf 66' lang='lat' dir='ltr'><strong>proportionem</strong></span> <span class='ocrx_word' id='word_1_78' title='bbox 536 1091 678 1162; x_wconf 65' lang='lat' dir='ltr'><strong>cusanus</strong></span> <span class='ocrx_word' id='word_1_79' title='bbox 691 1094 769 1146; x_wconf 82' lang='lat' dir='ltr'><strong>recto</strong></span> <span class='ocrx_word' id='word_1_80' title='bbox 790 1103 845 1148; x_wconf 87' lang='lat' dir='ltr'><strong>usu</strong></span> <span class='ocrx_word' id='word_1_81' title='bbox 864 1087 1004 1146; x_wconf 68' lang='lat' dir='ltr'><strong>libertatis</strong></span> <span class='ocrx_word' id='word_1_82' title='bbox 1026 1087 1112 1148; x_wconf 84' lang='lat' dir='ltr'><strong>nomo</strong></span> <span class='ocrx_word' id='word_1_83' title='bbox 1132 1088 1170 1147; x_wconf 89' lang='lat' dir='ltr'><strong>sit</strong></span> 
     </span>
     <span class='ocr_line' id='line_1_11' title="bbox 127 1171 1169 1250; baseline -0.005 -14"><span class='ocrx_word' id='word_1_84' title='bbox 127 1177 177 1250; x_wconf 82' lang='lat' dir='ltr'><strong>qui</strong></span> <span class='ocrx_word' id='word_1_85' title='bbox 191 1189 292 1249; x_wconf 84' lang='lat' dir='ltr'><strong>reapse</strong></span> <span class='ocrx_word' id='word_1_86' title='bbox 306 1191 337 1234; x_wconf 90' lang='lat' dir='ltr'><strong>se</strong></span> <span class='ocrx_word' id='word_1_87' title='bbox 349 1173 469 1232; x_wconf 88' lang='lat' dir='ltr'><strong>inllectit</strong></span> <span class='ocrx_word' id='word_1_88' title='bbox 478 1174 516 1232; x_wconf 88' lang='lat' dir='ltr'><strong>ad</strong></span> <span class='ocrx_word' id='word_1_89' title='bbox 525 1173 697 1232; x_wconf 82' lang='lat' dir='ltr'><strong>servandam</strong></span> <span class='ocrx_word' id='word_1_90' title='bbox 710 1173 832 1246; x_wconf 79' lang='lat' dir='ltr'><strong>legema</strong></span> <span class='ocrx_word' id='word_1_91' title='bbox 846 1171 903 1231; x_wconf 85' lang='lat' dir='ltr'><strong>lieo</strong></span> <span class='ocrx_word' id='word_1_92' title='bbox 914 1171 1011 1246; x_wconf 81' lang='lat' dir='ltr'><strong>latam,</strong></span> <span class='ocrx_word' id='word_1_93' title='bbox 1022 1187 1091 1232; x_wconf 86' lang='lat' dir='ltr'><strong>cum</strong></span> <span class='ocrx_word' id='word_1_94' title='bbox 1105 1187 1169 1247; x_wconf 86' lang='lat' dir='ltr'><strong>pos·</strong></span> 
     </span>
     <span class='ocr_line' id='line_1_12' title="bbox 128 1251 1169 1331; baseline -0.002 -13"><span class='ocrx_word' id='word_1_95' title='bbox 128 1261 166 1320; x_wconf 89' lang='lat' dir='ltr'><strong>sit</strong></span> <span class='ocrx_word' id='word_1_96' title='bbox 177 1259 352 1318; x_wconf 68' lang='lat' dir='ltr'><strong>contramm</strong></span> <span class='ocrx_word' id='word_1_97' title='bbox 366 1251 428 1316; x_wconf 88' lang='lat' dir='ltr'><strong>eius</strong></span> <span class='ocrx_word' id='word_1_98' title='bbox 442 1257 563 1331; x_wconf 83' lang='lat' dir='ltr'><strong>operari.</strong></span> <span class='ocrx_word' id='word_1_99' title='bbox 580 1257 721 1325; x_wconf 79' lang='lat' dir='ltr'><strong>Quoniam</strong></span> <span class='ocrx_word' id='word_1_100' title='bbox 732 1271 800 1316; x_wconf 80' lang='lat' dir='ltr'><strong>sero</strong></span> <span class='ocrx_word' id='word_1_101' title='bbox 812 1256 912 1316; x_wconf 84' lang='lat' dir='ltr'><strong>divina</strong></span> <span class='ocrx_word' id='word_1_102' title='bbox 924 1257 1067 1330; x_wconf 87' lang='lat' dir='ltr'><strong>sapientia</strong></span> <span class='ocrx_word' id='word_1_103' title='bbox 1080 1257 1169 1316; x_wconf 86' lang='lat' dir='ltr'><strong>dicta·</strong></span> 
     </span>
     <span class='ocr_line' id='line_1_13' title="bbox 128 1339 1169 1416; baseline -0.002 -14"><span class='ocrx_word' id='word_1_104' title='bbox 128 1342 178 1414; x_wconf 73' lang='lat' dir='ltr'><strong>rit,</strong></span> <span class='ocrx_word' id='word_1_105' title='bbox 194 1341 304 1400; x_wconf 86' lang='lat' dir='ltr'><strong>homiui</strong></span> <span class='ocrx_word' id='word_1_106' title='bbox 317 1341 359 1400; x_wconf 88' lang='lat' dir='ltr'><strong>sic</strong></span> <span class='ocrx_word' id='word_1_107' title='bbox 373 1340 503 1414; x_wconf 62' lang='lat' dir='ltr'><strong>operam</strong></span> <span class='ocrx_word' id='word_1_108' title='bbox 518 1355 721 1414; x_wconf 77' lang='lat' dir='ltr'><strong>responsuram</strong></span> <span class='ocrx_word' id='word_1_109' title='bbox 733 1355 798 1398; x_wconf 88' lang='lat' dir='ltr'><strong>esse</strong></span> <span class='ocrx_word' id='word_1_110' title='bbox 812 1339 992 1416; x_wconf 87' lang='lat' dir='ltr'><strong>adeptionem</strong></span> <span class='ocrx_word' id='word_1_111' title='bbox 1011 1340 1118 1415; x_wconf 89' lang='lat' dir='ltr'><strong>proprii</strong></span> <span class='ocrx_word' id='word_1_112' title='bbox 1136 1339 1169 1399; x_wconf 84' lang='lat' dir='ltr'><strong>lr-</strong></span> 
     </span>
     <span class='ocr_line' id='line_1_14' title="bbox 128 1423 1169 1499; baseline 0 -15"><span class='ocrx_word' id='word_1_113' title='bbox 128 1425 173 1484; x_wconf 89' lang='lat' dir='ltr'><strong>nis</strong></span> <span class='ocrx_word' id='word_1_114' title='bbox 188 1431 333 1499; x_wconf 67' lang='lat' dir='ltr'><strong>nmmum</strong></span> <span class='ocrx_word' id='word_1_115' title='bbox 350 1425 514 1484; x_wconf 86' lang='lat' dir='ltr'><strong>mercedem</strong></span> <span class='ocrx_word' id='word_1_116' title='bbox 532 1431 561 1484; x_wconf 89' lang='lat' dir='ltr'><strong>et</strong></span> <span class='ocrx_word' id='word_1_117' title='bbox 579 1424 742 1499; x_wconf 84' lang='lat' dir='ltr'><strong>praemium</strong></span> <span class='ocrx_word' id='word_1_118' title='bbox 762 1423 818 1498; x_wconf 87' lang='lat' dir='ltr'><strong>ipsi</strong></span> <span class='ocrx_word' id='word_1_119' title='bbox 839 1431 1077 1498; x_wconf 68' lang='lat' dir='ltr'><strong>consentaneum</strong></span> <span class='ocrx_word' id='word_1_120' title='bbox 1099 1423 1169 1484; x_wconf 83' lang='lat' dir='ltr'><strong>onio</strong></span> 
     </span>
     <span class='ocr_line' id='line_1_15' title="bbox 127 1507 1170 1584; baseline 0 -16"><span class='ocrx_word' id='word_1_121' title='bbox 127 1509 251 1584; x_wconf 84' lang='lat' dir='ltr'><strong>postulet</strong></span> <span class='ocrx_word' id='word_1_122' title='bbox 265 1517 297 1568; x_wconf 86' lang='lat' dir='ltr'><strong>ut</strong></span> <span class='ocrx_word' id='word_1_123' title='bbox 304 1509 335 1570; x_wconf 88' lang='lat' dir='ltr'><strong>id</strong></span> <span class='ocrx_word' id='word_1_124' title='bbox 344 1523 445 1583; x_wconf 81' lang='lat' dir='ltr'><strong>reapse</strong></span> <span class='ocrx_word' id='word_1_125' title='bbox 454 1509 566 1568; x_wconf 83' lang='lat' dir='ltr'><strong>homini</strong></span> <span class='ocrx_word' id='word_1_126' title='bbox 579 1515 656 1568; x_wconf 85' lang='lat' dir='ltr'><strong>recte</strong></span> <span class='ocrx_word' id='word_1_127' title='bbox 665 1508 796 1582; x_wconf 85' lang='lat' dir='ltr'><strong>operanti</strong></span> <span class='ocrx_word' id='word_1_128' title='bbox 805 1507 881 1566; x_wconf 82' lang='lat' dir='ltr'><strong>licus</strong></span> <span class='ocrx_word' id='word_1_129' title='bbox 889 1514 1021 1581; x_wconf 83' lang='lat' dir='ltr'><strong>praestet.</strong></span> <span class='ocrx_word' id='word_1_130' title='bbox 1032 1509 1088 1567; x_wconf 88' lang='lat' dir='ltr'><strong>lleo</strong></span> <span class='ocrx_word' id='word_1_131' title='bbox 1102 1523 1170 1568; x_wconf 87' lang='lat' dir='ltr'><strong>vero</strong></span> 
     </span>
     <span class='ocr_line' id='line_1_16' title="bbox 128 1587 1170 1654; baseline -0.002 -2"><span class='ocrx_word' id='word_1_132' title='bbox 128 1593 557 1654; x_wconf 76' lang='lat' dir='ltr'><strong>mcuudoessentioltsdtvtnse</strong></span> <span class='ocrx_word' id='word_1_133' title='bbox 568 1591 724 1652; x_wconf 84' lang='lat' dir='ltr'><strong>voluntatis</strong></span> <span class='ocrx_word' id='word_1_134' title='bbox 736 1591 774 1650; x_wconf 82' lang='lat' dir='ltr'><strong>ab</strong></span> <span class='ocrx_word' id='word_1_135' title='bbox 783 1607 818 1650; x_wconf 88' lang='lat' dir='ltr'><strong>eo</strong></span> <span class='ocrx_word' id='word_1_136' title='bbox 827 1591 927 1650; x_wconf 87' lang='lat' dir='ltr'><strong>ordine</strong></span> <span class='ocrx_word' id='word_1_137' title='bbox 935 1591 1069 1650; x_wconf 87' lang='lat' dir='ltr'><strong>recedere</strong></span> <span class='ocrx_word' id='word_1_138' title='bbox 1078 1587 1170 1650; x_wconf 82' lang='lat' dir='ltr'><strong>ileum</strong></span> 
     </span>
     <span class='ocr_line' id='line_1_17' title="bbox 129 1673 1167 1750; baseline -0.001 -14"><span class='ocrx_word' id='word_1_139' title='bbox 129 1676 268 1750; x_wconf 73' lang='lat' dir='ltr'><strong>cinitoni</strong></span> <span class='ocrx_word' id='word_1_140' title='bbox 281 1677 479 1736; x_wconf 72' lang='lat' dir='ltr'><strong>comissimus</strong></span> <span class='ocrx_word' id='word_1_141' title='bbox 487 1682 530 1734; x_wconf 91' lang='lat' dir='ltr'><strong>est</strong></span> <span class='ocrx_word' id='word_1_142' title='bbox 538 1681 568 1735; x_wconf 87' lang='lat' dir='ltr'><strong>et</strong></span> <span class='ocrx_word' id='word_1_143' title='bbox 582 1691 651 1734; x_wconf 84' lang='lat' dir='ltr'><strong>snae</strong></span> <span class='ocrx_word' id='word_1_144' title='bbox 670 1673 827 1749; x_wconf 82' lang='lat' dir='ltr'><strong>sapientiae</strong></span> <span class='ocrx_word' id='word_1_145' title='bbox 840 1673 975 1736; x_wconf 84' lang='lat' dir='ltr'><strong>reluctari</strong></span> <span class='ocrx_word' id='word_1_146' title='bbox 993 1691 1051 1734; x_wconf 92' lang='lat' dir='ltr'><strong>non</strong></span> <span class='ocrx_word' id='word_1_147' title='bbox 1064 1682 1167 1750; x_wconf 86' lang='lat' dir='ltr'><strong>potest.</strong></span> 
     </span>
     <span class='ocr_line' id='line_1_18' title="bbox 128 1757 1168 1834; baseline 0.002 -16"><span class='ocrx_word' id='word_1_148' title='bbox 128 1761 174 1832; x_wconf 83' lang='lat' dir='ltr'><strong>tr,</strong></span> <span class='ocrx_word' id='word_1_149' title='bbox 191 1766 222 1818; x_wconf 86' lang='lat' dir='ltr'><strong>nt</strong></span> <span class='ocrx_word' id='word_1_150' title='bbox 234 1760 355 1834; x_wconf 82' lang='lat' dir='ltr'><strong>quisque</strong></span> <span class='ocrx_word' id='word_1_151' title='bbox 369 1761 459 1832; x_wconf 78' lang='lat' dir='ltr'><strong>ridet,</strong></span> <span class='ocrx_word' id='word_1_152' title='bbox 475 1759 550 1818; x_wconf 85' lang='lat' dir='ltr'><strong>lleus</strong></span> <span class='ocrx_word' id='word_1_153' title='bbox 564 1759 593 1818; x_wconf 93' lang='lat' dir='ltr'><strong>in</strong></span> <span class='ocrx_word' id='word_1_154' title='bbox 609 1759 664 1818; x_wconf 88' lang='lat' dir='ltr'><strong>hoc</strong></span> <span class='ocrx_word' id='word_1_155' title='bbox 679 1774 737 1817; x_wconf 93' lang='lat' dir='ltr'><strong>non</strong></span> <span class='ocrx_word' id='word_1_156' title='bbox 752 1765 812 1818; x_wconf 70' lang='lat' dir='ltr'><strong>um</strong></span> <span class='ocrx_word' id='word_1_157' title='bbox 824 1757 949 1832; x_wconf 85' lang='lat' dir='ltr'><strong>homini,</strong></span> <span class='ocrx_word' id='word_1_158' title='bbox 963 1774 1053 1833; x_wconf 81' lang='lat' dir='ltr'><strong>quarn</strong></span> <span class='ocrx_word' id='word_1_159' title='bbox 1074 1759 1168 1834; x_wconf 84' lang='lat' dir='ltr'><strong>potios</strong></span> 
     </span>
     <span class='ocr_line' id='line_1_19' title="bbox 129 1842 815 1918; baseline 0 -14"><span class='ocrx_word' id='word_1_160' title='bbox 129 1859 196 1904; x_wconf 87' lang='lat' dir='ltr'><strong>suae</strong></span> <span class='ocrx_word' id='word_1_161' title='bbox 210 1845 366 1918; x_wconf 85' lang='lat' dir='ltr'><strong>sapientiae</strong></span> <span class='ocrx_word' id='word_1_162' title='bbox 379 1849 409 1902; x_wconf 87' lang='lat' dir='ltr'><strong>et</strong></span> <span class='ocrx_word' id='word_1_163' title='bbox 422 1843 541 1904; x_wconf 87' lang='lat' dir='ltr'><strong>bonitati</strong></span> <span class='ocrx_word' id='word_1_164' title='bbox 553 1843 665 1904; x_wconf 85' lang='lat' dir='ltr'><strong>debitor</strong></span> <span class='ocrx_word' id='word_1_165' title='bbox 682 1842 815 1904; x_wconf 72' lang='lat' dir='ltr'><strong>eluctor.</strong></span> 
     </span>
    </p>
   </div>
   <div class='ocr_carea' id='block_1_3' title="bbox 494 2011 803 2074">
    <p class='ocr_par' dir='ltr' id='par_1_3' title="bbox 494 2011 803 2074">
     <span class='ocr_line' id='line_1_20' title="bbox 494 2011 803 2074; baseline 0.003 -1"><span class='ocrx_word' id='word_1_166' title='bbox 494 2014 744 2074; x_wconf 82' lang='lat' dir='ltr'><strong>tnrrcnnus</strong></span> <span class='ocrx_word' id='word_1_167' title='bbox 772 2011 803 2074; x_wconf 86' lang='lat' dir='ltr'><strong>v.</strong></span> 
     </span>
    </p>
   </div>
   <div class='ocr_carea' id='block_1_4' title="bbox 527 2149 775 2258">
    <p class='ocr_par' dir='ltr' id='par_1_4' title="bbox 527 2149 775 2258">
     <span class='ocr_line' id='line_1_21' title="bbox 527 2149 775 2258; baseline -0.004 -16"><span class='ocrx_word' id='word_1_168' title='bbox 527 2179 566 2242; x_wconf 79' lang='lat' dir='ltr'><strong>m</strong></span> <span class='ocrx_word' id='word_1_169' title='bbox 577 2149 775 2258; x_wconf 62' lang='lat' dir='ltr'><strong>peraeae.</strong></span> 
     </span>
    </p>
   </div>
   <div class='ocr_carea' id='block_1_5' title="bbox 89 2345 1235 3870">
    <p class='ocr_par' dir='ltr' id='par_1_5' title="bbox 129 2345 1235 2940">
     <span class='ocr_line' id='line_1_22' title="bbox 164 2345 1173 2427; baseline 0.006 -17"><span class='ocrx_word' id='word_1_170' title='bbox 164 2345 209 2410; x_wconf 83' lang='grc'><strong>38.</strong></span> <span class='ocrx_word' id='word_1_171' title='bbox 229 2346 271 2410; x_wconf 77' lang='lat' dir='ltr'><strong>Ex</strong></span> <span class='ocrx_word' id='word_1_172' title='bbox 284 2349 429 2414; x_wconf 85' lang='lat' dir='ltr'><strong>intellectu</strong></span> <span class='ocrx_word' id='word_1_173' title='bbox 446 2355 476 2412; x_wconf 90' lang='lat' dir='ltr'><strong>et</strong></span> <span class='ocrx_word' id='word_1_174' title='bbox 494 2347 657 2425; x_wconf 74' lang='lat' dir='ltr'><strong>edrone,</strong></span> <span class='ocrx_word' id='word_1_175' title='bbox 673 2357 806 2427; x_wconf 82' lang='lat' dir='ltr'><strong>respectu</strong></span> <span class='ocrx_word' id='word_1_176' title='bbox 826 2348 925 2415; x_wconf 81' lang='lat' dir='ltr'><strong>habito</strong></span> <span class='ocrx_word' id='word_1_177' title='bbox 942 2353 981 2414; x_wconf 87' lang='lat' dir='ltr'><strong>ad</strong></span> <span class='ocrx_word' id='word_1_178' title='bbox 997 2352 1173 2416; x_wconf 84' lang='lat' dir='ltr'><strong>obiectlrum</strong></span> 
     </span>
     <span class='ocr_line' id='line_1_23' title="bbox 129 2435 1173 2512; baseline 0.006 -18"><span class='ocrx_word' id='word_1_179' title='bbox 129 2435 258 2494; x_wconf 78' lang='lat' dir='ltr'><strong>ordinem</strong></span> <span class='ocrx_word' id='word_1_180' title='bbox 267 2451 373 2510; x_wconf 79' lang='lat' dir='ltr'><strong>rerum,</strong></span> <span class='ocrx_word' id='word_1_181' title='bbox 386 2437 624 2510; x_wconf 85' lang='lat' dir='ltr'><strong>quemadmodum</strong></span> <span class='ocrx_word' id='word_1_182' title='bbox 633 2453 721 2511; x_wconf 83' lang='lat' dir='ltr'><strong>supra</strong></span> <span class='ocrx_word' id='word_1_183' title='bbox 730 2438 947 2512; x_wconf 74' lang='lat' dir='ltr'><strong>explicavimus,</strong></span> <span class='ocrx_word' id='word_1_184' title='bbox 957 2442 1083 2498; x_wconf 76' lang='lat' dir='ltr'><strong>essenus</strong></span> <span class='ocrx_word' id='word_1_185' title='bbox 1091 2447 1173 2500; x_wconf 77' lang='lat' dir='ltr'><strong>acon</strong></span> 
     </span>
     <span class='ocr_line' id='line_1_24' title="bbox 129 2519 1170 2596; baseline 0.003 -17"><span class='ocrx_word' id='word_1_186' title='bbox 129 2519 245 2580; x_wconf 87' lang='lat' dir='ltr'><strong>moralis</strong></span> <span class='ocrx_word' id='word_1_187' title='bbox 260 2521 290 2579; x_wconf 87' lang='lat' dir='ltr'><strong>in</strong></span> <span class='ocrx_word' id='word_1_188' title='bbox 304 2535 335 2580; x_wconf 87' lang='lat' dir='ltr'><strong>se</strong></span> <span class='ocrx_word' id='word_1_189' title='bbox 345 2521 538 2582; x_wconf 78' lang='lat' dir='ltr'><strong>consumitur.</strong></span> <span class='ocrx_word' id='word_1_190' title='bbox 554 2524 682 2581; x_wconf 76' lang='lat' dir='ltr'><strong>Attamen</strong></span> <span class='ocrx_word' id='word_1_191' title='bbox 693 2523 779 2582; x_wconf 79' lang='lat' dir='ltr'><strong>lromo</strong></span> <span class='ocrx_word' id='word_1_192' title='bbox 793 2539 851 2582; x_wconf 93' lang='lat' dir='ltr'><strong>non</strong></span> <span class='ocrx_word' id='word_1_193' title='bbox 865 2523 926 2582; x_wconf 83' lang='lat' dir='ltr'><strong>sola</strong></span> <span class='ocrx_word' id='word_1_194' title='bbox 941 2531 1021 2596; x_wconf 83' lang='lat' dir='ltr'><strong>parte</strong></span> <span class='ocrx_word' id='word_1_195' title='bbox 1029 2524 1170 2596; x_wconf 75' lang='lat' dir='ltr'><strong>murnai,</strong></span> 
     </span>
     <span class='ocr_line' id='line_1_25' title="bbox 129 2606 1174 2681; baseline 0 -18"><span class='ocrx_word' id='word_1_196' title='bbox 129 2606 327 2664; x_wconf 84' lang='lat' dir='ltr'><strong>verumetiam</strong></span> <span class='ocrx_word' id='word_1_197' title='bbox 337 2606 524 2666; x_wconf 80' lang='lat' dir='ltr'><strong>sensibilitate</strong></span> <span class='ocrx_word' id='word_1_198' title='bbox 534 2607 764 2681; x_wconf 63' lang='lat' dir='ltr'><strong>scelerationes</strong></span> <span class='ocrx_word' id='word_1_199' title='bbox 774 2609 812 2666; x_wconf 82' lang='lat' dir='ltr'><strong>ad</strong></span> <span class='ocrx_word' id='word_1_200' title='bbox 824 2607 1174 2666; x_wconf 82' lang='lat' dir='ltr'><strong>actionumliumanarum</strong></span> 
     </span>
     <span class='ocr_line' id='line_1_26' title="bbox 130 2691 1175 2766; baseline -0.002 -18"><span class='ocrx_word' id='word_1_201' title='bbox 130 2691 299 2750; x_wconf 78' lang='lat' dir='ltr'><strong>exercitium</strong></span> <span class='ocrx_word' id='word_1_202' title='bbox 313 2707 366 2752; x_wconf 91' lang='lat' dir='ltr'><strong>sno</strong></span> <span class='ocrx_word' id='word_1_203' title='bbox 380 2693 464 2752; x_wconf 91' lang='lat' dir='ltr'><strong>modo</strong></span> <span class='ocrx_word' id='word_1_204' title='bbox 478 2692 589 2766; x_wconf 68' lang='lat' dir='ltr'><strong>numid</strong></span> <span class='ocrx_word' id='word_1_205' title='bbox 601 2693 724 2751; x_wconf 80' lang='lat' dir='ltr'><strong>confert</strong></span> <span class='ocrx_word' id='word_1_206' title='bbox 741 2691 812 2764; x_wconf 79' lang='lat' dir='ltr'><strong>Ergo</strong></span> <span class='ocrx_word' id='word_1_207' title='bbox 826 2691 862 2750; x_wconf 88' lang='lat' dir='ltr'><strong>de</strong></span> <span class='ocrx_word' id='word_1_208' title='bbox 876 2691 931 2748; x_wconf 83' lang='lat' dir='ltr'><strong>nae</strong></span> <span class='ocrx_word' id='word_1_209' title='bbox 944 2704 1057 2762; x_wconf 76' lang='lat' dir='ltr'><strong>quoque</strong></span> <span class='ocrx_word' id='word_1_210' title='bbox 1081 2703 1175 2762; x_wconf 85' lang='lat' dir='ltr'><strong>pauca</strong></span> 
     </span>
     <span class='ocr_line' id='line_1_27' title="bbox 129 2773 1174 2852; baseline -0.003 -18"><span class='ocrx_word' id='word_1_211' title='bbox 129 2775 258 2834; x_wconf 83' lang='lat' dir='ltr'><strong>dicamtrs</strong></span> <span class='ocrx_word' id='word_1_212' title='bbox 272 2791 389 2836; x_wconf 88' lang='lat' dir='ltr'><strong>necesse</strong></span> <span class='ocrx_word' id='word_1_213' title='bbox 402 2783 462 2850; x_wconf 86' lang='lat' dir='ltr'><strong>eet,</strong></span> <span class='ocrx_word' id='word_1_214' title='bbox 480 2783 619 2852; x_wconf 88' lang='lat' dir='ltr'><strong>quantum</strong></span> <span class='ocrx_word' id='word_1_215' title='bbox 638 2776 772 2836; x_wconf 81' lang='lat' dir='ltr'><strong>uidelicet</strong></span> <span class='ocrx_word' id='word_1_216' title='bbox 790 2789 857 2834; x_wconf 86' lang='lat' dir='ltr'><strong>cum</strong></span> <span class='ocrx_word' id='word_1_217' title='bbox 876 2773 1036 2832; x_wconf 82' lang='lat' dir='ltr'><strong>moralitate</strong></span> <span class='ocrx_word' id='word_1_218' title='bbox 1056 2778 1174 2832; x_wconf 77' lang='lat' dir='ltr'><strong>acorum</strong></span> 
     </span>
     <span class='ocr_line' id='line_1_28' title="bbox 130 2857 1235 2940; baseline 0.005 -25"><span class='ocrx_word' id='word_1_219' title='bbox 130 2857 322 2918; x_wconf 86' lang='lat' dir='ltr'><strong>humanomm</strong></span> <span class='ocrx_word' id='word_1_220' title='bbox 336 2861 523 2919; x_wconf 87' lang='lat' dir='ltr'><strong>connectitur.</strong></span> <span class='ocrx_word' id='word_1_221' title='bbox 1222 2919 1235 2940; x_wconf 73' lang='lat'>‚</span> 
     </span>
    </p>

    <p class='ocr_par' dir='ltr' id='par_1_6' title="bbox 89 2940 1175 3870">
     <span class='ocr_line' id='line_1_29' title="bbox 166 2940 1174 3016; baseline 0.001 -17"><span class='ocrx_word' id='word_1_222' title='bbox 166 2941 225 2999; x_wconf 84' lang='lat' dir='ltr'><strong>lam</strong></span> <span class='ocrx_word' id='word_1_223' title='bbox 239 2955 291 3013; x_wconf 74' lang='lat' dir='ltr'><strong>ape</strong></span> <span class='ocrx_word' id='word_1_224' title='bbox 305 2942 479 3000; x_wconf 70' lang='lat' dir='ltr'><strong>sanabilius</strong></span> <span class='ocrx_word' id='word_1_225' title='bbox 492 2941 652 3014; x_wconf 62' lang='lat' dir='ltr'><strong>mesum</strong></span> <span class='ocrx_word' id='word_1_226' title='bbox 665 2943 796 3016; x_wconf 84' lang='lat' dir='ltr'><strong>inspecte</strong></span> <span class='ocrx_word' id='word_1_227' title='bbox 809 2940 974 3002; x_wconf 76' lang='lat' dir='ltr'><strong>fucultatem</strong></span> <span class='ocrx_word' id='word_1_228' title='bbox 989 2946 1051 3000; x_wconf 81' lang='lat' dir='ltr'><strong>urm</strong></span> <span class='ocrx_word' id='word_1_229' title='bbox 1069 2955 1174 3016; x_wconf 79' lang='lat' dir='ltr'><strong>cogno</strong></span> 
     </span>
     <span class='ocr_line' id='line_1_30' title="bbox 130 3025 1174 3100; baseline 0.002 -16"><span class='ocrx_word' id='word_1_230' title='bbox 130 3025 228 3084; x_wconf 85' lang='lat' dir='ltr'><strong>scendi</strong></span> <span class='ocrx_word' id='word_1_231' title='bbox 244 3030 304 3082; x_wconf 80' lang='lat' dir='ltr'><strong>urm</strong></span> <span class='ocrx_word' id='word_1_232' title='bbox 317 3026 470 3097; x_wconf 73' lang='lat' dir='ltr'><strong>appetendi</strong></span> <span class='ocrx_word' id='word_1_233' title='bbox 484 3027 690 3100; x_wconf 77' lang='lat' dir='ltr'><strong>complectitur.</strong></span> <span class='ocrx_word' id='word_1_234' title='bbox 709 3028 743 3084; x_wconf 87' lang='lat' dir='ltr'><strong>tlt</strong></span> <span class='ocrx_word' id='word_1_235' title='bbox 756 3027 792 3086; x_wconf 88' lang='lat' dir='ltr'><strong>de</strong></span> <span class='ocrx_word' id='word_1_236' title='bbox 806 3025 857 3085; x_wconf 87' lang='lat' dir='ltr'><strong>illa</strong></span> <span class='ocrx_word' id='word_1_237' title='bbox 876 3033 961 3100; x_wconf 87' lang='lat' dir='ltr'><strong>prout</strong></span> <span class='ocrx_word' id='word_1_238' title='bbox 979 3027 1113 3086; x_wconf 79' lang='lat' dir='ltr'><strong>comitare</strong></span> <span class='ocrx_word' id='word_1_239' title='bbox 1126 3041 1174 3086; x_wconf 90' lang='lat' dir='ltr'><strong>oo·</strong></span> 
     </span>
     <span class='ocr_line' id='line_1_31' title="bbox 131 3107 1174 3185; baseline 0.004 -19"><span class='ocrx_word' id='word_1_240' title='bbox 131 3107 285 3180; x_wconf 80' lang='lat' dir='ltr'><strong>gnoscendi</strong></span> <span class='ocrx_word' id='word_1_241' title='bbox 299 3108 476 3182; x_wconf 85' lang='lat' dir='ltr'><strong>continetur,</strong></span> <span class='ocrx_word' id='word_1_242' title='bbox 494 3124 567 3183; x_wconf 87' lang='lat' dir='ltr'><strong>quae</strong></span> <span class='ocrx_word' id='word_1_243' title='bbox 583 3125 633 3184; x_wconf 90' lang='lat' dir='ltr'><strong>per</strong></span> <span class='ocrx_word' id='word_1_244' title='bbox 648 3110 776 3170; x_wconf 87' lang='lat' dir='ltr'><strong>diversos</strong></span> <span class='ocrx_word' id='word_1_245' title='bbox 794 3125 897 3170; x_wconf 88' lang='lat' dir='ltr'><strong>sensus</strong></span> <span class='ocrx_word' id='word_1_246' title='bbox 917 3127 949 3172; x_wconf 86' lang='lat' dir='ltr'><strong>se</strong></span> <span class='ocrx_word' id='word_1_247' title='bbox 963 3111 1174 3185; x_wconf 79' lang='lat' dir='ltr'><strong>explicaretur</strong></span> 
     </span>
     <span class='ocr_line' id='line_1_32' title="bbox 131 3185 1175 3269; baseline 0.004 -19"><span class='ocrx_word' id='word_1_248' title='bbox 131 3185 334 3266; x_wconf 71' lang='lat' dir='ltr'><strong>imaginatione</strong></span> <span class='ocrx_word' id='word_1_249' title='bbox 348 3193 425 3252; x_wconf 76' lang='lat' dir='ltr'><strong>aeliu</strong></span> <span class='ocrx_word' id='word_1_250' title='bbox 439 3192 470 3252; x_wconf 91' lang='lat' dir='ltr'><strong>iu</strong></span> <span class='ocrx_word' id='word_1_251' title='bbox 484 3201 582 3253; x_wconf 87' lang='lat' dir='ltr'><strong>centro</strong></span> <span class='ocrx_word' id='word_1_252' title='bbox 591 3194 745 3268; x_wconf 70' lang='lat' dir='ltr'><strong>colligitur,</strong></span> <span class='ocrx_word' id='word_1_253' title='bbox 759 3195 832 3254; x_wconf 82' lang='lat' dir='ltr'><strong>nihil</strong></span> <span class='ocrx_word' id='word_1_254' title='bbox 846 3195 990 3269; x_wconf 78' lang='lat' dir='ltr'><strong>peculiare</strong></span> <span class='ocrx_word' id='word_1_255' title='bbox 999 3195 1047 3254; x_wconf 83' lang='lat' dir='ltr'><strong>liic</strong></span> <span class='ocrx_word' id='word_1_256' title='bbox 1059 3195 1175 3254; x_wconf 86' lang='lat' dir='ltr'><strong>enucle-</strong></span> 
     </span>
     <span class='ocr_line' id='line_1_33' title="bbox 132 3277 1174 3352; baseline 0.002 -16"><span class='ocrx_word' id='word_1_257' title='bbox 132 3277 238 3336; x_wconf 84' lang='lat' dir='ltr'><strong>aodum</strong></span> <span class='ocrx_word' id='word_1_258' title='bbox 251 3277 383 3336; x_wconf 81' lang='lat' dir='ltr'><strong>oeorrrit.</strong></span> <span class='ocrx_word' id='word_1_259' title='bbox 401 3277 488 3337; x_wconf 87' lang='lat' dir='ltr'><strong>Nimis</strong></span> <span class='ocrx_word' id='word_1_260' title='bbox 499 3277 582 3337; x_wconf 89' lang='lat' dir='ltr'><strong>enim</strong></span> <span class='ocrx_word' id='word_1_261' title='bbox 596 3285 693 3352; x_wconf 87' lang='lat' dir='ltr'><strong>aperte</strong></span> <span class='ocrx_word' id='word_1_262' title='bbox 707 3283 860 3352; x_wconf 72' lang='lat' dir='ltr'><strong>pateream</strong></span> <span class='ocrx_word' id='word_1_263' title='bbox 874 3279 990 3338; x_wconf 88' lang='lat' dir='ltr'><strong>nonnisi</strong></span> <span class='ocrx_word' id='word_1_264' title='bbox 999 3279 1174 3338; x_wconf 78' lang='lat' dir='ltr'><strong>instromen·</strong></span> 
     </span>
     <span class='ocr_line' id='line_1_34' title="bbox 132 3361 1175 3437; baseline 0.003 -18"><span class='ocrx_word' id='word_1_265' title='bbox 132 3366 193 3420; x_wconf 90' lang='lat' dir='ltr'><strong>tum</strong></span> <span class='ocrx_word' id='word_1_266' title='bbox 206 3377 269 3420; x_wconf 88' lang='lat' dir='ltr'><strong>esse</strong></span> <span class='ocrx_word' id='word_1_267' title='bbox 282 3361 409 3434; x_wconf 68' lang='lat' dir='ltr'><strong>udonis,</strong></span> <span class='ocrx_word' id='word_1_268' title='bbox 426 3361 473 3420; x_wconf 90' lang='lat' dir='ltr'><strong>cui</strong></span> <span class='ocrx_word' id='word_1_269' title='bbox 488 3362 637 3422; x_wconf 70' lang='lat' dir='ltr'><strong>mauriani</strong></span> <span class='ocrx_word' id='word_1_270' title='bbox 651 3368 680 3421; x_wconf 90' lang='lat' dir='ltr'><strong>el</strong></span> <span class='ocrx_word' id='word_1_271' title='bbox 693 3363 875 3422; x_wconf 85' lang='lat' dir='ltr'><strong>occasionem</strong></span> <span class='ocrx_word' id='word_1_272' title='bbox 893 3363 1025 3422; x_wconf 60' lang='lat' dir='ltr'><strong>mmmm</strong></span> <span class='ocrx_word' id='word_1_273' title='bbox 1042 3363 1175 3437; x_wconf 86' lang='lat' dir='ltr'><strong>suppedi-</strong></span> 
     </span>
     <span class='ocr_line' id='line_1_35' title="bbox 133 3445 1174 3520; baseline 0.002 -17"><span class='ocrx_word' id='word_1_274' title='bbox 133 3451 185 3518; x_wconf 78' lang='lat' dir='ltr'><strong>tat3</strong></span> <span class='ocrx_word' id='word_1_275' title='bbox 199 3460 251 3503; x_wconf 92' lang='lat' dir='ltr'><strong>nec</strong></span> <span class='ocrx_word' id='word_1_276' title='bbox 263 3445 406 3503; x_wconf 85' lang='lat' dir='ltr'><strong>lnssuxum</strong></span> <span class='ocrx_word' id='word_1_277' title='bbox 424 3445 515 3505; x_wconf 84' lang='lat' dir='ltr'><strong>ullum</strong></span> <span class='ocrx_word' id='word_1_278' title='bbox 525 3461 660 3506; x_wconf 84' lang='lat' dir='ltr'><strong>exercere</strong></span> <span class='ocrx_word' id='word_1_279' title='bbox 670 3448 701 3508; x_wconf 88' lang='lat' dir='ltr'><strong>ia</strong></span> <span class='ocrx_word' id='word_1_280' title='bbox 711 3447 878 3506; x_wconf 66' lang='lat' dir='ltr'><strong>wallatia</strong></span> <span class='ocrx_word' id='word_1_281' title='bbox 892 3447 1007 3519; x_wconf 84' lang='lat' dir='ltr'><strong>iudicia,</strong></span> <span class='ocrx_word' id='word_1_282' title='bbox 1019 3461 1174 3520; x_wconf 82' lang='lat' dir='ltr'><strong>qliaeopns</strong></span> 
     </span>
     <span class='ocr_line' id='line_1_36' title="bbox 133 3529 1174 3604; baseline 0.001 -16"><span class='ocrx_word' id='word_1_283' title='bbox 133 3529 281 3588; x_wconf 81' lang='lat' dir='ltr'><strong>dumtaxat</strong></span> <span class='ocrx_word' id='word_1_284' title='bbox 296 3538 362 3588; x_wconf 91' lang='lat' dir='ltr'><strong>sunt</strong></span> <span class='ocrx_word' id='word_1_285' title='bbox 378 3529 489 3588; x_wconf 89' lang='lat' dir='ltr'><strong>mentis.</strong></span> <span class='ocrx_word' id='word_1_286' title='bbox 501 3531 695 3604; x_wconf 82' lang='lat' dir='ltr'><strong>Restatigitur</strong></span> <span class='ocrx_word' id='word_1_287' title='bbox 711 3536 740 3589; x_wconf 87' lang='lat' dir='ltr'><strong>nt</strong></span> <span class='ocrx_word' id='word_1_288' title='bbox 759 3531 795 3588; x_wconf 87' lang='lat' dir='ltr'><strong>de</strong></span> <span class='ocrx_word' id='word_1_289' title='bbox 809 3530 898 3590; x_wconf 87' lang='lat' dir='ltr'><strong>altero</strong></span> <span class='ocrx_word' id='word_1_290' title='bbox 914 3539 993 3603; x_wconf 86' lang='lat' dir='ltr'><strong>parte</strong></span> <span class='ocrx_word' id='word_1_291' title='bbox 1003 3529 1174 3589; x_wconf 87' lang='lat' dir='ltr'><strong>sermocine-</strong></span> 
     </span>
     <span class='ocr_line' id='line_1_37' title="bbox 132 3614 1174 3688; baseline 0.004 -17"><span class='ocrx_word' id='word_1_292' title='bbox 132 3629 210 3686; x_wconf 83' lang='lat' dir='ltr'><strong>mur,</strong></span> <span class='ocrx_word' id='word_1_293' title='bbox 221 3629 295 3686; x_wconf 80' lang='lat' dir='ltr'><strong>qnae</strong></span> <span class='ocrx_word' id='word_1_294' title='bbox 311 3615 511 3688; x_wconf 87' lang='lat' dir='ltr'><strong>appetitionem</strong></span> <span class='ocrx_word' id='word_1_295' title='bbox 527 3614 657 3674; x_wconf 86' lang='lat' dir='ltr'><strong>includit.</strong></span> <span class='ocrx_word' id='word_1_296' title='bbox 675 3616 750 3674; x_wconf 86' lang='lat' dir='ltr'><strong>llaec</strong></span> <span class='ocrx_word' id='word_1_297' title='bbox 764 3615 921 3674; x_wconf 89' lang='lat' dir='ltr'><strong>onimdnm</strong></span> <span class='ocrx_word' id='word_1_298' title='bbox 935 3615 1117 3673; x_wconf 82' lang='lat' dir='ltr'><strong>vehementer</strong></span> <span class='ocrx_word' id='word_1_299' title='bbox 1138 3615 1174 3676; x_wconf 88' lang='lat' dir='ltr'><strong>ad</strong></span> 
     </span>
     <span class='ocr_line' id='line_1_38' title="bbox 89 3697 1175 3776; baseline 0.007 -22"><span class='ocrx_word' id='word_1_300' title='bbox 89 3769 93 3776; x_wconf 87' lang='lat'><em>.</em></span> <span class='ocrx_word' id='word_1_301' title='bbox 133 3697 228 3770; x_wconf 85' lang='lat' dir='ltr'><strong>aliqua</strong></span> <span class='ocrx_word' id='word_1_302' title='bbox 241 3697 353 3758; x_wconf 86' lang='lat' dir='ltr'><strong>obiecta</strong></span> <span class='ocrx_word' id='word_1_303' title='bbox 373 3713 424 3758; x_wconf 89' lang='lat' dir='ltr'><strong>nos</strong></span> <span class='ocrx_word' id='word_1_304' title='bbox 434 3699 509 3773; x_wconf 88' lang='lat' dir='ltr'><strong>rapit</strong></span> <span class='ocrx_word' id='word_1_305' title='bbox 517 3701 554 3758; x_wconf 80' lang='lat' dir='ltr'><strong>ab</strong></span> <span class='ocrx_word' id='word_1_306' title='bbox 569 3699 689 3774; x_wconf 76' lang='lat' dir='ltr'><strong>aliisque</strong></span> <span class='ocrx_word' id='word_1_307' title='bbox 702 3700 835 3776; x_wconf 76' lang='lat' dir='ltr'><strong>retrahit3</strong></span> <span class='ocrx_word' id='word_1_308' title='bbox 852 3715 911 3759; x_wconf 89' lang='lat' dir='ltr'><strong>non</strong></span> <span class='ocrx_word' id='word_1_309' title='bbox 919 3697 1093 3760; x_wconf 79' lang='lat' dir='ltr'><strong>mediocrem</strong></span> <span class='ocrx_word' id='word_1_310' title='bbox 1107 3713 1175 3763; x_wconf 86' lang='lat' dir='ltr'><strong>cum</strong></span> 
     </span>
     <span class='ocr_line' id='line_1_39' title="bbox 133 3779 734 3870; baseline 0.003 -28"><span class='ocrx_word' id='word_1_311' title='bbox 133 3781 243 3842; x_wconf 79' lang='lat' dir='ltr'><strong>acubus</strong></span> <span class='ocrx_word' id='word_1_312' title='bbox 258 3779 391 3844; x_wconf 75' lang='lat' dir='ltr'><strong>humanIs</strong></span> <span class='ocrx_word' id='word_1_313' title='bbox 410 3784 619 3870; x_wconf 86' lang='lat' dir='ltr'><strong>connexionem</strong></span> <span class='ocrx_word' id='word_1_314' title='bbox 634 3785 734 3868; x_wconf 22' lang='lat' dir='ltr'><strong>hahet..</strong></span> 
     </span>
    </p>
   </div>
   <div class='ocr_carea' id='block_1_6' title="bbox 0 0 1397 4492">
    <p class='ocr_par' dir='ltr' id='par_1_7' title="bbox 0 0 1397 4492">
     <span class='ocr_line' id='line_1_40' title="bbox 0 0 1397 4492; baseline 0 0"><span class='ocrx_word' id='word_1_315' title='bbox 0 0 1397 4492; x_wconf 95' lang='lat' dir='ltr'><strong> </strong></span> 
     </span>
    </p>
   </div>
  </div>
 </body>
</html>
