2767 4492
414 301 490 356 rans
502 298 852 382 admonuissemus

623 476 647 537 l.

127 645 235 716 &utu
247 647 384 714 dalem
398 646 613 722 uotuutooo
628 645 708 708 diet
722 660 792 706 uun
807 660 894 706 seruo
902 641 1134 720 smdomootolt,

322 748 412 812 eoem
427 733 566 832 moolli
578 747 741 810 perperam
760 731 940 792 obtrudunt.

144 905 189 966 di.
206 905 340 980 emerui
354 905 506 980 opinantur
514 911 627 982 praeter
641 919 745 968 aeneos
758 909 941 969 enumeratos
954 918 1019 964 eoae
1029 903 1061 963 in
1069 903 1152 968 nobie

106 1005 226 1052 sensum
239 990 366 1065 aliquem
378 991 635 1066 fundamentalem,
652 993 703 1068 qui
717 991 846 1053 ommam
860 991 897 1050 sit
914 990 999 1051 radix
1013 995 1043 1050 et
1055 989 1151 1063 basis,

107 1081 250 1149 quaestus
262 1075 396 1150 importat
410 1079 561 1140 contusum
576 1079 703 1152 aliquem
717 1083 747 1137 et
754 1090 912 1152 perennem
920 1081 1017 1137 actum
1030 1071 1153 1136 sentien-

105 1159 138 1220 di
152 1160 241 1223 utam
255 1161 390 1236 corporis,
408 1167 473 1224 ante
487 1178 604 1224 omnem
617 1161 837 1236 impressionem
849 1176 947 1220 rerum
956 1165 1152 1222 externarum.

104 1243 189 1304 Hunc
202 1250 299 1306 aetum
314 1247 478 1321 concipiunt
493 1237 640 1321 umquam
655 1247 797 1306 initialem
805 1250 834 1306 et
846 1246 1032 1320 primitivum,
1044 1249 1073 1304 et
1083 1258 1153 1316 oua·

106 1326 134 1386 si
146 1333 178 1388 ut
200 1335 334 1390 meatum
351 1331 503 1393 sensitirae
522 1331 679 1404 potentiae;
702 1331 739 1390 ad
753 1331 905 1404 ipsumque
919 1330 1108 1402 detegendum
1122 1343 1154 1391 ce

104 1413 259 1486 pertenire
274 1413 449 1474 arbitrantur
466 1415 655 1476 abstractione
669 1432 687 1475 a
701 1417 822 1490 singulis
842 1414 1038 1475 determinatio
1057 1429 1153 1474 mnsa-

108 1497 242 1572 tionibus,
258 1499 358 1560 relicta
374 1505 484 1560 tantum
500 1502 556 1560 vita
570 1502 690 1562 subiecti
706 1502 865 1561 condentis.

142 1583 182 1644 dd
197 1583 369 1644 dedendam
382 1601 449 1646 vcro
463 1585 660 1646 difficultatem
674 1602 749 1660 quae
762 1601 800 1646 ex
814 1585 941 1645 emenda
955 1583 1155 1644 conscientiae

106 1669 200 1742 quom
214 1683 331 1729 sensum
345 1670 422 1729 hunc
436 1670 679 1730 fundamentalem
693 1671 805 1731 desumi
818 1675 922 1745 possm,
938 1669 1072 1743 exempla
1088 1683 1154 1727 con·

105 1759 209 1824 gerunt
230 1754 434 1814 nonnullarum
450 1755 654 1826 causationum,
667 1755 773 1829 quibus
789 1761 926 1830 perpetro
941 1770 994 1814 noe
1003 1753 1081 1814 attici
1092 1752 1152 1826 opi·

104 1843 219 1911 nentur,
235 1839 303 1898 licet
316 1839 353 1898 ob
366 1840 590 1913 assuetudinem,
608 1855 696 1914 quam
709 1841 834 1914 parium,
851 1839 1021 1899 easauobis
1033 1853 1092 1898 non
1106 1837 1154 1896 ad·

105 1923 176 1979 verti
185 1922 291 1981 dicant.
304 1923 382 1982 Tales
398 1931 464 1983 sunt
478 1925 552 1998 illae,
565 1941 639 2000 quae
653 1931 779 1984 exmotu
794 1925 942 1998 sanguinis
952 1940 1003 1999 per
1016 1939 1104 1984 venas
1113 1921 1155 1981 dt

105 2007 270 2080 stertentis,
287 2015 337 2066 aut
351 2023 389 2068 ex
402 2009 496 2068 calore
510 2010 601 2078 vitali,
613 2026 670 2082 ouo
685 2026 788 2084 corpus
798 2010 912 2084 model,
925 2013 1021 2068 auten
1034 2007 1154 2082 pressio

105 2103 142 2148 ne
155 2091 232 2150 aeris
245 2107 298 2150 nos
308 2093 545 2167 'obcnmtluentis
562 2100 612 2154 aut
622 2096 686 2156 aliis
702 2096 844 2154 similibus
857 2095 952 2154 causis
966 2100 1153 2154 enascuntur

106 2172 212 2239 Quidni
225 2175 311 2247 igion
326 2177 388 2250 pari
402 2176 523 2251 ratione,
540 2184 653 2251 praeter
667 2185 777 2238 ceterae
790 2179 949 2253 mundares
963 2179 1152 2250 causationes,

106 2256 213 2330 quibus
227 2259 384 2333 allicimur,
401 2262 527 2320 anteum
540 2263 657 2336 quidam
676 2279 777 2323 sanstus
795 2265 958 2324 adstruatur
976 2264 1152 2335 immanens,

104 2341 288 2416 universalis,
305 2345 354 2418 pari
363 2360 437 2419 pene
448 2359 515 2405 cum
529 2347 592 2420 ipsa
602 2347 660 2408 rita
674 2349 872 2422 contundatur,
884 2350 952 2410 licet
965 2350 1027 2408 eius
1041 2348 1153 2407 nullam

102 2427 310 2488 conscentiam
324 2430 503 2490 babeamus?

141 2511 245 2654 Verium
259 2513 330 2573 baec
344 2515 451 2589 partim
465 2517 554 2590 graba
569 2523 686 2594 asserta,
702 2521 808 2594 partim
823 2520 931 2580 adrem
944 2516 1152 2578 nonfacienda

100 2595 186 2654 dicen
207 2611 225 2654 a
240 2603 317 2657 sunt.

136 2681 167 2739 ln
182 2683 282 2755 primis
296 2687 430 2762 exempla
446 2688 506 2763 illa,
524 2706 598 2766 quae
611 2693 770 2767 proterunt,
785 2705 970 2766 nequaquam
984 2689 1089 2750 inuicte
1103 2689 1152 2748 de·

101 2771 264 2827 monstrant
276 2769 307 2830 in
321 2772 405 2831 nobis
421 2787 484 2832 esse
500 2777 689 2847 sensationos,
707 2789 830 2847 quanrm
844 2776 952 2834 conscii
971 2774 1050 2831 nullo
1068 2773 1154 2830 modo

100 2849 200 2910 umus.
218 2853 287 2912 llam
302 2857 411 2928 pressio
426 2859 540 2916 externi
556 2858 645 2926 aeris,
662 2870 730 2913 cum
745 2856 866 2915 elidatur
882 2873 900 2915 a
918 2855 1060 2914 contraria
1078 2869 1155 2928 pres·

100 2934 182 2994 sione
202 2935 355 2994 ludorum
369 2939 400 2994 iu
416 2953 535 3010 corpore
557 2937 761 3008 existentium,
777 2953 835 2996 nou
857 2940 1078 3012 incongruenter
1096 2935 1154 2996 diei

99 3023 198 3094 posset
212 3019 321 3076 nullam
335 3020 366 3076 in
381 3021 464 3077 nobis
479 3021 669 3078 sensatiouem
684 3021 810 3080 excitare
820 3067 827 3092 ,
839 3024 895 3082 nisi
920 3023 1033 3097 quomo
1054 3023 1153 3097 aequi·

98 3101 219 3161 librium
235 3101 306 3159 illud
321 3102 510 3175 abrumpitur.
528 3103 607 3162 Calor
622 3119 688 3162 vero
704 3120 876 3178 organorum
890 3110 921 3168 in
936 3115 1010 3168 statu
1028 3108 1152 3167 normali

99 3186 265 3260 animantis,
282 3187 306 3245 si
321 3203 388 3246 cum
403 3195 523 3247 externo
538 3183 632 3248 calore
650 3190 873 3266 aequilibrator,
890 3195 921 3252 iu
934 3194 1151 3268 dispositionem

98 3273 194 3346 ipsam
204 3272 324 3332 subiecti
338 3274 486 3333 sentientis
496 3277 680 3350 convertitur3
695 3293 729 3335 ac
738 3277 858 3350 proinde
867 3295 925 3337 non
934 3278 1078 3337 obiectum
1089 3291 1156 3336 een·

102 3359 220 3418 sationis
234 3363 277 3418 est
286 3361 336 3419 sed
346 3360 470 3420 conditio
480 3377 517 3420 ex
528 3367 609 3436 parte
623 3364 767 3437 potentiae
781 3364 892 3423 sensilis
906 3363 1056 3438 requisita,
1073 3378 1149 3436 quae

101 3444 228 3503 eiusdem
243 3445 384 3505 actionem
404 3447 566 3506 anteoedat.
582 3447 660 3506 Idem
673 3449 734 3508 tere
747 3449 901 3510 dicendum
919 3451 1032 3509 videbar
1046 3448 1082 3506 de
1096 3448 1152 3507 cir·

100 3528 240 3588 culatiooe
259 3531 426 3605 sanguinis,
444 3547 519 3606 quae
533 3531 655 3592 normali
670 3535 754 3594 modo
768 3541 884 3610 peracta
901 3536 937 3594 ad
952 3532 1149 3594 oeconomiam

101 3613 269 3674 emstenliao
284 3616 405 3676 subiecti
415 3616 570 3678 animantis
584 3618 722 3694 pertiuet3
738 3619 890 3682 subtantia
906 3624 1041 3678 autemst
1057 3619 1151 3700 condi·

101 3696 193 3758 dones
207 3699 243 3758 ad
257 3701 350 3775 ipsam
365 3705 525 3778 spectantes
537 3705 731 3778 operationem
742 3705 910 3765 bculubrm
924 3705 992 3764 inde
1004 3718 1151 3779 emergeu·

102 3781 175 3842 tium
190 3787 372 3862 praecedunt,
385 3801 438 3847 nee
449 3790 506 3848 nisi
515 3787 672 3850 reflexione
686 3791 879 3870 effingentem
895 3805 979 3864 quae,
992 3805 1059 3850 cum
1069 3803 1151 3865 prae·
1225 3867 1233 3877 ·

103 3872 221 3936 eanum
230 3875 326 3937 acum
334 3869 645 3949 dirocmmsarbaudtat,
653 3872 915 3954 tmdanmtdbsset
923 3877 1068 3951 primitiva
1077 3874 1151 3938 aetia
