2767 4492
212 213 256 296 78
657 234 819 288 susumus

219 321 392 392 considerari
415 335 543 388 morsum
556 327 663 403 possit,
689 334 784 388 maren
799 329 915 389 realltm
928 331 957 388 et
970 323 1001 389 in
1022 339 1072 405 ea,
1097 333 1181 406 prout
1194 325 1258 394 netu

218 417 250 475 iu
263 415 346 475 nobis
360 413 502 490 gignitur,
517 425 665 488 nunquam
680 413 849 474 dissociatur
868 414 906 474 ab
925 415 1134 490 imperio„quo
1151 416 1258 479 meum

219 501 255 560 ad
273 501 361 560 linem
380 497 574 558 necessarium
592 497 745 573 prosequi,
770 498 880 558 malum
899 501 1036 574 aufugere
1054 501 1196 564 iubemur.
1216 503 1259 564 itt·

218 591 331 646 atamen
355 589 449 644 autem
471 583 589 642 radonis
607 581 662 642 lroo
686 583 806 658 impmo
829 584 963 644 ellectum
982 586 1074 660 legam
1091 588 1256 665 oonsdtuit,

219 668 521 744 ouiuspraevaricatio
538 667 656 728 eoniuse
673 667 776 728 saltem
789 669 1011 744 apprehenditur
1026 671 1178 732 utollenaa
1192 674 1256 749 ltei3

220 755 375 830 siquidem,
402 759 434 812 ut
453 752 601 826 diximus,
627 752 786 827 iuditium,
806 753 883 828 quod
897 753 1095 829 aliquidiubst
1107 763 1157 816 eut
1170 765 1257 835 aetat,

220 843 274 900 lroc
288 841 350 916 ipso
364 838 533 914 implicitam
543 838 689 897 uodonem
703 837 790 897 babet
799 837 957 914 Superimb
966 839 1117 900 ouitmdam
1131 849 1258 918 naturae,

219 927 319 1002 euius,
336 924 361 984 si
376 930 474 983 contra
489 923 629 997 iacimus,
645 923 843 984 auctoritatam
857 925 1076 986 oontemnimus.
1091 927 1180 1002 dique
1193 929 1261 989 bine

218 1012 305 1072 otiam
319 1014 436 1084 apparet
450 1008 519 1084 quid
532 1007 569 1067 sit
586 1007 742 1068 necessitas
757 1008 807 1068 illa
821 1010 956 1084 morabs,
971 1025 1059 1084 guam
1073 1011 1206 1086 obligatio
1221 1013 1260 1074 te

219 1099 263 1172 gis
276 1094 395 1156 inducit.
412 1095 442 1154 lu
458 1093 513 1155 hoc
527 1094 605 1154 anim
619 1095 673 1154 sita
696 1100 759 1170 aet,
780 1096 855 1170 quod
878 1103 1003 1172 nequeat
1015 1099 1101 1158 bomo
1114 1099 1177 1158 elus
1190 1100 1261 1174 legis

218 1181 339 1258 imperio
359 1180 509 1254 reluctari,
529 1179 600 1254 quin
619 1195 678 1240 nou
696 1181 781 1239 modo
794 1181 924 1240 ordinem
937 1183 1056 1243 rationis
1075 1184 1205 1244 adiviua
1219 1201 1262 1246 se-

217 1266 325 1344 pientis
339 1265 474 1324 dictatum
485 1265 657 1340 pessumdet,
674 1281 774 1326 verum
788 1267 875 1326 etiam
889 1268 1020 1342 supremi
1029 1269 1199 1343 legislatoris
1213 1286 1260 1331 uo

218 1353 356 1412 lunatam
368 1349 601 1426 transgrediatur.

618 1519 797 1584 Pnososrrro
814 1522 861 1586 lli.

449 1689 573 1754 Admitti
581 1693 659 1756 dedet
674 1694 721 1756 leae
735 1693 884 1772 quaedam
899 1699 1030 1758 oetaeo·

274 1865 318 1927 eo.
342 1861 427 1926 Prot.
448 1865 523 1926 lteus
545 1865 577 1926 in
596 1865 762 1926 aeternitate
780 1871 924 1942 operatur.
948 1867 1018 1928 tium
1043 1865 1123 1928 enim
1139 1865 1180 1930 sit
1202 1867 1259 1934 Rus

219 1947 406 2027 immutabile,
427 1950 565 2027 quidquid
581 1951 659 2026 iacit,
681 1951 718 2012 ab
736 1953 903 2014 aelamitata
922 1954 999 2014 iacit.
1022 1949 1093 2015 liam
1108 1959 1261 2020 aeternitas

219 2037 387 2098 indivisibili
412 2052 465 2096 sua
487 2036 636 2098 duratione
657 2051 769 2115 tempus
787 2051 873 2098 omne
890 2039 1112 2124 amplectibus,
1143 2043 1261 2119 eiusque

219 2122 300 2183 initio
314 2129 342 2182 et
359 2123 488 2196 partibus
504 2127 560 2181 tota
579 2121 768 2198 simul-atque
787 2122 906 2182 immoto
925 2125 1085 2198 respondet.
1107 2125 1179 2201 lingo
1195 2128 1259 2204 lex,

220 2214 360 2282 quatenus
375 2207 404 2266 in
423 2207 479 2266 Deo
498 2207 613 2266 iubente
628 2207 843 2282 consideratur,
864 2213 980 2267 aeterna
998 2208 1055 2267 diei
1075 2211 1177 2286 debet3
1193 2225 1262 2274 eum

221 2291 299 2350 aliud
313 2307 371 2350 non
385 2291 423 2350 sit
443 2291 599 2366 quidquam
617 2291 675 2350 nisi
690 2291 763 2350 ratio
778 2297 807 2351 et
824 2291 957 2352 voluntas
983 2293 1094 2369 meina,
1119 2311 1194 2370 quea
1211 2297 1262 2357 bo·

218 2385 302 2436 nesta
316 2376 480 2451 praecipiat,
498 2382 629 2451 vetatque
645 2377 797 2436 soumaria.
833 2439 839 2450 ,
1180 2374 1184 2378 ’

254 2461 420 2521 Thomusius
434 2461 509 2520 haue
526 2466 670 2520 aeternam
685 2461 779 2536 legam
793 2462 831 2521 ab
852 2463 986 2524 omuibus
1008 2464 1093 2539 plane
1111 2466 1262 2528 scholasti·

218 2551 260 2616 ais
270 2552 433 2624 admissam,
446 2551 549 2610 acriter
562 2549 749 2626 impugnavit,
761 2566 882 2627 eamque
895 2561 928 2612 ut
942 2555 1110 2628 figmentum
1124 2557 1265 2618 materiae

141 2650 143 2658 ·
218 2637 412 2714 improduotae
426 2635 605 2694 ethnicorum
620 2649 678 2694 non
693 2635 826 2696 absimile
842 2631 973 2696 traduxit
984 2639 1009 2698 t,
1026 2641 1153 2714 liquam
1163 2640 1265 2714 inepta

218 2721 249 2781 id
263 2721 379 2795 leserit,
396 2733 481 2779 uerno
504 2733 591 2778 sanus
611 2733 669 2778 non
688 2721 774 2780 videt.
799 2721 869 2781 llam
889 2723 913 2780 ei
936 2723 985 2781 lex
1004 2723 1263 2797 laudunenses

218 2805 347 2880 principe
361 2805 494 2882 quopiam
508 2803 617 2880 ternu,
632 2805 732 2880 nequit
746 2805 851 2882 eoripto
869 2813 987 2866 exarata
1001 2807 1172 2881 subsistere,
1188 2809 1263 2883 quia

220 2901 286 2950 aute
304 2890 335 2948 iu
349 2895 445 2949 urente
459 2894 488 2950 et
501 2890 645 2950 voluntate
660 2891 741 2959 eius,
754 2893 804 2970 qui
817 2907 882 2952 aem
898 2891 970 2966 tulit,
982 2893 1177 2968 euoendlatur,
1193 2909 1263 2968 quo·

218 2975 304 3035 modo
320 2976 368 3034 lex
381 2974 539 3048 naturalis,
555 2989 629 3050 quae
644 2991 703 3036 nou
716 2977 846 3051 tabulae,
862 2977 913 3037 sed
926 2978 1032 3036 animis
1049 2977 1155 3037 noemia
1171 2977 1261 3039 alteo

218 3073 351 3137 supremo
366 3059 495 3119 omnium
509 3060 698 3135 gubernatore
712 3061 855 3136 insculpta
869 3067 922 3134 est,
935 3063 1053 3137 eogitari
1067 3063 1180 3137 poterit,
1190 3063 1263 3137 quin

217 3148 273 3208 hoc
289 3146 395 3228 ipsein
410 3145 507 3205 divino
520 3146 666 3207 intellectu
681 3153 710 3208 et
722 3149 867 3207 voluntate
885 3153 1033 3208 aeternum
1051 3148 1181 3208 extitisse
1194 3163 1264 3209 eon·

219 3231 359 3308 eipieturl
373 3231 461 3304 deria,
477 3241 510 3290 ut
523 3231 596 3292 ratio
610 3230 738 3292 humana
750 3233 929 3308 puueipatlo
943 3233 1082 3308 quaedam
1094 3238 1138 3292 est
1150 3239 1180 3293 et
1191 3233 1267 3292 ima·

219 3333 254 3394 go
269 3315 383 3377 divinae
397 3316 525 3390 rationis,
542 3317 583 3375 sio
595 3317 730 3376 variates
739 3330 839 3377 omnes
852 3323 913 3376 mm
924 3317 1187 3392 speouletivaetum
1196 3333 1266 3393 pra·

215 3403 307 3462 otieaa
321 3399 394 3460 radii
409 3400 524 3474 quidam
539 3406 606 3460 suut
620 3401 692 3460 lunis
707 3407 839 3462 menuae
852 3410 882 3462 et
894 3403 1036 3478 imagines
1049 3403 1202 3463 nodutum
1215 3418 1266 3462 ae·

219 3493 373 3558 tamarum,
390 3499 463 3558 quae
473 3485 503 3544 in
513 3485 609 3544 diviua
623 3492 719 3545 mente
729 3487 896 3547 subsistunt.
908 3487 1017 3556 Quibus
1032 3487 1067 3561 (si
1076 3488 1113 3546 de
1127 3486 1265 3561 practicis

211 3584 312 3631 sermo
325 3569 377 3644 est>
388 3569 539 3632 subaudita
553 3571 666 3634 deorum
677 3571 828 3633 creationis
839 3571 949 3635 entium
958 3571 1151 3645 ratiomlium,
1163 3570 1266 3635 duma

213 3655 347 3716 uoluntas
357 3654 597 3730 accedatoportet,
607 3671 681 3732 quae
690 3655 1196 3732 pmeeeptaillatamousmnormsm
1206 3655 1267 3719 im·

263 3835 274 3890 l
291 3837 370 3886 laelii.
387 3837 593 3901 lnoprooeettn
606 3840 702 3892 diuinos
714 3840 731 3888 l.
749 3837 769 3905 1,
784 3853 804 3889 e.
821 3840 846 3908 t,
859 3837 886 3908 ς.
901 3839 944 3900 bd.
