2767 4492
235 251 288 314 288
679 259 841 307 muman

269 351 330 412 lat.
347 349 443 419 Quoad
466 346 611 424 publicam
635 361 702 407 vero
724 343 941 422 prosperitatem
963 340 994 404 in
1012 343 1112 404 ordine
1134 345 1290 404 materiali

231 453 305 514 quae
319 453 357 497 ex
370 435 467 511 populi
481 433 682 506 multitudine,
700 431 860 504 opulentia,
876 429 1012 490 facilitate
1035 431 1223 506 comparandi
1249 447 1289 490 ea

232 523 338 596 omnia,
354 537 427 596 quac
442 520 603 579 suaviorem
618 518 708 577 uitam
723 516 860 584 alliciant,
880 515 1010 588 emergit
1028 515 1083 574 tria
1097 516 1290 590 potissimum

231 606 436 669 consideranda
450 610 526 664 sunt.
543 604 667 664 Primum
683 607 736 674 est,
751 616 810 660 non
827 600 926 676 populi
941 600 1132 674 frequentiam
1146 600 1287 661 indefini-

232 698 288 753 tam
303 691 383 750 adid
405 691 566 762 conierrre,
586 687 636 747 sed
652 687 737 745 talem
751 702 824 760 quae
839 687 893 745 rite
907 685 1078 760 respondeat
1092 684 1197 744 mediis
1215 701 1286 745 eam

230 777 324 837 alendi
338 782 366 836 et
384 774 542 847 educandi,
560 777 591 831 ut
605 771 759 832 incolumis
780 776 809 830 et
822 770 896 829 bene
910 776 1021 853 morata
1039 774 1178 830 servetur.
1194 770 1285 830 Dein·

230 863 275 936 de,
289 860 465 937 opulentiam
482 858 658 934 reipublicae
667 855 849 931 nonproprie
864 861 932 914 tnnc
943 854 1042 914 haben
1052 870 1118 914 cum
1132 871 1201 930 pars
1215 861 1283 915 tan·

233 954 292 1007 tum
307 947 414 1006 civium
430 944 536 1004 divitiis
551 943 687 1014 abundet,
705 941 795 999 altera
808 955 876 999 uero
890 939 987 1014 inopia
1002 945 1157 1014 prematur,
1175 941 1207 999 in
1221 942 1281 999 troc

227 1030 312 1091 ¹enim
320 1031 414 1106 potius
426 1029 554 1104 tyrannis
564 1024 908 1101 quaedamaristoeratico
920 1025 1057 1098 cernitur,
1066 1025 1188 1083 sedtum
1198 1041 1282 1084 rere-

229 1134 262 1177 ra
276 1115 409 1188 existere,
421 1130 487 1174 cum
498 1114 559 1174 sino
570 1113 656 1172 ullius
671 1110 779 1170 iniuria
787 1110 903 1169 divitiae
912 1109 1071 1184 generatim
1082 1109 1152 1168 satis
1165 1109 1281 1169 diuisae

229 1202 295 1263 sint.
312 1202 371 1270 Quo
386 1199 464 1259 enim
479 1198 572 1273 magis
584 1198 660 1272 (eum
674 1195 856 1270 proportione
868 1196 974 1268 tamen)
984 1195 1056 1254 haec
1069 1209 1157 1268 opum
1171 1195 1281 1254 divisio

229 1287 348 1360 crescil;
369 1301 403 1346 eo
419 1285 521 1356 realis,
538 1299 595 1343 non
610 1297 770 1356 apparens,
785 1279 961 1354 reipublicae
975 1281 1103 1356 augescit
1115 1280 1278 1355 opulentia.

228 1373 288 1433 Non
304 1371 345 1431 sic
361 1375 456 1430 lamen
471 1370 542 1429 haec
556 1367 658 1427 divisio
673 1366 802 1440 urgenda
816 1371 860 1425 est
872 1371 905 1425 ut
918 1366 964 1424 ius
981 1365 1182 1440 proprietatis,
1199 1365 1281 1440 quod

229 1472 246 1516 a
260 1461 362 1515 natura
377 1455 510 1530 procedit,
522 1453 580 1512 ulla
595 1453 705 1511 ratione
719 1451 848 1510 laedatur
862 1454 912 1508 aut
926 1450 1033 1510 iniusto
1051 1450 1142 1508 limite
1151 1456 1281 1508 coarcte·

229 1546 293 1613 tur,
309 1541 398 1600 immo
414 1555 481 1612 prae
494 1539 584 1598 oculis
598 1536 762 1596 habendum
778 1541 831 1608 est,
847 1551 885 1594 nc
902 1535 1061 1609 proprietas
1076 1534 1163 1592 nimis
1179 1535 1281 1594 minu·
1355 1588 1356 1599 ,

228 1624 309 1684 tatim
324 1629 402 1684 secla
415 1622 594 1697 dissipationi
609 1621 705 1696 potius
722 1620 896 1678 assimiletur
909 1625 938 1678 et
952 1619 1061 1677 'sociale
1074 1634 1179 1692 corpus
1193 1635 1281 1678 ener·
1355 1612 1356 1623 ’

226 1715 282 1771 vet.
299 1709 426 1783 lienique
441 1708 567 1768 suavitas
583 1706 658 1764 vitae
673 1704 899 1764 mediocritatem
913 1703 1039 1778 aliquam
1054 1703 1110 1762 sibi
1126 1704 1278 1777 medicat,

228 1810 301 1869 quae
317 1794 429 1853 virtutis
443 1791 558 1868 propriu
572 1797 625 1863 est;
642 1805 745 1863 nempe
759 1795 791 1848 ut
805 1805 824 1847 a
838 1789 1013 1863 praescripto
1023 1788 1143 1848 rationis
1151 1788 1195 1847 sic
1207 1795 1282 1848 term

226 1883 361 1953 peretur,
377 1881 410 1934 ut
423 1874 551 1934 moribus
565 1874 755 1933 informandis
770 1873 859 1947 prosit
874 1873 985 1947 potius,
1002 1888 1089 1946 quam
1107 1879 1221 1931 noceat.
1249 1875 1284 1933 Si

227 1961 306 2022 enim
321 1975 441 2019 excessu
452 1973 504 2018 suo
519 1974 613 2018 mores
628 1959 716 2016 nimis
727 1958 853 2017 emolliat
867 1965 896 2017 et
909 1957 1062 2016 sensilibus
1079 1957 1284 2030 voluptatibus

226 2047 337 2106 animos
352 2044 466 2116 affigat3
490 2043 525 2101 ad
542 2041 745 2117 perfectionem
760 2043 896 2111 socialem
918 2042 1059 2115 pertinere
1073 2057 1131 2099 non
1146 2043 1281 2118 poterit;

226 2130 367 2205 siquidem
382 2129 447 2187 linis
457 2128 569 2188 socialis
584 2127 683 2187 ordine
699 2129 799 2186 morali
815 2129 993 2201 informatur,
1006 2127 1042 2186 ad
1056 2141 1143 2200 quem
1156 2127 1284 2188 tandem

225 2214 408 2275 referendum
422 2219 466 2272 est
478 2213 616 2288 quidquid
632 2214 798 2272 societatem
815 2213 926 2271 attinet.

265 2299 325 2358 luti.
342 2299 418 2358 iluna
432 2305 528 2358 autent
545 2298 662 2372 spiritns
678 2299 715 2356 ad
729 2297 877 2356 scientiam
893 2303 922 2356 et
937 2297 1071 2355 itirtutem
1084 2303 1281 2372 revocantur,

226 2399 264 2444 ex
279 2383 382 2458 quibus
396 2383 527 2458 proximo
542 2383 611 2442 ordo
635 2382 752 2440 moralis
770 2382 909 2455 exsurgit.
936 2382 1027 2449 Quare
1052 2382 1088 2439 ad
1109 2396 1145 2439 ea
1160 2382 1284 2455 potissi·
1354 2404 1355 2409 ¹

226 2481 307 2528 mum
322 2468 353 2528 lu
368 2469 479 2529 civibus
503 2474 532 2528 et
548 2473 605 2528 tolo
619 2466 767 2542 republica
792 2468 983 2540 promovenda
1007 2466 1137 2525 benefica
1150 2469 1284 2527 atteteri-

227 2555 291 2616 iotis
315 2554 388 2614 actio
403 2552 569 2613 inctrurbcre
590 2551 684 2611 debet.
709 2551 781 2609 ilinc
802 2567 859 2610 non
886 2553 969 2610 modo
984 2551 1167 2624 academiae,
1183 2558 1218 2611 et
1237 2553 1283 2627 lp·-

226 2655 295 2699 caea
311 2639 510 2699 constituenda
525 2643 592 2697 sunt
607 2651 641 2696 ac
663 2634 759 2694 debito
783 2637 946 2708 organismo
965 2637 1116 2708 donanda,
1131 2640 1165 2694 ut
1178 2635 1229 2694 in·
1241 2640 1282 2698 iis

221 2724 441 2799 praestantiores
456 2720 659 2796 intelligentiae
675 2720 856 2780 convenienti
872 2736 940 2779 oum
950 2721 1080 2780 libertato
1089 2719 1279 2796 evolvantur,

226 2809 276 2869 sed
292 2809 377 2868 etiam
393 2810 423 2869 in
444 2807 544 2882 vulgus
558 2807 653 2881 ipsum
663 2805 811 2866 sufficiens
824 2821 922 2866 rerum
936 2805 1068 2881 cognitio,
1081 2805 1282 2882 etdisciplina

228 2893 443 2953 disseminanda
457 2897 509 2952 est.

262 2979 323 3047 Qua
337 2980 368 3038 in
383 2995 414 3038 ro
428 2977 534 3051 duplex
549 2981 712 3038 erasmum
726 2977 831 3036 vitetur
845 2982 971 3050 oportet:
996 2992 1034 3036 ne
1055 2976 1137 3051 plebs
1162 2984 1217 3037 aut
1232 2981 1281 3039 ni-

225 3063 318 3122 mium
332 3063 420 3130 rudis,
434 3068 483 3122 aut
496 3063 571 3136 plus,
589 3078 676 3137 quam
690 3061 753 3121 cius
767 3062 892 3122 conditio
907 3061 1021 3136 patitur,
1037 3061 1150 3120 erudita
1165 3061 1281 3124 lrabea-

113 3183 120 3192 -
226 3156 281 3209 tur.
307 3149 442 3223 Utrinque
457 3147 536 3206 euim
551 3162 607 3206 non
622 3148 698 3206 levia
711 3148 787 3206 mala
806 3148 986 3222 proveniunt.
1012 3146 1177 3221 Ignorantia
1192 3150 1282 3209 enim
1354 3192 1355 3209 i

225 3236 366 3303 ferocem,
383 3232 527 3306 obtusum,
544 3231 695 3306 voluptatis
710 3238 885 3306 amaltueru,
902 3231 1118 3306 immorigerum
1132 3233 1282 3306 populum

225 3318 322 3395 cilicia
337 3316 491 3376 immodica
507 3332 572 3375 voro
586 3316 719 3391 eruditio,
735 3332 809 3392 quae
823 3332 971 3395 nunquam
987 3317 1073 3391 plena
1088 3331 1151 3376 esse
1166 3327 1279 3392 potest.

226 3402 400 3478 superbum,
414 3401 584 3475 indocilem,
601 3401 756 3461 mutandae
777 3401 908 3463 fortunae
923 3401 1057 3476 auidum,
1073 3401 1282 3476 impatientem

225 3487 341 3562 laboris,
360 3487 578 3547 tumultuantem
594 3487 696 3546 reddit.

262 3574 316 3634 Sed
331 3573 460 3632 omnium
474 3573 600 3632 maxime
615 3572 734 3632 colenda
747 3578 790 3632 est
800 3572 916 3648 lleligio,
930 3573 993 3632 sinc
1008 3589 1066 3648 qua
1080 3577 1176 3632 cetera
1188 3575 1280 3637 flocci

226 3659 335 3718 fierent.
353 3659 386 3718 llt
400 3658 477 3718 enim
491 3657 682 3731 individuum,
694 3658 736 3718 sic
751 3657 838 3717 ctiam
852 3659 971 3717 societas
987 3659 1018 3718 in
1032 3663 1144 3716 tantum
1160 3669 1281 3732 specta·

225 3743 292 3802 hilis
307 3749 350 3802 est
363 3749 392 3802 et
404 3744 570 3815 reverendo,
583 3741 612 3800 in
629 3748 770 3816 quantum
784 3742 889 3801 virtute
904 3748 933 3800 et
945 3743 1071 3801 honestis
1081 3743 1215 3802 moribus
1230 3762 1279 3805 or·

225 3830 320 3902 untur,
336 3827 427 3892 uultis
442 3833 537 3892 autem
550 3826 721 3914 pulchrique
735 3842 829 3891 mores
843 3827 875 3893 iu
889 3827 1028 3907 religione
1042 3827 1213 3896 laudantur.
1228 3831 1281 3901 Sa-
