2767 4492
503 276 580 330 nans
594 285 716 331 lamna
1103 265 1140 324 93

95 373 176 432 mam
188 372 271 434 iidem
279 369 463 444 merentium,
474 368 529 429 etsi
538 369 576 427 ad
591 368 707 443 plenam
717 367 984 428 auctoritatemnon
996 367 1138 438 assurgat,

94 456 256 531 plenumque
262 473 322 518 non
332 455 421 528 fallat,
432 453 611 528 experientia
620 453 651 513 in
664 454 767 528 primis
777 451 975 528 persuadetur.
988 449 1139 510 donacion-

95 540 134 598 u'a
146 542 221 602 enim
235 543 340 616 amque
354 539 505 616 patefacit,
520 554 574 599 nos
592 539 778 598 inclinatione
799 542 920 598 namrae
933 535 970 594 ad
985 533 1137 606 peritatem

95 625 249 684 umam
257 626 374 698 adduci,
386 639 487 684 munus
497 629 594 683 autem
603 623 759 682 admonent
767 639 813 682 res
823 620 1060 696 pramplmimaa,
1070 632 1138 678 cum

93 706 171 768 nobis
183 709 320 784 deinceps
333 713 498 784 praesentes
513 707 605 768 iactae
618 713 696 774 sunt,
713 707 870 766 narrationi
880 701 1060 780 respondisse
1070 703 1137 762 eda-

91 794 210 852 mussim
225 809 314 867 quam
328 797 412 852 antea
425 792 461 851 ab
484 791 550 851 aliis
567 791 734 851 hominibus
753 805 980 865 susceperamus.
997 789 1070 864 Ergo
1086 803 1137 847 ex-

89 877 232 948 perientia
250 883 312 936 tum
333 877 446 936 interna
460 881 521 936 tum
534 881 654 936 externa
667 891 721 934 nos
733 875 816 936 docet
830 881 915 936 testes
930 887 1136 949 saepenumero

89 961 200 1021 referre
209 962 368 1022 venalem.

125 1045 178 1104 dui
192 1046 386 1120 experientiae
398 1047 509 1108 accedit
523 1047 606 1118 ratio,
618 1062 693 1120 quae
708 1044 869 1105 auctoritati
879 1045 965 1104 tidem
979 1042 1140 1120 generatim

88 1128 190 1188 deberi
199 1129 314 1204 exipsis
321 1131 442 1206 legibus,
449 1131 556 1204 quibus
564 1135 664 1204 sponte
672 1145 768 1188 mores
779 1129 926 1188 bominum
935 1133 1139 1203 temperantur,

89 1214 223 1274 ostendit
234 1216 291 1276 Hae
311 1222 408 1276 autem
423 1217 456 1274 in
473 1215 586 1273 duabus
599 1221 667 1272 sunt
680 1213 799 1287 positae.
811 1212 905 1272 Prima
918 1219 975 1272 est:
992 1212 1142 1272 beniacan

88 1306 207 1358 notura
219 1297 535 1359 auooeramsorutori
549 1306 575 1354 et
589 1296 822 1371 amplectimini
833 1297 911 1355 enim
925 1295 1143 1354 animisnostris

88 1382 292 1440 taminnatum
300 1385 344 1440 est
353 1386 439 1452 atque
447 1379 576 1451 insitum,
582 1393 670 1452 quam
678 1379 740 1438 reri
749 1379 946 1452 cupiditasdd
952 1393 1014 1436 rem
1022 1377 1138 1436 Tullius:

92 1488 103 1513 a
118 1465 228 1524 omnes
242 1465 383 1524 trahimur
396 1467 426 1520 et
434 1461 610 1521 ducimurad
625 1461 796 1535 cognitionis
810 1465 839 1520 et
853 1461 988 1520 scientiae
998 1459 1141 1534 cupidita-

92 1571 103 1598 ·
122 1552 203 1621 oem,
219 1548 252 1606 iu
266 1564 325 1621 qua
338 1547 478 1607 excellcre
491 1546 642 1620 pulchram
655 1551 804 1620 putamus:
820 1546 880 1604 labi
895 1550 1010 1617 autem,
1027 1559 1138 1616 errare,
1258 1543 1260 1548 '

93 1655 104 1685 ι
119 1631 245 1704 nescire,
258 1631 361 1706 decipi,
374 1636 404 1691 et
416 1631 524 1690 malum
538 1637 567 1690 et
581 1636 662 1704 turpe
675 1631 807 1690 ducimus
823 1633 872 1689 l.»
891 1630 983 1698 Quare
1002 1645 1058 1704 quo
1073 1645 1140 1704 pru·

92 1715 201 1776 dentior
216 1716 435 1790 diligentiorque
448 1720 494 1775 est
507 1715 595 1788 testis,
612 1715 667 1774 boe
680 1716 816 1776 remotior
830 1715 935 1775 erroris
949 1730 983 1774 ac
998 1715 1140 1789 deceptio·

91 1801 136 1859 nis
150 1802 184 1860 lit
204 1807 310 1861 metus.
330 1801 425 1860 tlltera
443 1801 492 1860 lex
506 1805 561 1860 est:
579 1800 730 1860 doctinam
746 1801 868 1860 nonnisi
886 1801 955 1860 toci
973 1801 1142 1876 eutropium

24 1909 28 1918 ·
92 1885 448 1961 omoreodoppeteadum
458 1886 677 1961 cooperandum
685 1886 807 1962 impelli.
819 1885 890 1944 llinc
902 1886 1008 1958 existit,
1021 1891 1140 1946 otmen-

88 1967 201 2029 dacium
215 1971 304 2045 (quod
317 1985 376 2029 non
389 1985 441 2044 per
454 1985 485 2030 se
500 1970 609 2030 bouum
622 1977 652 2028 et
666 1971 866 2045 appetendum,
880 1970 930 2028 sed
947 1975 1027 2046 turpe
1043 1971 1137 2044 potius

93 2058 120 2110 et
132 2054 303 2116 indecorum
318 2056 374 2128 cst)
389 2061 514 2128 nequeat
532 2054 648 2115 allicere
668 2056 833 2128 bominem,
851 2055 907 2114 nisi
926 2057 1020 2130 specie
1043 2057 1140 2131 aliqua

91 2137 234 2214 utilitatis,
252 2155 325 2212 quae
340 2139 390 2198 uhi
403 2139 502 2212 deerit,
515 2141 608 2200 omnis
622 2139 779 2199 mentiendi
788 2145 950 2199 removetur
960 2141 1093 2215 suspicio.
1106 2141 1141 2200 tlt

92 2222 170 2280 eninr
188 2225 245 2283 iert
264 2223 461 2298 proverbium:
481 2239 565 2282 acmo
583 2225 680 2299 pratis
698 2231 740 2282 est
757 2223 866 2283 motos.
883 2225 1051 2284 Praesertim
1072 2239 1139 2284 vero

92 2304 170 2365 frans
182 2309 265 2367 noba
278 2308 334 2366 erit
346 2308 582 2382 pertimescenda,
594 2323 662 2366 cum
676 2308 712 2366 de
724 2307 796 2382 frugi
812 2313 841 2366 et
855 2309 995 2368 constanti
1007 2310 1069 2366 viro
1079 2323 1137 2366 ser-

93 2403 139 2448 mo
151 2399 210 2466 est,
227 2393 280 2466 qui
295 2407 353 2452 non
369 2392 444 2466 turpi
458 2392 594 2465 utilitate,
610 2392 661 2451 sed
675 2393 832 2452 honestatis
847 2392 958 2466 legibus
972 2391 1081 2450 moveri
1097 2406 1140 2450 so·

93 2472 138 2532 let.
156 2475 295 2538 Similiter
307 2492 344 2535 ex
359 2477 414 2536 bae
430 2477 530 2536 morali
545 2479 616 2550 lege¹
629 2477 826 2550 consequitur,
843 2483 876 2534 ut
891 2477 916 2536 si
931 2477 1044 2550 quando
1058 2490 1138 2536 men·

93 2558 205 2622 dacium
219 2565 327 2624 damno
343 2563 436 2636 potius
449 2562 599 2621 mentienti
614 2563 743 2621 futurum
764 2563 814 2630 sit,
832 2567 881 2620 aut
896 2561 1036 2620 eiusmodi
1051 2565 1095 2621 est
1110 2565 1141 2620 ut

95 2643 176 2704 tacite
191 2648 287 2720 detegi
303 2648 443 2721 plectique
459 2649 555 2720 possit,
571 2662 720 2722 nunquam
736 2647 898 2720 bominem,
915 2648 964 2722 qui
978 2647 1049 2706 baec
1064 2647 1139 2718 cogi-

95 2731 143 2800 tat,
152 2733 190 2789 ad
203 2733 404 2791 mentiendum
414 2732 545 2790 adducat.
557 2733 606 2790 llis
616 2733 714 2804 itaque
730 2731 890 2804 praeiactis,
904 2747 970 2790 eum
979 2747 1041 2803 nos,
1054 2732 1141 2788 etiam

93 2808 123 2868 in
136 2816 305 2876 auctoritate
318 2830 377 2874 non
391 2815 484 2889 plena,
500 2815 643 2874 coniicere
656 2814 807 2871 evidentur
823 2813 973 2884 possimus,
990 2821 1086 2868 utrum
1103 2818 1141 2868 te·

95 2897 145 2956 stis
157 2914 193 2957 ea
207 2898 360 2972 prudentia
374 2898 530 2954 instructus
545 2898 591 2967 sit,
607 2911 682 2968 quae
692 2895 853 2965 perieulum
862 2895 976 2951 errandi
987 2893 1142 2950 admodum

93 2982 238 3052 probabili
251 2982 362 3039 radone
376 2985 531 3048 removeat,
548 2991 639 3047 eaque
653 2975 794 3046 probitate
808 2979 924 3032 ornetur
936 2977 982 3034 vel
997 2977 1098 3034 saltem
1113 2977 1144 3036 in

93 3062 132 3120 iis
146 3069 277 3120 versetur
291 3060 524 3131 circumstantiis,
536 3073 610 3130 quae
619 3055 777 3115 mentiendi
792 3057 1081 3132 seiungantcausam3
1094 3077 1144 3120 au·

93 3146 221 3206 caritati
235 3146 323 3205 tidem
337 3144 496 3204 babeamus
510 3147 629 3218 oportet,
645 3141 702 3201 nisi
716 3141 894 3202 intoleranda
905 3143 1009 3203 mentis
1018 3143 1140 3218 pertine·

96 3231 141 3291 cia
155 3247 278 3307 peccare
293 3231 437 3291 volumus.

131 3317 210 3385 Quod
230 3333 296 3378 vero
314 3318 386 3377 tides
408 3317 569 3396 auctoritati
587 3317 756 3392 praestanda
776 3317 937 3378 necessaria
956 3317 993 3376 sit
1007 3317 1043 3376 ad
1068 3318 1143 3378 sitae
1217 3377 1223 3388 ,

97 3414 224 3477 usumm,
240 3403 281 3462 nil
289 3401 480 3462 manifestius.
492 3402 551 3463 disi
566 3403 645 3462 enim
660 3402 830 3461 malentibus
845 3402 1006 3476 fideremus,
1018 3417 1070 3460 nec
1082 3403 1144 3462 vias

100 3481 244 3560 incedere,
265 3503 318 3547 nee
336 3485 494 3546 amicorum
512 3488 653 3547 consortio
672 3487 727 3560 uti,
748 3503 801 3546 nec
820 3487 986 3562 parentibus
1005 3487 1141 3547 bonorem

100 3563 275 3645 impendere,
292 3574 381 3631 immo
395 3587 463 3632 vero
486 3587 541 3632 nec
564 3585 726 3631 sermonem
741 3586 808 3630 eum
823 3571 887 3630 aliis
901 3571 1030 3631 conferre
1048 3585 1142 3646 posse·

103 3661 177 3728 mus3
191 3661 276 3730 atque
290 3656 355 3716 ideo
374 3656 469 3717 omnis
485 3655 579 3717 ciritio
591 3657 701 3730 cultus,
717 3671 803 3717 omne
818 3655 933 3729 foedus,
950 3653 1046 3715 omnis
1067 3657 1143 3717 ritae

148 3820 158 3867 t
177 3827 210 3874 ne
224 3829 317 3889 osteo
331 3826 371 3877 tat.
390 3829 414 3892 t,
432 3843 451 3874 e.
470 3828 494 3875 a.
