2767 4492
531 400 611 451 mars
636 398 779 453 sarnam
1125 386 1172 452 llll

166 482 254 549 auru
270 489 383 562 generis
399 496 455 551 tres
466 490 614 552 societates
631 492 772 553 existunt:
789 490 953 564 adamatica,
965 490 1070 565 ciuilis,
1086 496 1115 550 et
1127 508 1172 551 ae»

132 572 245 649 lipidam
257 592 330 650 quae
344 578 374 637 in
389 577 577 637 determinato
591 590 660 653 gyro
671 576 849 651 singularum
860 576 973 651 proprio
983 576 1019 635 ad
1033 576 1174 650 integram

60 734 64 741 ¹
130 657 253 719 bominis
267 661 495 736 personalitatem
509 668 648 736 spectant.
665 662 744 731 Quod
759 666 858 727 autem,
868 660 939 719 baec
954 660 1030 719 solae
1041 667 1097 720 tres
1112 676 1173 736 spe·

130 742 189 802 cies
203 747 344 819 perfectae
359 746 502 806 societatis
512 745 575 805 iure
588 753 785 819 numerentur,
802 744 885 805 lacile
895 750 980 819 patet.
992 745 1061 803 llam
1076 745 1171 819 bomo,

130 826 240 903 integre
254 837 397 906 acceptus,
411 832 442 891 in
457 830 561 905 triplici
576 831 712 891 relatione
727 830 948 891 considerandus
961 828 1103 889 obiicitur.
1116 830 1173 889 Pri-

129 928 222 987 mnm,
239 922 322 989 prout
336 917 372 975 ad
386 915 459 975 sein
475 915 584 975 ratione
604 916 743 975 individui
758 914 957 989 complentium
972 919 1056 987 atque
1075 928 1173 987 peren-

128 998 217 1057 nitate
230 1001 353 1074 qoadam
372 1001 536 1060 donandum
555 1001 722 1061 societatem
742 1001 868 1075 aliquam
882 998 949 1072 init3
966 1005 995 1058 et
1009 998 1038 1057 id
1053 998 1173 1058 babetur

127 1085 156 1143 vi
164 1086 308 1158 scrattiae.
320 1086 435 1160 Deinde,
447 1088 704 1161 quaenusbonum
716 1086 885 1146 buiusritae
895 1084 1041 1160 proprium
1052 1084 1169 1160 conqui-

127 1169 165 1229 rit
179 1175 208 1229 et
219 1170 370 1230 relationes
380 1186 447 1230 cum
460 1172 561 1231 ceteris
576 1171 740 1232 bominibus
759 1170 898 1231 stabiliter
908 1170 1029 1242 ordinat,
1041 1175 1125 1243 atque
1134 1170 1170 1229 ad

129 1252 182 1312 boc
195 1256 319 1330 suppetit
333 1255 427 1313 civilis
440 1256 567 1315 amietos.
580 1257 744 1325 Postremo,
761 1257 792 1315 iu
807 1261 947 1329 quantum
961 1253 1067 1313 directe
1081 1254 1170 1313 ielici·

128 1338 179 1397 tati
191 1338 307 1398 alterins
320 1340 395 1399 ritae
405 1346 433 1399 et
443 1340 628 1400 relationibus
644 1342 749 1414 studet,
761 1340 866 1415 mribus
881 1354 947 1398 curn
958 1338 1170 1413 ilntesupremo

127 1423 320 1498 adstringitur,
338 1426 384 1483 cui
399 1426 512 1485 muneri
527 1426 664 1503 sepondet
679 1426 798 1483 samatus
813 1422 960 1498 calipioso.
976 1423 1015 1481 lle
1025 1423 1070 1481 bis
1083 1423 1170 1496 igilur

127 1506 219 1565 tribus
237 1508 379 1568 societatis
400 1510 549 1583 speciebus
564 1511 617 1569 boc
632 1510 704 1568 libro
718 1510 903 1579 disseremus,
920 1513 952 1566 ut
967 1507 1113 1567 sufficiens
1126 1508 1170 1567 in·
1264 1572 1267 1587 Ι

131 1591 284 1651 rissocialis
297 1594 397 1652 notitia
407 1595 443 1651 ab
451 1594 678 1653 adolescentibus
692 1598 881 1668 comparetur.
893 1592 926 1653 lit
940 1593 1070 1666 quamvis
1084 1594 1170 1667 potis·

127 1676 231 1735 simum
246 1678 277 1737 in
291 1678 423 1738 societate
438 1680 514 1739 civili
532 1680 708 1739 enucleanda
731 1678 909 1751 insistemus3
926 1677 1112 1737 nibilominus
1133 1679 1169 1739 de

126 1760 189 1819 aliis
203 1762 289 1820 etiam
299 1768 436 1837 quantum
452 1780 567 1823 necesse
583 1764 637 1823 erit
651 1763 855 1836 delibabimus,
869 1770 930 1821 lum
944 1763 1011 1835 quia
1024 1762 1169 1823 notionem

125 1844 266 1905 societatis
283 1848 426 1921 perlectae
445 1848 658 1922 ingrediuntor,
679 1848 841 1905 tumeliam
864 1846 1014 1921 quiscum
1036 1848 1168 1908 societate

125 1930 202 1990 civili
212 1931 371 1991 arctissimo
381 1932 496 1992 vinculo
506 1934 687 2007 copulantur.
699 1932 817 1990 Familia
831 1932 907 1995 enim
919 1932 1058 1991 elementa
1068 1939 1097 1991 et
1106 1949 1168 2006 ger·

126 2029 194 2073 men
208 2016 331 2075 civitatis
355 2017 527 2092 suppeditata
545 2018 670 2077 Societas
686 2032 754 2075 vero
770 2016 901 2090 religiosa
923 2018 1018 2076 media
1035 2018 1166 2093 exhibet,

124 2098 186 2158 sine
201 2101 305 2174 quibus
321 2101 412 2160 civilis
430 2101 541 2161 cultura
555 2108 584 2161 et
603 2118 662 2178 pax
680 2101 833 2161 consistere
852 2118 1031 2177 nequaquam
1047 2098 1168 2177 possunt

124 2198 158 2242 ac
172 2185 259 2242 linem
280 2185 404 2244 ciuitatis
427 2187 549 2260 complet
566 2191 594 2244 et
607 2186 691 2245 altius
713 2186 821 2245 attollit.
840 2186 915 2245 Haec
940 2192 1035 2247 autem
1055 2188 1167 2264 omnia,

123 2268 203 2329 iuxta
217 2269 355 2343 ordinem,
372 2284 457 2344 quem
471 2271 635 2345 sequimur,
652 2271 790 2346 separatis
808 2271 948 2346 capitibus
962 2272 1103 2347 gradatim
1117 2290 1166 2333 ex·

122 2354 301 2429 plicabimus.

485 2552 619 2626 CAPUT
647 2553 804 2627 PRlllUM

335 2777 385 2826 DE
416 2779 656 2829 souln'rn'rn
686 2778 946 2829 DOMESTIGA.

159 2949 281 3035 Societas
296 2954 459 3027 domestica,
476 2958 555 3027 ouasi
573 2964 662 3017 totum
680 2974 719 3016 ex
733 2956 881 3032 partibas,
898 2972 933 3017 ex
950 2958 1041 3017 tribus
1055 2954 1163 3035 simpli⁴

123 3036 246 3096 cioribus
261 3039 441 3098 societatibus
455 3042 600 3101 coalescit:
617 3043 753 3101 nimirum
775 3044 943 3117 coniupnli,
961 3044 1079 3118 quaein
1099 3044 1162 3105 iun·

123 3124 215 3180 ctione
229 3122 281 3181 viri
296 3131 324 3182 el
340 3126 436 3183 rasoris
451 3126 542 3199 posita
554 3131 596 3184 est
611 3126 779 3201 acprimum
795 3128 919 3186 lamiliae
934 3128 1049 3202 pracbcl
1059 3130 1161 3187 lunda·

122 3213 263 3279 mentum,
274 3216 413 3283 ‚paterna
425 3226 498 3284 quac
509 3210 584 3285 riget
599 3217 730 3286 parentes
740 3211 814 3270 inter
824 3218 852 3270 et
863 3212 975 3283 liberos,
989 3212 1086 3286 quiex
1097 3228 1161 3271 con·

121 3291 198 3363 iugio
213 3293 419 3367 suscipiuntur,
436 3294 532 3369 herili,
549 3310 623 3370 quae
637 3296 765 3371 exsurgit
774 3312 811 3355 ex
820 3297 934 3355 domino
949 3302 977 3355 ct
991 3297 1094 3369 servis,
1111 3298 1161 3372 qrri

122 3378 158 3434 ad
173 3380 340 3450 praestanda
354 3392 456 3453 opera,
474 3396 547 3454 qliae
563 3388 693 3455 parentes
709 3390 737 3441 et
751 3380 832 3439 liberi
846 3398 897 3455 per
910 3397 940 3439 se
954 3386 1097 3455 praestare
1112 3400 1160 3441 nc·

121 3468 238 3535 queunt,
255 3462 461 3523 adsciscuntur.
479 3465 583 3523 llamm
600 3466 686 3525 trium
701 3466 827 3525 collectio
845 3466 998 3539 [amilium
1017 3466 1161 3524 constituit

121 3547 235 3620 plenam
246 3554 274 3607 et
286 3548 451 3622 perlectam.
470 3549 503 3608 Ut
517 3550 605 3623 igitur
623 3552 697 3609 banc
712 3550 902 3621 enucleemus,
914 3550 948 3609 de
965 3551 1083 3623 singulis
1097 3566 1160 3625 par-

122 3630 207 3704 tibus,
224 3634 299 3691 unde
313 3632 465 3705 conflatur,
482 3636 620 3706 separatis
634 3635 762 3694 articulis
777 3636 947 3709 loquendum
964 3636 1026 3707 erit,
1044 3651 1077 3691 ea
1091 3634 1160 3693 dcli·

122 3716 212 3788 gendo
226 3732 299 3791 quae
315 3717 425 3793 proprie
440 3717 475 3776 ad
489 3717 534 3776 ius
549 3726 666 3778 naturae
681 3720 823 3794 pertinent
837 3725 865 3779 et
877 3720 969 3793 magis
983 3720 1134 3779 intersunt.
