2767 4492
199 201 257 276 '188
531 226 922 272 mausenusretnsencmnrs

204 313 305 387 laetam
327 313 495 407 argumento
512 311 600 370 etiam
621 310 660 368 od
682 309 832 369 homiaem
851 309 967 384 coargui
985 312 1087 385 potest,
1102 314 1255 385 propterea

204 398 279 472 quod
290 398 359 456 dum
370 385 444 455 nibil
459 396 522 455 sine
535 397 644 454 ratione
660 395 819 454 sufficiente
833 396 962 454 accidere
978 399 1056 454 tanto
1070 409 1155 468 opere
1165 410 1255 470 exag

204 487 293 556 gerat
311 482 415 540 scriem
432 481 549 540 inducat
564 479 674 538 ratione
690 480 850 540 subiciente
865 495 982 554 prorsus
996 479 1170 539 destitutam.
1182 483 1255 540 Nam

205 567 344 662 quomodo
360 566 422 624 lieri
436 570 528 639 potest
543 570 575 624 ut
589 564 765 638 insequentis
785 569 876 624 status
891 581 1004 639 semper
1019 565 1092 623 ratio
1106 565 1255 625 sufficiens

205 651 236 710 in
251 651 396 726 superiore
412 649 599 722 contineatur,
617 664 684 708 cum
695 665 779 722 saepe
793 650 869 709 inter
883 665 932 709 eos
941 649 1037 708 nullus
1052 650 1090 707 sit
1099 665 1193 710 nexus
1203 655 1257 710 aut

209 736 339 808 societas,
356 733 405 792 sed
416 733 514 808 potius
529 748 643 792 summa
657 733 821 793 distractio?

246 819 319 878 torte
329 819 359 876 td
369 819 550 894 prosequitur
561 817 730 878 Genuensrs
724 834 794 892 qm
785 818 840 877 ad
853 834 915 877 rem
925 818 1147 877 collustrandum
1158 835 1256 878 esem

206 904 263 978 plo,
281 903 360 962 iubet
374 908 405 961 ut
418 903 531 961 lexicon
551 907 688 976 sumatur
712 903 743 961 in
764 918 821 978 quo
842 903 986 976 catalogus
1001 903 1129 962 omnium
1145 904 1255 978 planta
1334 937 1337 940 <

208 1003 273 1046 rum
289 988 335 1047 vel
351 987 455 1046 artium
469 987 516 1046 vel
530 987 738 1062 praestantium
758 987 885 1047 virorum
900 988 999 1047 ordine
1016 987 1139 1060 quodam
1157 1003 1258 1046 recen·

209 1079 304 1131 seatur
321 1075 345 1130 t.
373 1073 401 1131 Si
419 1071 490 1131 illud
509 1073 544 1130 ad
568 1072 668 1131 boram
692 1071 809 1144 legeris,
836 1074 972 1130 sexcenta
992 1073 1087 1131 animo
1107 1077 1258 1131 recurrent

209 1158 319 1216 obiecta
333 1173 367 1218 eo
381 1157 509 1231 praecise
524 1157 624 1216 ordine
640 1172 696 1229 quo
712 1155 753 1214 ibi
773 1156 915 1229 descripta
930 1160 1011 1228 sunt3
1027 1171 1060 1214 ac
1076 1156 1196 1228 proinde
1210 1156 1255 1214 in-

212 1257 349 1300 numeras
365 1241 563 1316 perceptiones
577 1239 683 1313 elicies
700 1254 773 1312 quae
788 1239 863 1298 inter
877 1255 908 1298 se
922 1239 1001 1297 nullo
1014 1239 1127 1298 interno
1142 1239 1256 1299 vinculo

214 1327 394 1400 colligantur.
406 1327 466 1384 lam
475 1341 543 1386 vero
558 1325 622 1399 quis
637 1339 724 1382 sanae
733 1324 837 1383 mentis
852 1324 937 1383 bomo
952 1323 1123 1397 persuadere
1138 1323 1193 1382 sibi
1207 1341 1257 1397 po·

215 1411 281 1469 terit
296 1411 437 1469 rationem
447 1409 609 1484 posterioris
619 1409 700 1466 ideae
712 1408 755 1466 rel
769 1408 959 1482 perceptionis
974 1408 1003 1465 in
1013 1407 1154 1465 anteriore
1169 1409 1258 1466 conti-

209 1495 283 1563 neri,
301 1511 355 1554 nec
370 1495 464 1569 potius
478 1495 509 1552 in
524 1493 708 1568 dispositione
718 1492 768 1550 illa
781 1508 838 1566 qua
849 1493 987 1551 vocabula
1000 1493 1032 1550 in
1046 1492 1139 1551 lexico
1148 1493 1257 1566 digesta

210 1584 278 1637 stunt
293 1583 322 1637 et
335 1579 491 1638 secundum
508 1593 594 1652 quam
610 1576 742 1635 sensibus
756 1578 948 1649 usurpantur?

240 1663 353 1722 decedit
367 1663 442 1736 quod
454 1678 488 1720 ea
502 1661 651 1735 hypothesi
665 1665 759 1734 posset
774 1660 887 1718 adimus
901 1675 968 1718 cum
983 1675 1101 1734 corpure
1116 1662 1196 1733 iungi
1212 1666 1253 1719 at-

207 1763 262 1820 tyue
279 1761 366 1804 tinum
381 1746 505 1804 conllare
519 1745 727 1816 substantiam,
745 1743 857 1802 etiamsi
872 1743 943 1802 alter
959 1743 1064 1803 Itomae
1078 1752 1256 1818 moraretur,

208 1831 329 1887 alterum
345 1827 470 1886 Lutetiae
485 1827 666 1886 Parisiorum.
686 1828 758 1886 llam
775 1833 927 1901 utrumque
941 1827 972 1886 in
989 1833 1066 1886 tanta
1080 1829 1135 1886 loci
1149 1829 1258 1887 disiun-

208 1913 302 1970 ctione
316 1918 449 1969 mutunm
464 1911 661 1984 operationum
681 1926 854 1969 consensum
875 1927 989 1969 servare
1006 1917 1119 1986 posset,
1136 1911 1258 1985 inquo,

207 1998 289 2056 iuxta
300 1996 480 2069 Leibnitium,
492 1995 600 2055 iunctio
616 1996 813 2056 substantialis
828 1995 917 2054 animi
931 1997 1096 2071 etcorporis
1106 1998 1257 2070 estposita.

208 2082 352 2139 Postremo
366 2085 490 2154 systema
504 2081 558 2138 boc
573 2081 769 2154 maximopere
783 2081 815 2138 in
830 2079 1011 2138 idoalismum
1026 2080 1154 2138 inclinat.
1170 2082 1257 2154 Nam,

209 2172 242 2222 ut
258 2164 373 2222 Woltins
386 2164 492 2222 'latetur
507 2210 515 2238 ,
533 2164 654 2222 catanus
669 2164 776 2237 codem,
792 2179 851 2239 quo
865 2181 959 2247 auae,
975 2165 1061 2222 oaodo
1075 2165 1133 2222 sibi
1146 2181 1260 2239 rcprm·

209 2256 338 2307 scutorct
352 2247 404 2306 boc
418 2249 613 2322 «uniuersum,
631 2249 749 2308 catomo
762 2248 895 2306 ramaclus
910 2248 1111 2322 adspectu-bitis
1126 2264 1187 2306 aon
1201 2250 1259 2307 eci·

211 2341 308 2392 otoa‘ot.
325 2333 356 2391 ln
372 2348 405 2391 eo
421 2334 498 2392 enim
513 2337 667 2408 systemate
682 2333 770 2391 series
784 2332 1076 2406 repraesentationum
1090 2332 1177 2390 etiam
1187 2331 1263 2391 circu

211 2431 257 2475 res
272 2418 433 2476 mundanas
449 2416 527 2476 nullo
542 2418 745 2491 pactopeudet
759 2417 795 2474 ab
811 2416 943 2489 organis,
961 2422 1010 2475 aut
1022 2416 1200 2476 obiectorum
1215 2417 1263 2474 ad·

211 2501 410 2576 spectabilium
424 2501 546 2560 influxu.
565 2501 656 2567 Quare
671 2501 813 2559 sententia
827 2500 915 2558 istaec
929 2515 1038 2558 nexum
1054 2515 1169 2558 omnem
1178 2500 1262 2558 inter-

213 2603 284 2645 num
302 2602 401 2644 revera
419 2585 558 2660 praecidit
578 2585 653 2642 inter
672 2584 761 2643 animi
781 2584 978 2657 perceptiones
992 2590 1021 2642 et
1038 2599 1175 2657 corpora,
1192 2600 1264 2658 quac

210 2684 263 2727 nos
283 2671 475 2728 circumstant.
502 2669 544 2727 Ea
566 2665 666 2727 eurum
689 2668 775 2741 igitur
797 2668 1026 2742 perceptionibus
1049 2674 1100 2726 aut
1120 2669 1208 2727 etium
1226 2685 1264 2727 ex

212 2755 410 2828 propensione,
424 2770 497 2827 quae
511 2753 708 2827 perceptiones
722 2753 886 2811 huiusmodi
896 2753 1060 2825 comitatur,
1072 2753 1172 2826 nequit
1183 2752 1264 2811 desu-

212 2839 252 2895 mi
269 2839 383 2896 tirmnm
398 2847 598 2911 argumentum
614 2839 650 2896 ud
665 2838 847 2897 existentium
861 2852 1011 2910 corporum
1027 2838 1261 2896 convincendam.

255 2921 314 2980 108.
338 2923 463 2995 bonique
482 2923 515 2980 ad
536 2921 651 2980 tertium
671 2929 796 2996 systema
814 2922 890 2996 quod
906 2922 1024 2993 attinet,
1040 2922 1071 2980 id
1090 2921 1266 2981 iunctionem

217 3005 344 3076 aliquam
357 3005 505 3078 physicam
519 3011 547 3064 ot
562 3006 726 3065 societatem
747 3007 836 3065 animi
856 3021 922 3064 curn
932 3020 1048 3080 corpore
1057 3006 1181 3064 retinere
1190 3005 1266 3064 vida·

218 3094 274 3160 tur3
293 3091 322 3144 at
337 3087 524 3148 nibilominus
537 3089 611 3147 mibi
625 3105 683 3149 non
697 3089 850 3164 probatur,
868 3089 974 3162 duplici
988 3089 1168 3163 potissimum
1183 3089 1266 3147 ratio-

220 3187 267 3230 ne.
284 3171 419 3244 Primum,
432 3171 498 3244 quia
516 3178 546 3232 ut
560 3173 650 3232 animi
664 3175 696 3232 in
711 3188 822 3246 corpus
839 3172 881 3231 sic
896 3173 1021 3247 corporis
1035 3175 1065 3232 in
1081 3175 1210 3232 animum
1224 3173 1267 3230 in-

221 3255 331 3313 iturum
353 3255 481 3313 adstruit.
504 3256 564 3323 Oua
583 3257 618 3314 dc
636 3272 667 3314 re
687 3256 820 3330 nonnihil
837 3256 1031 3316 materialistis
1052 3257 1137 3316 iavet.
1162 3257 1267 3329 Corpus

223 3339 300 3396 enim
311 3345 407 3411 utpote
418 3344 568 3398 extensum
579 3346 608 3397 et
619 3340 742 3398 solidum
752 3339 866 3399 nonnisi
877 3346 1007 3400 contactu
1017 3340 1269 3415 suarumpartium

221 3429 250 3480 et
268 3422 389 3496 appulsu
404 3423 433 3480 in
451 3423 529 3481 aliud
544 3429 686 3497 oporatur.
708 3423 751 3481 lix
770 3441 825 3498 quo
841 3424 910 3483 illud
925 3425 1054 3498 sequitur
1069 3431 1101 3484 ut
1115 3425 1139 3484 si
1154 3425 1269 3483 animus

221 3506 283 3562 eius
302 3506 406 3565 actioni
425 3512 500 3565 esset
518 3507 678 3580 obnoxius,
696 3508 854 3582 quantitate
868 3509 1057 3581 coalesceret,
1072 3513 1106 3567 ut
1119 3508 1228 3582 impelli
1241 3514 1270 3568 et

226 3587 303 3660 tangi
318 3588 354 3645 ab
369 3589 429 3663 ipsu
442 3596 545 3664 posset.

266 3762 278 3807 l
299 3765 374 3824 Elem·
390 3768 446 3814 liet.
463 3783 486 3831 p.
504 3767 528 3832 d,
545 3784 564 3815 o.
582 3767 606 3830 2,
622 3783 657 3832 pr.
676 3769 716 3820 27.
