2767 4492
212 280 247 343 52
538 285 766 330 ΜΕΤΑΡΗΥΕῙΕΑΕ
782 285 929 330 sedullus

212 391 276 438 rore
292 374 441 434 deleant.
458 369 566 429 Deinde
588 369 716 442 coarguit
730 368 859 442 Robinet‚
877 369 926 442 qui
942 367 995 428 etsi
1007 365 1148 425 mundum
1166 381 1184 424 a
1201 365 1263 426 Deo

211 461 348 535 distingui
364 464 449 532 atque
464 455 623 530 portionem
639 453 754 513 divinae
769 453 944 512 substantiae
960 467 1018 512 non
1034 467 1096 510 esse
1111 452 1263 512 confessus
1303 527 1312 534 ι

212 548 263 620 sit;
282 551 378 605 tamen
393 558 430 601 ex
449 541 500 599 Dei
524 545 627 598 natura
642 538 804 596 necessario
822 537 973 596 emersisse
990 552 1022 596 ac
1042 535 1156 594 nullum
1175 536 1262 612 dura-

213 631 299 691 tionis
317 629 433 688 initium
447 626 583 684 babuisse
598 623 751 683 blateravit
765 625 790 682 l.
809 623 886 691 Quod
897 628 1090 682 commentum
1105 637 1205 680 reuera
1217 638 1263 680 se·

213 718 339 790 quuntur
353 716 467 771 nostrae
489 709 589 768 aetatis
603 709 806 782 rationalistae,
825 708 884 766 sive
899 707 1026 766 oclectloi
1041 705 1102 766 sive
1116 711 1264 765 transcen·

215 799 352 860 dentales.
370 798 402 856 ln
419 796 522 854 borum
537 809 657 854 numero
671 794 780 852 dhrens
796 793 882 852 etiam
900 792 1049 866 ponendus
1063 797 1115 863 est,
1132 790 1264 864 quisuis

216 889 313 958 aperto
322 880 485 958 Deumsine
500 879 609 936 mundo
621 882 734 936 exstare
744 892 800 935 non
811 877 945 951 potuisse,
960 882 1044 950 etque
1054 876 1132 934 buno
1142 877 1264 950 proinde

213 970 245 1028 in
261 973 387 1040 tempore
403 964 549 1023 conditum
569 979 628 1022 non
643 979 706 1021 esse
721 963 802 1022 docet
817 967 843 1019 2.
864 963 1007 1020 Postremo
1022 961 1092 1020 haec
1109 966 1205 1020 nostra
1220 961 1262 1022 al·

218 1052 341 1112 firmatio
356 1055 456 1110 contm
470 1066 518 1109 eos
533 1050 646 1124 militat,
659 1051 708 1124 qui
723 1064 807 1107 cacco
823 1050 947 1124 quodam
962 1047 1092 1106 delectati
1108 1047 1260 1121 letalismo‚

215 1139 379 1196 libertatem
393 1151 509 1195 omnem
528 1135 589 1194 sive
602 1134 760 1193 humanam
775 1133 835 1193 sivo
854 1134 983 1192 diuinam
997 1133 1177 1206 pepulerunt.
1193 1131 1263 1192 Con-

215 1228 259 1286 tra
272 1223 323 1283 bos
336 1237 445 1295 omnes,
460 1219 667 1296 propositiones
681 1225 834 1294 sequentes
849 1219 1075 1279 constabilimus.

634 1392 813 1450 Pnoeosrrro
829 1390 849 1448 l.

421 1563 513 1622 Nullo
527 1569 568 1621 est
581 1561 734 1621 necessitas
750 1569 885 1620 aeternos
899 1561 1055 1620 drautionis

677 1646 796 1704 usuardi.

252 1821 297 1878 20.
318 1819 347 1877 Si
368 1816 494 1876 mundus
513 1815 549 1875 ab
564 1823 663 1876 eterno
686 1817 778 1876 creari
797 1817 950 1890 debuisset,
972 1814 1172 1891 proculdubio
1192 1815 1263 1873 baec

223 1912 355 1962 somenae
377 1902 569 1976 productionis
584 1903 740 1962 necessitas
756 1919 773 1960 a
791 1907 894 1960 natura
914 1908 963 1960 aut
978 1901 1029 1960 Dei
1044 1906 1093 1959 aut
1110 1899 1211 1959 mundi
1226 1900 1265 1958 el·

220 1987 427 2056 floruisset.2ltt
445 2001 512 2043 vero
529 1991 664 2045 neutrum
685 1987 741 2044 diei
761 1991 861 2060 potest.
885 1987 956 2044 Nam
975 1986 1012 2044 ad
1031 1986 1170 2043 mundum
1189 1985 1265 2058 quod

222 2076 340 2146 spectat,
353 2071 379 2129 is
394 2075 539 2129 aeternam
553 2070 693 2142 originem
709 2070 764 2128 sibi
779 2071 926 2129 vindicare
936 2085 994 2128 non
1010 2070 1110 2144 poluit.
1127 2070 1174 2127 Est
1188 2069 1265 2128 enim

220 2173 272 2216 ens
287 2156 465 2229 contingens,
484 2155 711 2214 seuindilierens
723 2156 759 2214 ad
774 2155 916 2215 existendi
927 2162 1022 2214 actum
1037 2155 1081 2213 vel
1096 2151 1262 2214 carentiam.

256 2241 290 2300 Et
304 2257 374 2298 sano
390 2241 464 2314 quod
482 2240 650 2314 contingens
667 2247 720 2314 est,
740 2241 768 2298 id
789 2255 854 2299 cum
875 2241 954 2299 nulla
971 2240 1119 2299 duratione
1134 2255 1264 2299 necessa·

220 2326 264 2386 rio
280 2326 468 2397 connectitur,
484 2326 590 2383 nedum
605 2331 722 2385 aeterna
737 2326 786 2385 sed
803 2340 839 2384 ne
856 2334 1039 2399 temporanea
1053 2324 1179 2398 quidem.
1197 2324 1265 2382 Cum

220 2411 298 2471 onim
313 2410 424 2469 duratio
439 2409 622 2468 existentiam
639 2411 693 2468 sibi
710 2411 846 2484 implicet,
864 2410 952 2468 immo
968 2409 1046 2468 aliud
1060 2424 1117 2467 non
1133 2409 1170 2467 sit
1184 2407 1264 2482 quid·

221 2509 308 2568 quam
317 2495 373 2553 nisi
384 2495 505 2568 ipsamet
515 2495 670 2553 existentia
679 2496 882 2568 perseveranb;
893 2494 957 2552 sine
968 2509 1064 2567 pugna
1075 2498 1264 2567 conceptuum

224 2579 341 2650 cogitari
357 2595 414 2636 non
432 2584 525 2652 potest
539 2595 592 2637 ens
611 2580 725 2652 aliquod
739 2584 842 2637 nature
857 2593 909 2636 sua
929 2577 1113 2636 determinari
1129 2578 1164 2635 ad
1180 2578 1263 2636 dura·

223 2662 339 2735 tionem,
357 2663 425 2736 quin
441 2663 495 2722 hou
510 2663 572 2737 ipso
586 2668 689 2720 nauare
699 2677 751 2720 sue
767 2662 971 2720 determinetur
982 2662 1017 2720 ad
1028 2662 1221 2720 existentiam.
1233 2663 1265 2719 llt

223 2761 291 2805 vcro
305 2752 408 2804 natura
427 2763 479 2806 sua
499 2746 684 2806 determinari
704 2745 740 2804 ad
759 2745 941 2806 existentiam
956 2746 1166 2820 contingentiae
1185 2761 1265 2820 repu-

222 2837 300 2904 gnat,
316 2846 370 2889 noe
389 2831 445 2889 nisi
467 2831 540 2890 entis
555 2830 709 2889 necessarii
728 2830 875 2905 proprium
895 2839 946 2892 est.
964 2831 1036 2904 Ergo
1055 2831 1105 2906 qui
1125 2831 1264 2892 muudum

223 2921 325 2974 natura
341 2931 393 2974 sua
412 2921 559 2974 aeternam
580 2915 759 2974 durationem
779 2915 937 2990 postulasse
958 2916 1080 2990 lingunt,
1101 2915 1183 2975 illum
1201 2931 1265 2975 con-

224 2999 382 3071 tingentem
395 3001 520 3059 simulet
533 3001 727 3060 necessarium
741 3000 854 3075 opinari
864 3006 1018 3074 coguntur3
1036 3000 1111 3074 quod
1121 3002 1197 3060 idern
1212 3007 1263 3074 est,

224 3098 257 3142 ac
273 3089 371 3141 mutuo
384 3085 543 3157 pugnantia
557 3086 753 3145 commiscere.

263 3169 317 3227 Nec
331 3183 399 3226 uero
410 3173 527 3227 aeterna
537 3170 637 3228 mundi
647 3171 794 3244 productio
805 3177 928 3246 exparte
942 3171 992 3230 ilci
1006 3172 1168 3231 necessaria
1178 3171 1265 3230 luisse

223 3251 281 3312 dici
296 3257 397 3326 potest.
414 3252 489 3312 ileos
504 3254 582 3312 enim
598 3255 634 3312 ad
655 3256 764 3330 aliquid
779 3261 862 3315 extra
876 3273 907 3315 se
921 3257 1086 3332 ponendum
1103 3256 1133 3313 vi
1147 3259 1265 3312 naturae

220 3352 279 3396 non
294 3338 413 3412 cogitur,
430 3338 480 3398 sed
494 3338 580 3413 plena
595 3340 700 3413 gaudet
714 3339 854 3400 libertate.
867 3341 944 3412 Quod
955 3343 1046 3402 etsiin
1063 3339 1261 3412 theologiens-

221 3421 306 3480 tureli
320 3422 499 3497 probandum
514 3423 568 3497 sit;
591 3429 686 3483 tamen
702 3425 748 3484 nic
769 3440 821 3499 uro
837 3425 882 3490 rei
897 3426 1112 3504 ,opportunitate
1131 3422 1177 3482 vel
1199 3423 1266 3482 inde

222 3507 400 3588 patetkquod
420 3507 495 3565 Deus
515 3508 642 3582 undique
657 3509 803 3569 absolutus
822 3511 868 3585 sit,
889 3518 918 3570 et
939 3513 1040 3572 adres
1062 3509 1116 3570 sibi
1134 3513 1266 3568 externas

222 3589 333 3648 nullam
347 3591 540 3651 necessariam
555 3591 660 3652 babeat
673 3594 852 3656 relationem.
870 3597 956 3656 Secus
971 3596 1099 3656 sibinen
1114 3595 1265 3666 euinceret,

265 3774 277 3819 l
300 3775 333 3822 De
349 3778 374 3822 io
389 3781 480 3826 lictum
495 3783 512 3824 l.
531 3779 550 3841 l,
567 3795 591 3842 p.
609 3781 633 3843 6,
651 3796 700 3845 cap.
717 3782 757 3828 ult.

267 3850 283 3897 2
300 3853 377 3915 Opere
389 3857 500 3915 moerico
515 3857 594 3904 citato.
