2767 4492
218 306 220 312 '
239 304 258 364 2
667 310 874 356 nrnnounerro

237 401 294 462 Has
303 400 387 472 inter,
400 399 424 456 si
435 396 607 474 comparatio
617 394 790 468 instituatur,
802 395 927 469 prolecto
942 395 1065 456 elucebit
1075 394 1232 469 primatum
1242 395 1291 468 (ad

239 489 420 561 praesentem
435 482 524 542 uitam
539 479 615 554 quod
629 479 762 553 pertinet)
778 479 916 538 voluntati
931 485 1105 552 competere;
1122 479 1158 537 ad
1174 494 1237 537 eam
1252 480 1291 538 si·

238 568 355 644 quidem
369 565 569 640 explicandam
588 563 850 636 perficiendamque
871 563 998 635 operatio
1018 563 1179 621 intellectus
1194 563 1292 636 dirigi·

239 658 294 724 tur,
312 665 417 725 perque
431 650 522 722 ipsam
539 661 672 720 supremo
691 651 788 704 nostro
808 646 948 719 principio
971 646 1097 705 maxime
1118 648 1290 720 propinqua·

240 751 316 794 mus.
334 734 497 807 Cognitione
512 731 599 803 enim,
615 747 671 804 qua
684 730 774 789 Deum
786 729 815 787 vi
829 745 925 788 rerum
941 731 1286 805 creatarumattingimus,

241 821 359 891 eiusque
370 817 550 890 sapientiam,
563 811 816 890 pulchritudinum,
828 811 985 872 bonitatem
995 815 1231 887 contemplamur,
1243 816 1292 874 ob-

239 903 346 962 iectum
359 901 567 973 quodammodo
581 905 664 973 prout
683 899 715 956 in
729 904 866 971 conceptu
891 899 966 957 inest
983 899 1136 971 arripimus
1151 904 1235 972 alque
1255 902 1292 959 ad

240 1001 293 1044 nos
309 985 458 1056 trahimus,
476 985 505 1043 in
523 999 611 1058 eoque
623 983 664 1042 sic
679 983 857 1040 considerato
873 983 1011 1040 sistimus.
1024 983 1057 1040 llt
1070 991 1168 1041 contra
1181 998 1289 1055 amore,

240 1070 290 1144 qui
307 1075 386 1128 actus
402 1069 555 1127 uoluntatis
569 1074 621 1139 est,
634 1067 664 1124 iu
680 1066 822 1124 obiectum
838 1073 921 1138 prout
935 1066 964 1124 in
981 1082 1012 1124 se
1027 1074 1070 1124 est
1085 1067 1212 1138 lenimur,
1224 1082 1292 1125 cum

239 1155 358 1229 ipsoque
373 1155 517 1213 iunctione
533 1153 655 1226 quadam
671 1151 803 1208 allectiva
823 1152 1001 1223 copulamur.
1019 1150 1111 1217 Quare
1127 1165 1177 1224 per
1191 1150 1292 1208 solun-

240 1246 327 1298 tatem
344 1239 454 1312 proprie
469 1238 592 1296 circulus
609 1236 656 1294 illc
671 1237 838 1308 completur,
852 1251 908 1306 quo
924 1240 1020 1292 motus
1034 1241 1129 1293 omnis
1143 1243 1292 1293 creaturae

242 1323 393 1382 rationalis
407 1323 437 1380 iu
453 1322 507 1380 hoc
522 1323 596 1380 vitae
611 1337 695 1378 cursu
711 1321 881 1391 absolvitur3
900 1335 973 1391 quae
988 1335 1054 1377 cum
1070 1319 1152 1377 alteo
1167 1334 1218 1392 per
1231 1320 1291 1376 exl-

243 1408 376 1467 stentiam
386 1407 513 1480 prolecta
527 1406 573 1477 erl,
586 1406 726 1463 mundum
741 1405 966 1477 adspectatulem
979 1420 1032 1476 ope
1043 1418 1178 1461 missuum
1193 1404 1292 1476 attige-

240 1492 287 1563 rit,
305 1505 392 1564 seque
406 1489 592 1547 intersererit
608 1489 634 1546 ri
650 1489 853 1559 conscientiae,
868 1496 953 1560 atque
964 1490 1069 1546 exinde
1080 1487 1167 1544 lteum
1183 1502 1233 1559 per
1247 1499 1290 1544 ra-

242 1576 350 1633 tionem
366 1573 560 1647 conspexerit3
577 1573 613 1629 ad
629 1573 724 1644 ipsum
738 1571 883 1630 uoluntate
900 1572 1018 1630 andem
1036 1587 1067 1630 se
1081 1579 1236 1646 promorat,
1253 1571 1292 1629 ei·

241 1675 297 1732 que
312 1657 472 1717 dilectionis
489 1657 601 1714 vinculo
617 1657 810 1730 coniungitur.

277 1744 354 1812 Quae
367 1757 434 1800 curn
450 1743 489 1798 lta
503 1742 569 1812 sint,
587 1741 651 1814 quis
667 1756 725 1799 non
740 1742 817 1799 ridet
832 1742 1036 1815 praestantiam
1061 1734 1138 1798 illius
1156 1739 1292 1798 scientiae

242 1842 315 1900 quae
330 1827 404 1884 hano
419 1825 531 1883 volendi
547 1825 720 1897 facultatem,
738 1826 820 1884 cuius
834 1826 1035 1888 excellentiam
1051 1825 1121 1882 adeo
1133 1828 1219 1898 petet,
1236 1822 1292 1881 sihi

241 1909 488 1984 contemplandum
504 1924 537 1967 ac
552 1907 756 1982 perficiendam
774 1910 918 1968 assumit?

277 1995 366 2067 Atque
385 1995 453 2052 ltine
475 1993 531 2052 alia
550 1995 621 2052 ratio
643 1995 773 2066 exsurgit
801 2009 853 2051 cur
874 2008 987 2053 morum
1005 1994 1134 2054 doctrine
1154 1993 1291 2067 peculiari

244 2079 492 2138 commendatione
512 2077 599 2153 dign-e
618 2085 778 2136 censeatur.
796 2078 940 2137 Eiusmodi
959 2079 1035 2137 euim
1055 2089 1174 2137 naturae
1192 2083 1244 2150 est,
1260 2089 1292 2136 ut

242 2177 300 2220 non
315 2162 393 2220 iners
407 2163 436 2220 in
457 2163 571 2235 propria
597 2163 835 2236 contemplatione
855 2170 979 2233 maneat,
997 2163 1047 2222 sed
1060 2165 1174 2238 praxim
1189 2163 1292 2236 iugiter

243 2252 374 2319 spectans
394 2246 534 2303 advitam
555 2247 679 2305 hominis
698 2247 752 2304 rite
772 2248 961 2305 ordinandam
982 2255 1066 2321 atque
1085 2249 1115 2306 in
1134 2262 1290 2320 congruum

242 2331 330 2390 linem
355 2329 533 2402 dirigendam
553 2345 583 2388 se
603 2337 749 2388 consertae
767 2339 795 2389 et
817 2332 948 2405 applicet.
966 2331 1041 2399 Quod
1067 2332 1167 2404 quanti
1186 2330 1292 2389 emolu-

242 2413 332 2471 menti
347 2413 392 2486 sit,
410 2429 482 2487 opus
500 2430 558 2472 non
578 2421 621 2473 est
641 2421 674 2474 nt
693 2415 789 2473 verbis
810 2431 991 2488 exaggerem.
1009 2417 1037 2474 Sl
1056 2416 1125 2490 qnid
1143 2417 1222 2474 enim
1241 2415 1291 2473 lto·

243 2497 331 2555 minis
345 2497 472 2571 interest,
490 2499 543 2557 lroe
559 2499 683 2572 prolecto
702 2505 745 2557 est
759 2501 928 2572 maximum,
945 2507 977 2559 ut
994 2502 1083 2559 utem
1098 2501 1178 2560 iuxta
1192 2516 1292 2560 omnes

243 2582 406 2654 relationes,
428 2582 532 2655 quibus
552 2583 684 2656 allicitur,
707 2585 849 2657 sapienter
868 2591 1020 2658 sancteque
1042 2590 1187 2658 temperet,
1207 2590 1293 2658 atque

245 2666 280 2724 ad
296 2680 423 2738 scopum,
439 2667 476 2724 oh
487 2679 571 2739 quem
589 2668 720 2726 conditus
734 2674 785 2739 est,
803 2670 1011 2741 assequendum
1027 2671 1143 2727 nitatur.
1155 2669 1244 2736 Quam
1255 2668 1292 2726 ad

243 2765 307 2810 rens
321 2763 388 2808 cum
410 2749 492 2808 valde
512 2751 639 2810 conferat
658 2752 787 2810 doctrina
804 2765 928 2824 morum,
949 2752 1058 2811 nemini
1075 2754 1180 2811 mirum
1201 2752 1294 2810 videri

244 2834 328 2893 tiebat
342 2835 366 2892 ei
377 2834 482 2892 summi
498 2835 675 2908 antiquitatis
691 2835 851 2910 philosophi
866 2837 941 2894 hane
957 2836 1104 2895 scientiam
1118 2835 1149 2894 in
1163 2834 1292 2894 culmine

245 2919 405 2991 sapientiae
421 2918 598 2991 collocarint,
621 2935 654 2978 ac
679 2920 822 2978 Socratem
843 2921 950 2980 idcirco
968 2921 1147 2995 potissimum
1169 2919 1293 2993 philoso

246 3003 332 3075 plaiae
346 3008 494 3075 parentem
506 3003 700 3077 salutaverint,
717 3005 791 3078 quod
806 3005 843 3062 ab
858 3005 942 3064 inerti
957 3012 986 3064 et
995 3004 1084 3082 sterili
1099 3004 1292 3075 antiquiorum

245 3089 481 3160 contemplatione
496 3090 532 3146 ad
547 3089 686 3149 eiusmodi
705 3090 875 3150 luecundam
897 3096 926 3149 et
945 3105 1094 3165 npemsam
1109 3088 1291 3163 disciplinam

246 3172 357 3230 animos
370 3173 554 3232 resecaverit.

282 3257 359 3325 Quod
377 3258 401 3316 si
415 3273 473 3316 non
493 3259 524 3317 in
538 3259 631 3332 seipsa
651 3264 684 3318 et
697 3265 827 3333 respectu
847 3260 923 3318 vitae
938 3261 1092 3320 humanae.
1110 3258 1204 3318 sedin
1219 3257 1291 3315 rele-

246 3343 335 3415 tioue,
353 3358 439 3416 quam
454 3357 519 3400 cum
535 3343 636 3402 ceteris
652 3345 809 3416 disciplinis
825 3345 926 3418 habet,
944 3347 1014 3402 neec
1029 3345 1149 3402 scientia
1163 3341 1292 3402 conside

245 3433 342 3499 retur3
364 3441 421 3485 non
440 3427 544 3486 minori
564 3427 754 3486 emolumento
776 3435 805 3488 et
825 3430 963 3506 dignitate
983 3429 1110 3503 praedite
1131 3425 1290 3501 apparebit.

180 3509 182 3514 ’
246 3511 398 3569 Enimvero
413 3517 488 3569 artes
502 3526 612 3583 omnes,
631 3513 655 3570 si
671 3513 806 3571 honestae
822 3530 885 3572 esse
900 3515 1005 3572 debent
1020 3520 1080 3572 tum
1096 3512 1188 3587 quoad
1203 3511 1293 3569 linem

247 3610 334 3665 quem
353 3595 407 3653 sihi
429 3600 608 3668 proponunt,
628 3601 687 3654 tum
709 3598 802 3670 quoad
825 3599 968 3658 delectum
990 3603 1020 3657 et
1033 3611 1118 3657 nsunt
1132 3597 1295 3656 mediorum

248 3691 320 3749 quae
335 3679 488 3752 adhibent3
506 3681 603 3753 procul
617 3681 705 3738 dublo
723 3697 740 3739 a
755 3682 855 3741 morali
870 3683 990 3742 scientie
1005 3685 1198 3757 temperentur
1211 3695 1296 3753 opor·

250 3765 297 3818 tet.
325 3763 393 3821 Cum
418 3769 512 3822 numm
537 3765 605 3838 quid
629 3771 772 3839 praestare
789 3773 937 3826 teneamur
961 3767 1086 3841 quidque
1101 3765 1217 3838 exigere
1232 3765 1297 3822 iure

248 3846 400 3922 possimus,
415 3850 590 3924 ostenditur3
607 3865 708 3926 scopus
722 3853 809 3912 etism
823 3854 929 3912 artium
942 3853 1121 3925 illustratur,
1135 3855 1165 3910 et
1177 3849 1299 3909 termini
