2767 4492
543 283 618 330 raas
635 283 729 330 rurus
1123 267 1159 329 59

150 368 274 444 inquies:
292 370 404 431 nullam
422 369 452 429 in
466 369 511 430 bis
530 369 727 430 dtucmatem
743 367 843 440 cerui,
861 367 912 426 scd
925 365 1065 442 explicari
1078 383 1158 442 opor·

120 457 172 512 tere
186 471 237 528 quo
246 461 331 530 pacto
341 457 373 514 in
384 454 539 514 individuis
548 453 734 514 observandis
744 457 793 512 aut
802 451 984 526 experientis
993 451 1087 524 detegi
1096 465 1159 524 pos·

117 537 147 594 sit
159 537 351 610 phaenomeni
365 555 470 612 causa,
485 545 515 598 ut
531 545 640 598 certum
658 537 760 596 evadat
777 536 858 595 illem
871 552 931 595 non
948 551 1012 595 esse
1028 535 1113 594 dmm
1125 535 1158 594 in

116 620 220 680 tormita
233 623 334 698 aliqua
347 629 396 683 aut
410 623 575 682 individuali
591 623 632 680 rei
646 621 869 690 circumstantia,
880 620 972 679 sedin
981 625 1085 678 natura
1093 619 1157 694 ipsa

113 710 154 762 aut
169 707 341 780 proprietate
356 707 499 782 specifico.
516 707 646 780 Repono,
663 705 738 762 banc
752 705 882 762 notitiam
897 703 1020 763 obtineri
1035 704 1157 777 diligen·

111 787 145 845 tia
158 789 369 851 observationis
379 797 407 851 et
420 791 691 865 experimentorum,
706 804 779 862 quae
791 789 989 860 instituuntur,
1005 794 1034 846 et
1046 787 1159 862 potissi-

109 885 185 930 mum
204 875 313 935 olfactu
332 875 455 950 quodam
474 875 555 949 quasi
575 874 704 934 venatico
719 872 841 946 mentis,
863 873 912 947 qui
925 873 1085 947 praeceptis
1098 886 1157 930 uon

106 959 272 1032 acquiritur,
284 960 334 1019 sed
349 961 423 1019 douo
439 959 557 1019 traditur
572 975 589 1017 a
603 965 716 1017 natura.
733 957 861 1014 Ceterum
870 962 902 1015 nt
909 957 1052 1031 principio
1061 955 1157 1029 aliquo

106 1043 250 1101 communi
271 1043 402 1118 dirigaris
420 1045 449 1103 in
469 1044 555 1102 rebus
574 1043 674 1102 saltem
695 1041 905 1113 usitatioribus,
922 1055 1061 1101 canonem
1079 1039 1158 1098 bunc

105 1125 203 1198 accipe
218 1133 248 1186 et
262 1130 358 1187 animo
373 1129 510 1188 radicitus
521 1129 587 1200 lige:
604 1127 648 1184 Eo
659 1135 700 1184 cst
711 1123 845 1184 babendo
857 1141 947 1184 causo
961 1125 1160 1202 phaenomeni

102 1209 272 1284 cuiuslibet,
284 1229 360 1286 quoe
369 1212 520 1277 obiodesa
531 1211 752 1283 phoenomeaoo
762 1209 851 1282 odest3
862 1211 914 1268 obi
923 1209 1062 1282 demitur,
1071 1210 1159 1284 ptos

100 1307 254 1351 nomenoio
269 1304 374 1366 cessat,·
389 1294 443 1351 ubi
458 1293 573 1364 crescit,
587 1293 809 1366 pb-oenootenort
822 1293 934 1364 crescit;
948 1293 1001 1350 ubi
1011 1293 1157 1362 moretoil,

98 1375 332 1447 plrccoomertoa
342 1376 487 1434 decrescit.
500 1407 532 1415 —
543 1375 600 1432 Hoc
614 1375 757 1431 axiomata
769 1375 933 1446 iliustratus,
948 1391 1007 1433 non
1016 1391 1099 1446 aegre
1108 1377 1156 1434 de·

100 1458 192 1514 linire
208 1460 318 1530 poteris
332 1459 363 1517 in
377 1457 490 1516 casibus
499 1457 689 1532 peculiaribus
704 1473 844 1530 quaenam
854 1459 890 1516 sit
899 1457 1089 1531 phaenomeni
1097 1473 1161 1517 cau·

100 1555 143 1613 sa,
163 1541 189 1599 si
206 1541 382 1616 multiplices
396 1542 590 1615 experimenta
604 1547 633 1599 et
647 1541 869 1610 observationes,
884 1541 1022 1600 variando
1035 1541 1161 1600 subiecta

100 1625 292 1697 particularia
311 1633 339 1686 et
352 1627 485 1686 adiuncta
504 1641 577 1701 quae
591 1641 654 1684 rem
673 1627 854 1685 comitantur.
873 1627 944 1686 llam
959 1627 984 1686 si
999 1631 1161 1686 constanter

101 1707 186 1779 plura
200 1709 350 1770 individua
370 1711 491 1770 alicuius
506 1710 627 1784 speciei,
643 1710 675 1768 in
690 1711 792 1769 ceteris
810 1711 923 1770 diversa
943 1715 972 1769 et
985 1710 1077 1770 solum
1092 1725 1159 1772 eon·

105 1792 257 1852 venientia
271 1794 302 1853 in
317 1801 394 1854 certa
409 1795 531 1868 quadam
545 1794 691 1868 qualitate,
704 1794 781 1853 idem
794 1794 917 1854 oderunt
928 1795 1157 1869 phaenomenom

103 1874 169 1934 licet
182 1879 331 1938 narentur
346 1885 476 1952 tempus,
495 1878 573 1938 locus
587 1882 617 1936 et
634 1877 763 1952 reliquus
780 1879 1057 1938 circumstantiarum
1071 1895 1157 1954 appa·

104 1965 184 2020 ratus
197 1982 204 2020 :
226 1963 380 2022 indubium
394 1963 461 2036 erit,
479 1964 698 2037 phaenomeuon
711 1963 781 2021 illud
795 1964 910 2022 nonnisi
923 1965 960 2022 ab
973 1981 1008 2024 ea
1021 1964 1157 2038 qualitate

104 2046 271 2119 procedere,
288 2053 325 2118 et,
342 2051 373 2105 ut
386 2062 563 2121 consequeus
576 2053 628 2120 est,
643 2047 674 2107 iu
688 2047 807 2120 reliquis
821 2048 908 2106 eliam
922 2047 1077 2108 individuis
1091 2062 1156 2108 esso

104 2128 259 2202 oriturum,
276 2145 349 2204 quae
363 2132 465 2190 eadem
479 2131 613 2204 qualitate
628 2137 775 2191 ornantur,
791 2131 823 2190 ln
836 2131 891 2190 boc
905 2132 1002 2198 etiam
1019 2135 1052 2190 ut
1064 2129 1155 2202 vides,

104 2227 218 2288 semper
233 2214 407 2288 syllogismis
421 2215 508 2274 nixus
522 2215 720 2290 progrederis,
737 2229 790 2274 nec
803 2230 920 2289 mum
933 2215 1025 2274 ullum
1040 2214 1157 2274 tendere

102 2309 210 2373 posses,
229 2299 257 2358 si
273 2298 435 2373 syllogismo
449 2299 650 2359 destituereris.
941 2305 948 2314 '

133 2382 218 2442 Plura
233 2389 388 2457 praecepta
401 2383 458 2442 bue
478 2399 536 2443 non
551 2399 691 2458 congero;
711 2383 762 2458 qui
776 2399 811 2443 ea
824 2385 903 2458 cupit
916 2384 999 2444 adeat
1012 2383 1157 2441 Elementa

102 2465 309 2542 phylosophiae
325 2483 342 2526 a
357 2483 402 2527 me
416 2467 510 2528 italice
520 2467 691 2541 conscripta,
702 2467 753 2527 ubi
762 2465 1097 2528 banomateriamlusius
1105 2463 1158 2524 ali·

91 2559 210 2621 -quanto
229 2552 348 2612 tractam
364 2555 388 2611 t.
1111 2613 1115 2620 .

136 2637 176 2694 td
191 2637 389 2696 inductionem
404 2640 531 2698 revocari
544 2642 636 2713 potest
645 2637 854 2712 argumentatio
863 2653 902 2697 ex
911 2636 1098 2712 malogiarel
1106 2650 1156 2710 pa·

101 2718 183 2780 ritate
198 2724 377 2796 deprompta,
389 2738 455 2781 curn
471 2723 608 2783 niminrm
626 2731 674 2781 aut
689 2723 778 2782 simili
792 2739 832 2781 ex
840 2723 931 2782 simili
939 2723 1061 2781 infertur
1070 2721 1157 2794 (quod

102 2804 228 2872 pertinet
244 2806 279 2862 ad
292 2805 462 2879 panatemp
479 2812 528 2866 ant
541 2821 581 2864 ex
594 2806 696 2878 paucis
710 2806 867 2864 observatis
877 2807 913 2863 ad
922 2807 1052 2864 nondum
1060 2805 1156 2860 obser·

102 2891 168 2945 vata
184 2890 218 2946 lit
229 2890 344 2959 gradus,
362 2903 434 2961 quae
448 2891 501 2947 etsi
516 2903 575 2946 uon
586 2889 754 2958 perlectam,
770 2886 894 2956 aliquam
910 2891 1089 2942 tamencum
1101 2883 1159 2942 illis

102 2977 224 3029 servant
239 2970 456 3028 similitudinem
473 2971 521 3027 vel
540 2969 627 3026 etiam
641 2966 862 3038 proportionem.
883 2965 1028 3024 Eiusmodi
1047 2979 1159 3038 quoquo

102 3051 318 3124 argumentatio
331 3051 494 3122 syllogismo
508 3050 626 3119 nititur,
643 3047 727 3106 cuius
739 3046 927 3120 praemissam
940 3048 995 3106 boc
1008 3047 1068 3120 agit
1081 3047 1159 3122 prin·

103 3134 227 3208 cipium;
239 3133 292 3191 ubi
301 3133 402 3190 eodem
413 3131 633 3190 ootcoasimitis
642 3131 721 3192 ratio
730 3131 851 3206 militet,
861 3132 1158 3194 idemootconsimilc

104 3218 257 3278 iudicium
266 3217 423 3290 serendum
431 3225 480 3276 est.
493 3217 527 3277 lit
541 3222 637 3276 autern
652 3217 688 3278 ab
700 3218 755 3277 boc
769 3217 988 3290 argumentrmdi
1001 3233 1104 3292 genere
1113 3235 1157 3279 or·

106 3317 153 3361 ror
166 3303 261 3362 omnis
275 3307 414 3376 arceatur,
427 3303 526 3362 sedulo
541 3301 785 3362 considerandum
804 3308 847 3362 est
860 3302 1092 3377 utruminteres,
1104 3320 1157 3378 pro

107 3388 212 3460 quibus
226 3387 392 3461 instiltutor,
403 3403 471 3447 vera
484 3387 640 3447 similitudo
655 3387 1068 3462 autproportioyigeatnecne.
1080 3387 1156 3455 Quae

108 3473 235 3542 proiecto
250 3472 313 3530 telis
327 3487 390 3532 esse
404 3471 507 3545 debet,
526 3479 557 3531 ut
571 3473 606 3530 ad
626 3473 704 3532 idem
718 3471 899 3530 attributum
917 3471 1044 3547 ubisque
1057 3487 1156 3533 conoe

88 3561 90 3568 '
109 3551 235 3614 (lendum
248 3562 297 3614 eut
311 3557 471 3630 negandum
486 3557 619 3616 sufficiat.
637 3557 716 3624 Quod
730 3556 798 3629 quia
813 3554 930 3616 difficile
946 3557 1023 3614 iaetu
1035 3561 1096 3628 est,
1112 3556 1156 3616 id·

111 3637 187 3700 circo
202 3640 291 3718 solam
301 3641 491 3700 coniecturam
509 3642 581 3700 baec
594 3640 774 3700 ratiocinatio
786 3639 953 3714 plerumque
968 3641 1136 3715 suppeditat.

157 3816 168 3864 l
187 3817 1070 3886 stemmasrrtowmsqeasq.t,aars2.1tnnp.s,et.a.
