2767 4492
234 297 270 366 2'8
687 316 815 366 uooicas

230 408 234 415 '
268 405 340 465 Vera
363 401 449 479 igilur
462 399 652 464 emolumenta
670 405 810 463 sermonis
823 402 869 463 his
889 398 1086 463 continentur:
1110 401 1132 463 1.
1148 400 1273 465 Praeter·

235 505 323 566 qnam
341 491 416 565 quod
432 491 468 549 ad
481 490 560 548 ideas
576 489 827 548 communicandas
836 489 989 563 inserviat,
1005 503 1039 548 ao
1051 489 1171 563 proinde
1186 489 1273 550 veluti

229 576 380 636 'vinculum
395 576 432 636 sit
446 575 604 649 societatis,
620 573 774 633 intellectui
794 575 942 649 subvenit,
955 579 1095 649 quatenus
1104 573 1165 636 loco
1182 575 1276 650 phau-¹

232 665 388 720 tasmatum
412 659 500 719 verba
519 665 551 718 ut
573 659 655 734 sigua
674 658 821 718 sensibilia
841 658 872 718 in
890 658 1094 732 imaginatione
1115 659 1271 719 substituit.

233 742 819 818 11.ttemoriae0piunatmadtdeassemel
832 743 1273 804 babitasrevoeandasllllden·

233 826 271 888 tis
291 830 475 889 attentionem
492 829 555 904 tigit
567 829 730 902 detinetque
746 827 778 886 in
790 827 917 900 obiecto,
939 828 1014 901 quod
1029 827 1182 902 exprimit,
1199 845 1273 902 quae

232 929 315 972 secus
330 913 366 972 ad
387 914 444 972 alia
460 913 682 987 ¹contemplanda
696 913 794 972 statim
815 915 971 987 raperetur.
987 911 1031 971 it.
1047 912 1146 971 lientis
1159 913 1272 988 opificia

233 1003 390 1072 conservat,
402 998 554 1072 efficitque,
566 1003 598 1056 ut
612 997 661 1057 illa
670 1005 821 1073 postquam
835 995 1079 1070 contemplationis
1092 1011 1161 1057 suae
1174 1006 1272 1071 partus

231 1083 377 1148 vocabulis
393 1082 533 1157 scriptura
544 1082 667 1142 exaratis
678 1081 714 1140 ad
728 1081 910 1141 retinendum
921 1080 1082 1155 tradiderit,
1095 1081 1187 1140 soluta
1195 1084 1272 1142 curis

234 1168 271 1228 ad
284 1182 359 1228 nova
374 1167 546 1263 speculanda
561 1167 678 1241 impcme
693 1166 825 1242 progredi
838 1165 935 1241 possit
953 1164 1011 1224 Hae
1024 1165 1205 1239 potissimum
1217 1167 1272 1226 uti-

225 1251 326 1311 litates
340 1267 497 1311 esermone
508 1251 693 1312 inhominem
707 1251 941 1347 proficiscunbsr3
953 1255 1065 1309 ceterae
1066 1266 1158 1324 ,quae
1175 1267 1272 1310 anon-

232 1336 319 1396 nullis
341 1336 464 1395 nimium
479 1341 704 1410 exaggerantur,
720 1337 782 1396 sine
796 1336 980 1394 fundamento
993 1341 1154 1409 munuum,
1168 1343 1198 1396 et
1210 1337 1271 1397 ani-

232 1437 280 1480 mo
293 1422 419 1480 humano
429 1425 495 1480 sunt
505 1421 646 1479 dedecori.

224 1505 227 1510 ’
268 1505 396 1580 [lenique
415 1507 451 1563 ad
466 1505 552 1563 dotes
560 1504 694 1578 loquendi
708 1505 784 1580 quod
798 1505 912 1580 attinet,
928 1520 1021 1565 sermo
1036 1505 1074 1564 sit
1082 1507 1269 1581 perspicuus

230 1590 370 1662 usitatos,
383 1588 492 1661 breuis·
509 1603 566 1647 non
581 1603 616 1647 ea
631 1593 726 1648 tamen
742 1590 893 1663 breuitate,
906 1605 963 1664 qua
972 1589 1119 1649 obscurior
1133 1592 1272 1650 sententia

230 1675 294 1746 fiat,
307 1673 361 1736 sed
381 1688 429 1746 ea,
447 1687 534 1746 quam
549 1673 604 1732 rite
619 1673 773 1747 descripsit
791 1673 911 1748 ludius,
927 1674 979 1734 vibi
997 1675 1091 1748 inquit
1103 1674 1271 1734 brevitatem

231 1757 429 1833 appellandam
447 1773 508 1817 esse
519 1772 585 1816 cum
600 1757 722 1817 verbum
730 1759 841 1819 nullum
859 1759 1067 1828 redundasset
1080 1769 1147 1820 oum
1159 1765 1270 1820 tantvm

226 1834 379 1902 verborum
395 1847 453 1916 est,
469 1847 608 1917 quantum
623 1858 740 1902 necesse
756 1849 799 1903 est
813 1847 838 1903 ⁴.

631 2039 799 2100 Annrouuus
817 2040 861 2098 111.

396 2238 434 2298 Do
450 2237 583 2298 torminis
599 2251 760 2312 eorumque
765 2236 980 2312 partitionibus
992 2247 1021 2297 et
1029 2253 1097 2297 osu.

260 2439 287 2498 8.
304 2435 431 2512 Nomina,
443 2443 526 2514 prout
540 2438 767 2514 propositionem
787 2443 972 2511 componunt,
990 2438 1112 2498 termini
1126 2439 1269 2515 appellan-

227 2529 272 2582 tur
287 2540 304 2582 ιι
320 2524 522 2592 terminando,
538 2529 690 2599 propterea
704 2522 793 2596 quod,
808 2528 841 2580 ut
851 2522 983 2581 observat
996 2523 1028 2581 1).
1040 2522 1170 2598 i'bomas,
1182 2523 1269 2596 quod-

231 2609 362 2668 ammodo
372 2609 592 2683 propositionem
606 2607 851 2667 circumscribant.
868 2607 1068 2680 Propositionis
1081 2608 1175 2681 enim,
1187 2608 1269 2667 utdi·

228 2697 308 2752 cetur
322 2695 458 2767 interius,
476 2693 529 2752 tria
540 2699 607 2752 sunt
620 2693 778 2751 elementa:
794 2691 971 2766 cannetum,
983 2692 1174 2766 attributam,
1185 2707 1270 2768 copo

229 2777 271 2836 lo'
280 2777 339 2836 lam
349 2793 417 2837 vero
425 2777 587 2836 subtatum
598 2781 627 2835 et
635 2775 817 2835 attributum
827 2775 944 2835 nomina
954 2777 1093 2850 mraedam
1108 2781 1184 2849 sunt,
1196 2791 1270 2850 quae

220 2853 257 2921 'vi
271 2862 388 2936 copulae
399 2853 449 2922 seu
465 2860 635 2922 substantivi
650 2860 818 2929 verbisne,
836 2876 873 2929 es,
886 2869 935 2934 cst,
952 2860 1077 2919 invicem
1090 2860 1270 2919 affirmantur

229 2950 279 3005 aut
293 2953 443 3022 negantur,
456 2954 485 3007 et
493 2945 715 3022 propositionem
726 2945 814 3004 veluti
823 2944 948 3019 explent,
959 2944 1157 3018 claudumque.
1168 2943 1271 3003 Exem-

223 3031 271 3106 plo
288 3033 324 3091 sit
337 3032 425 3091 istaec
434 3031 604 3107 propositio:
621 3029 742 3088 opimius
752 3028 987 3104 mesoptamia
997 3045 1062 3103 qua,
1074 3037 1107 3086 ut
1119 3028 1267 3102 perspicis,

223 3115 341 3174 nomina
356 3117 478 3175 culmus
493 3113 656 3188 etsimplec
667 3113 854 3172 terminorum
862 3128 981 3172 munere
997 3113 1165 3187 iungvmtor,
1176 3118 1205 3171 et
1217 3129 1269 3188 per

224 3199 359 3274 copulam
374 3209 413 3258 cst
427 3206 527 3258 mutuo
536 3197 714 3270 mlbgsntm.

276 3283 424 3342 Terminus
441 3283 527 3342 tribui
547 3286 653 3357 potest:

258 3365 280 3424 l.
295 3365 525 3441 incompactum
540 3372 568 3426 et
577 3365 752 3440 simplicem.
763 3366 815 3424 llic
829 3370 887 3439 est,
904 3366 954 3440 ιιιι1
963 3365 1048 3426 unico
1060 3371 1171 3427 constat
1184 3382 1267 3428 voca·

135 3500 139 3510 .
218 3449 295 3522 bulo,
308 3454 340 3508 ut
350 3449 435 3509 leonto
445 3451 511 3523 ,ille
514 3451 583 3526 qni
594 3449 734 3525 pluribus
747 3449 1169 3526 uthomooirtuteproeditos.
1178 3452 1267 3526 Saepe

223 3535 302 3593 enim
322 3533 482 3594 subiectum
498 3542 545 3595 aut
560 3534 732 3594 attributum
749 3534 948 3609 propositionis
963 3551 1020 3594 non
1033 3551 1101 3610 una,
1118 3536 1168 3595 sed
1181 3535 1269 3610 pluri·

111 3679 116 3686 ,
223 3619 278 3680 bus
293 3621 378 3679 simul
393 3621 496 3680 iunctis
511 3620 628 3680 vocibus
646 3618 794 3694 ooalesdt3
809 3635 856 3680 ex.
872 3635 915 3695 gr.
929 3621 1137 3682 lwmomrtote
1146 3621 1265 3720 proedi-

226 3711 273 3766 tos
287 3704 371 3765 valde
386 3705 578 3766 honorandus
589 3713 638 3765 cst.

268 3885 279 3934 1
296 3889 331 3936 De
347 3891 407 3937 orat.
419 3887 460 3936 lib.
