2767 4492
250 303 347 475 ilglm
361 391 494 474 generale
507 397 655 458 criterium
665 315 952 471 ειῃζὲῗὴῗᾳυαεή,
962 396 1038 471 quod
1048 395 1168 456 inomni
1181 409 1304 456 muso

248 484 422 559 implicitum
435 484 504 543 latet
517 490 547 544 et
560 497 742 542 communem
756 483 839 556 quasi
854 482 946 556 legem
959 481 1060 541 indicit
1073 480 1202 555 reliquis.

285 569 332 628 Sic
345 569 512 643 quaestione
525 567 679 642 proposita,
696 567 851 626 asserimus
864 565 996 640 generale
1010 567 1065 626 hoc
1079 566 1207 626 veritatm
1220 567 1305 646 crite·

249 653 326 712 rium
340 654 371 713 in
385 652 529 713 evidentia
541 651 642 727 reponi
656 650 813 725 untologice
832 649 969 724 inspecta,
985 655 1013 708 et
1026 649 1063 708 ad
1081 655 1301 723 cognoscentem

250 738 352 798 relata.

287 824 358 883 Nam
371 824 397 883 si
411 823 511 884 sedulo
525 837 587 882 rem
600 821 821 898 perpendamus,
836 820 997 880 videbimus
1014 820 1141 894 proiecto
1155 819 1186 880 in
1201 821 1304 895 quavis

249 908 369 968 venete
382 907 560 982 assequenda
568 906 794 982 proterenduque
804 904 909 965 iudicio
923 903 1095 964 subendam
1105 919 1300 978 sempercsse,

249 1007 322 1065 quae
332 992 409 1052 adso
423 992 561 1052 conuertit
574 991 686 1067 etrapit
700 1005 859 1050 assensum.
872 989 1021 1048 certitudo
1032 1003 1109 1063 quoe
1118 996 1158 1047 est
1168 988 1302 1048 inscien-

251 1074 294 1134 tia
307 1084 334 1134 ot
348 1077 382 1136 iu
394 1077 541 1137 intellectu
554 1085 595 1135 cst
607 1092 643 1136 cc
656 1077 724 1152 ipsu
737 1073 883 1135 musceto
896 1087 1086 1147 eorumquae
1099 1080 1180 1132 cortu
1189 1088 1246 1131 osso
1256 1072 1302 1132 di·

247 1169 369 1219 matur.
381 1161 427 1221 Sic
441 1162 594 1221 altissimus
607 1161 780 1219 christianae
793 1157 988 1232 philosophiae
1002 1157 1139 1230 magister
1154 1159 1179 1213 ⁴.
1192 1156 1264 1229 Ergo
1275 1156 1302 1216 si

249 1243 388 1305 cerutudo
402 1252 446 1305 est
459 1262 498 1306 ex
511 1244 662 1318 evidenu'a,
678 1243 822 1303 evidentia
837 1240 891 1300 erit
904 1239 1078 1315 principium
1092 1245 1121 1298 et
1139 1255 1225 1299 causa
1240 1253 1301 1298 cer·

249 1326 388 1388 titudinis.
405 1330 471 1389 liius
484 1331 571 1404 igitur
584 1331 639 1389 erit
651 1328 814 1400 criterium
831 1339 960 1400 quaeque
974 1324 1053 1384 enim
1066 1339 1114 1384 res
1128 1324 1234 1398 optime
1248 1337 1302 1397 por

248 1425 331 1470 suam
345 1428 463 1472 causm
476 1415 629 1474 iudicatur.

282 1495 542 1569 Proiectu'ueritas,
559 1511 757 1571 quaecumque
772 1510 806 1554 ea
825 1495 875 1567 sit,
896 1497 946 1553 aut
967 1494 1050 1554 nobis
1068 1493 1131 1568 ipsa
1149 1507 1179 1552 se
1197 1493 1294 1568 olfcrt,

247 1581 369 1652 propriis
383 1581 496 1656 sibique
509 1581 630 1640 internis
640 1580 713 1639 tulta
728 1579 896 1650 momenlls3
908 1584 957 1637 aut
968 1583 1067 1636 conus
1076 1593 1112 1636 ex
1128 1577 1249 1637 aliorum
1260 1583 1302 1638 te·

246 1657 381 1722 'stimouio
396 1665 547 1738 colligitur.
564 1665 593 1724 si
607 1665 661 1724 boc
673 1665 815 1738 posterius
834 1663 982 1736 acciderit,
997 1661 1198 1737 proculdubio
1216 1663 1300 1722 moti·

247 1763 326 1821 vum,
344 1750 451 1822 quoad
466 1749 665 1809 certitudinem
679 1749 821 1822 ducimur,
832 1747 911 1808 aliud
925 1747 1038 1806 nullum
1050 1747 1113 1819 erit,
1125 1746 1181 1806 nisi
1196 1751 1301 1806 testam

249 1832 322 1890 tium
340 1833 493 1892 auctoritas
506 1850 525 1892 a
537 1833 621 1892 nobis
639 1834 785 1892 eduenter
802 1837 960 1907 perspecta.
978 1832 1050 1890 ilinc
1064 1830 1142 1890 enim
1158 1829 1193 1888 ad
1212 1831 1300 1890 fldem

248 1915 359 1975 obiecto
372 1916 533 1976 habendam
552 1917 735 1990 adducimur,
752 1916 827 1991 quod
842 1916 960 1975 evidens
975 1915 1012 1974 sit
1027 1921 1113 1974 testes
1127 1930 1161 1974 ea
1181 1915 1301 1975 scientia

249 2004 278 2058 ct
293 2015 327 2058 eo
340 2000 496 2075 veriloquio
506 2001 612 2074 ornari,
624 2016 697 2069 quae
712 2001 748 2059 ad
763 2001 874 2075 pondus
888 2015 988 2060 eurum
998 1999 1158 2058 testimonio
1174 1999 1301 2058 ubucu-

248 2083 319 2162 dnnp
336 2084 489 2144 sulliciant.
507 2083 623 2160 Quodsi
641 2085 748 2144 uerius
764 2085 801 2144 sit
820 2085 974 2156 eiusmodi,
992 2099 1065 2158 quae
1088 2083 1151 2156 ipsa
1168 2083 1252 2143 uobis
1268 2099 1301 2144 se

247 2167 418 2242 manifestet,
436 2175 502 2227 timc
518 2169 647 2227 accidere
663 2169 692 2228 id
713 2169 816 2243 poterit
829 2168 875 2228 vel
895 2169 1063 2228 deductione
1079 2184 1117 2226 ex
1132 2168 1196 2226 aliis
1208 2169 1300 2228 notio-

247 2250 341 2326 ribus,
358 2253 404 2310 vel
421 2253 612 2327 propositione
630 2254 694 2328 ipsa
712 2253 853 2327 venetis,
870 2269 944 2328 quae
959 2258 1059 2327 sponte
1074 2268 1125 2312 sua
1143 2253 1226 2312 nobis
1244 2254 1298 2312 im·

247 2335 369 2396 mediate
383 2343 519 2396 notescat.
533 2338 561 2397 si
575 2338 626 2396 liat
643 2337 812 2397 deductione
828 2353 865 2396 ex
883 2337 955 2411 aliis,
968 2343 1035 2396 binc
1050 2343 1126 2397 certe
1141 2337 1172 2396 in
1187 2341 1300 2396 tantum

246 2419 384 2480 deductae
398 2422 509 2480 veritati
525 2423 711 2496 assentimur,
728 2422 758 2480 in
774 2427 913 2495 quantum
927 2437 962 2480 ca
974 2438 1012 2480 ex
1031 2421 1114 2480 certis
1131 2421 1299 2496 praemissis
1363 2419 1367 2434 '

245 2503 327 2575 iuxta
340 2505 485 2580 legitimae
493 2505 718 2566 ratiocinationis
728 2505 841 2579 regulas
850 2505 939 2564 liuere
953 2505 1099 2578 evidenter
1112 2505 1295 2579 conspicitur.

246 2589 335 2660 Atque
348 2589 396 2647 bic
409 2589 471 2663 ipsc
484 2605 576 2649 nexus
594 2590 745 2665 perspicue
760 2589 889 2662 cognitus
903 2589 1002 2664 regilla
1016 2595 1068 2662 est,
1086 2605 1142 2664 qua
1155 2590 1297 2651 iudicium

246 2677 376 2730 nostrum
394 2678 594 2748 temperamus.
611 2675 683 2748 Ergo
699 2680 766 2733 tunc
781 2674 867 2732 eliam
886 2674 1033 2733 criterium
1052 2674 1180 2750 venulis
1193 2675 1225 2733 iu
1238 2675 1298 2735 eui·

246 2755 342 2813 olentia
360 2757 509 2830 reperitur.
525 2758 651 2833 Denique
666 2759 691 2818 si
707 2758 851 2818 obiectum
866 2772 922 2817 nun
938 2773 976 2817 ex
990 2757 1046 2817 alio
1065 2757 1229 2832 deducitur,
1245 2759 1297 2819 sed

208 2907 212 2913 ⁴
245 2845 345 2913 sponte
359 2847 436 2915 patet
445 2856 578 2916 persese,
589 2843 672 2915 longe
686 2841 866 2902 manifestius
875 2841 929 2900 erit
938 2856 996 2900 nou
1010 2842 1124 2900 aliunde
1134 2857 1196 2915 nos,
1208 2857 1296 2916 quam

245 2939 282 2981 ex
291 2925 433 2985 evidentia
443 2942 517 3001 quae
527 2927 622 3001 ipsum
637 2927 726 2986 allicit
736 2927 772 2986 ad
781 2925 996 2986 assentiendum
1006 2926 1119 2985 adduci.
1132 2927 1203 2985 Nam
1218 2926 1296 2985 obie-

244 3011 323 3066 ctum
337 3009 491 3084 eiusmodi,
509 3011 569 3069 slve
584 3011 774 3084 conscientia,
790 3011 850 3071 sive
866 3011 1067 3084 intelligentie,
1084 3009 1144 3070 sive
1162 3010 1295 3070 sensibus
1361 3055 1362 3066 ,

243 3099 418 3166 proponatur
427 3095 525 3168 (prout
534 3101 583 3153 aut
591 3095 737 3154 internum
747 3100 799 3168 cst,
812 3101 861 3154 uut
870 3101 1022 3154 externum
1032 3095 1082 3154 sed
1091 3095 1292 3168 intellectuale,

245 3183 294 3237 aut
307 3184 458 3237 externum
467 3177 518 3236 sed
533 3179 665 3253 sensile),
681 3195 741 3238 non
756 3179 812 3238 alia
823 3180 858 3238 de
872 3195 958 3238 causa
972 3179 1062 3238 menti
1077 3178 1224 3252 satisfacit,
1235 3179 1293 3237 nisi
1359 3245 1360 3250 ἵ

245 3260 313 3334 quia
327 3261 512 3334 semetipsum
526 3262 649 3321 intuenti
664 3263 761 3322 animo
776 3263 921 3322 evidenter
932 3263 1024 3322 offert.
1040 3305 1043 3314 .

279 3345 349 3404 ilem
368 3349 456 3402 totam
473 3345 614 3420 exemplis
636 3344 820 3405 illustremus.
848 3347 1004 3414 Quaeratur
1026 3347 1170 3407 sciliceta
1189 3351 1217 3406 lo
1241 3361 1293 3406 cur
1358 3343 1359 3365 ¹

243 3433 338 3488 certus
352 3427 392 3487 sis
405 3435 503 3489 entare
522 3429 702 3502 londinum,
723 3431 850 3488 animum
869 3445 931 3490 esse
950 3431 1153 3500 immortalem,
1171 3437 1199 3491 te
1213 3447 1291 3491 nunc

243 3519 308 3571 actu
323 3513 458 3587 cogitare,
475 3513 530 3572 tria
544 3519 587 3574 ter
601 3514 698 3587 addita
714 3529 836 3588 aequare
851 3517 963 3588 novem,
981 3518 1093 3576 caelum
1105 3516 1194 3576 stellis
1208 3531 1292 3574 orua-

243 3594 279 3653 ri.
295 3596 324 3654 Si
338 3613 406 3655 vera
418 3597 496 3672 loqui
510 3597 590 3670 velis,
606 3613 728 3672 repones
742 3597 867 3671 prolecto
883 3609 910 3658 te
921 3599 1027 3659 idcirco
1036 3601 1156 3660 Londini
1165 3601 1292 3659 existen·

244 3678 314 3738 liam
327 3679 476 3740 indubiam
490 3681 616 3756 habere,
637 3683 705 3756 quia
723 3681 773 3741 illa
793 3687 833 3742 tol
855 3683 973 3744 testibus
995 3685 1199 3758 confirmatur,
1219 3697 1292 3759 quos
1354 3701 1355 3743 l

287 3863 299 3908 -t
319 3865 341 3910 s.
360 3863 455 3912 raons
471 3865 486 3913 s
500 3867 610 3914 mutae.
628 3883 650 3929 q.
667 3867 691 3929 a,
709 3881 729 3914 ι.
748 3868 771 3916 a.
