2767 4492
264 347 318 414 bil
710 353 872 402 scansam

177 489 184 498 ·
264 447 389 510 breviter
399 443 568 522 explicaturi
582 457 698 517 sumus;
715 441 765 502 sed
778 443 845 501 ante
858 439 1070 516 perspicuitatis
1082 439 1247 515 gratiaeius
1259 457 1307 502 no

266 535 372 593 tionem
390 531 551 591 distinctius
561 527 782 588 declarabimus.

302 621 358 692 ige
376 619 434 677 iam
450 618 485 676 de
505 617 566 674 iure
581 615 710 689 gentium
729 614 769 671 sic
783 611 913 672 nonnulli
932 595 1136 684 disseruerunt,
1151 617 1186 670 ut
1199 613 1307 686 opinari
1371 652 1373 699 t

265 705 429 766 viderentur
446 701 515 761 illud
536 701 711 759 avoluntate
725 699 905 774 populorum,
921 697 1009 755 rebus
1023 697 1216 770 exigentibus,
1237 698 1307 756 deri·
1371 742 1373 783 ζ

267 790 338 848 vari.
355 790 385 848 ln
398 789 450 848 hoc
465 802 585 846 numero
600 801 658 844 non
673 785 815 844 immerito
829 783 983 841 collocatur
997 782 1117 855 Grotius,
1141 783 1191 856 q'ui
1205 783 1236 841 in
1250 799 1309 856 pm

266 874 422 948 legumeuis
437 873 481 931 sui
491 872 585 946 operis
600 869 634 928 de
649 884 682 927 oo
693 869 735 927 sic
751 867 889 941 loquitur:
910 891 920 918 e
939 866 993 924 Sed
1007 866 1230 940 sicntcuiusque
1244 869 1311 926 ciu-

269 979 280 1009 ι
303 959 368 1016 tatis
383 958 446 1016 iura
457 956 612 1014 utilitatem
622 967 698 1038 'suae
713 951 836 1010 civitatis
853 951 1019 1024 respiciunt,
1036 949 1076 1008 ita
1092 949 1167 1007 inter
1185 951 1311 1010 eintates

270 1066 281 1096 a
302 1049 351 1101 aut
365 1057 464 1102 omnes
475 1047 524 1099 aut
539 1039 687 1114 plerasque
698 1053 735 1096 ex
749 1033 890 1095 consensa
899 1035 963 1093 iura
974 1034 1114 1108 quaedam
1125 1034 1207 1093 nasci
1217 1042 1312 1109 potue

270 1151 281 1181 ι
302 1139 370 1186 runt
384 1132 412 1185 et
429 1131 496 1184 nata
517 1115 642 1200 apparet,
660 1137 733 1196 quae
753 1120 903 1179 utilitatem
920 1119 1093 1194 respicerent
1107 1135 1167 1178 non
1177 1125 1313 1179 coetuum

270 1235 280 1266 ι
301 1212 489 1286 singulorum,
502 1211 552 1269 scd
566 1223 687 1282 magnae
698 1207 775 1266 lilius
785 1204 995 1277 universitatis3
1008 1209 1036 1262 et
1051 1205 1105 1262 boc
1118 1205 1165 1262 ius
1184 1207 1312 1279 estquod

269 1321 280 1351 ι
302 1297 430 1370 gentium
453 1295 575 1368 dicitur,
600 1293 710 1367 quotics
734 1291 764 1351 id
784 1305 890 1349 nomen
905 1304 922 1347 a
940 1289 1003 1347 iure
1019 1288 1145 1347 naturali
1164 1289 1315 1364 distingui-

269 1406 279 1434 ι
301 1398 365 1441 mus
382 1384 406 1440 t,
426 1403 436 1431 t
449 1380 611 1439 Etiulerius
621 1378 656 1436 de
667 1377 818 1451 partitione
833 1374 1064 1446 iurisdisserens
1076 1374 1121 1432 ius
1136 1375 1269 1446 gentium
1280 1378 1314 1436 ad

266 1467 346 1538 illud,
363 1466 438 1540 quod
453 1481 490 1524 ex
504 1464 648 1523 voluntate
660 1462 802 1535 originem
815 1460 901 1531 ducit,
918 1465 1032 1518 revocat
1043 1465 1128 1533 atque
1142 1460 1183 1517 ita
1198 1460 1314 1520 delinit:

266 1551 345 1626 quod
360 1551 492 1624 petatium
507 1549 643 1606 omilium
658 1554 712 1605 out
730 1545 900 1603 tardiorum
916 1543 1066 1602 uoluntate
1079 1545 1142 1603 mm
1160 1545 1316 1620 obligandi

267 1637 374 1711 occepit
391 1639 414 1692 2.

302 1723 335 1779 At
349 1721 414 1779 licut
429 1721 502 1779 intur
512 1720 604 1778 varias
615 1723 714 1792 genios
729 1718 792 1777 iura
802 1715 940 1775 nonnulla
957 1718 1037 1775 nasci
1048 1718 1158 1791 possint
1167 1719 1198 1776 vi
1210 1720 1317 1792 pactio

268 1823 338 1866 num
348 1812 397 1864 aut
411 1807 567 1875 foederum,
584 1821 656 1877 quae
668 1805 740 1862 sorte
750 1803 916 1875 iungantur3
934 1802 1004 1868 baec
1014 1809 1109 1860 tamen
1119 1817 1178 1860 non
1190 1803 1238 1861 ius
1252 1820 1319 1877 gen-

270 1893 340 1950 tiunt
357 1889 484 1948 absolute
503 1889 620 1960 dicluur,
639 1888 688 1945 sed
706 1887 897 1944 rotnmmium
915 1895 944 1946 et
959 1887 1111 1960 positivum
1126 1888 1317 1947 constituunt.

271 1975 361 2044 Quare
377 1989 443 2032 cunr
459 1979 540 2047 pacta
555 1973 669 2029 nouuisi
693 1973 870 2046 paciscentes
890 1972 1028 2046 obligeut3
1049 1972 1094 2030 ius
1113 1974 1264 2033 eiusmodi
1280 1975 1319 2033 in-

269 2059 452 2120 ternatiunale
467 2057 621 2132 positivum
641 2073 689 2115 eas
705 2064 815 2116 tantum
833 2058 962 2115 nationes
976 2057 1109 2129 devincit,
1127 2073 1205 2130 qrtae
1220 2060 1260 2117 ad
1276 2077 1320 2134 pa-

268 2145 433 2202 ciscendum
444 2143 519 2200 inter
529 2159 558 2201 sc
570 2148 774 2201 convenerunt.
787 2144 820 2200 dt
830 2158 905 2214 vero,
919 2157 983 2199 cum
1000 2142 1179 2215 pactionibus
1196 2144 1321 2203 eiusmo

267 2229 296 2286 di
312 2227 464 2286 relationes
478 2229 624 2287 naturales
634 2229 708 2286 intcr
723 2235 821 2302 gentes
832 2243 889 2285 non
904 2227 1003 2284 violari
1019 2227 1067 2284 sed
1082 2228 1255 2288 conlirmnri
1275 2232 1322 2289 de·

266 2311 367 2385 beent3
392 2313 460 2372 satis
479 2313 569 2386 liquet
589 2315 768 2386 pactionibus
783 2314 853 2386 ipsis
876 2312 1088 2386 supereminere
1110 2313 1155 2370 ius
1171 2316 1321 2388 quoddam

267 2397 395 2471 gentiunt
416 2399 543 2457 absolute
559 2399 675 2469 dictum,
699 2399 774 2472 quod
789 2413 889 2456 omncs
904 2398 1021 2456 omnino
1037 2403 1135 2470 gentes
1155 2400 1323 2476 adstringat

254 2473 354 2542 'neca
376 2500 515 2542 consensu
535 2485 705 2558 populorum
728 2490 777 2541 nut
801 2483 945 2541 voluntate
965 2484 1190 2557 imperantium,
1216 2488 1273 2544 sed
1289 2489 1323 2544 ab

267 2567 330 2643 ipsa
348 2573 450 2626 natura
464 2569 667 2643 proficiscatur.
681 2570 758 2628 Unde
773 2569 878 2636 existit,
896 2575 927 2627 ut
941 2569 1150 2627 uniuersalibus
1168 2575 1199 2628 et
1213 2571 1324 2631 immu-

235 2674 238 2684 =
269 2651 403 2710 tabilibus
417 2653 564 2726 principiis
580 2657 698 2726 constet,
715 2659 799 2726 prout
815 2659 910 2711 tamen
925 2669 982 2712 non
993 2651 1148 2712 individuis
1159 2656 1213 2715 sed
1230 2660 1324 2716 natio

268 2737 355 2795 nibus
370 2753 399 2795 se
413 2743 512 2795 mutuo
527 2737 745 2811 respicientibus
761 2738 942 2811 applicantur
957 2741 981 2796 i.

304 2819 375 2880 llinc
391 2823 542 2881 discrimen
564 2822 656 2881 elucet
670 2823 744 2896 quod
763 2819 941 2897 interipsum
957 2829 984 2883 cl
998 2826 1043 2884 ins
1058 2831 1119 2882 tum
1139 2825 1324 2888 individuale

267 2911 329 2966 tum
345 2908 449 2967 sociale
468 2908 625 2966 intercedit.
637 2909 698 2966 Non
709 2909 785 2967 eninr
797 2909 833 2967 ab
844 2909 879 2968 iis
889 2908 984 2968 dlllert
993 2910 1103 2987 ratione
1117 2924 1229 2971 causae
1240 2931 1261 2972 a
1271 2931 1325 2988 qrra

234 3037 236 3042 ,
267 2994 404 3068 procedit,
427 2993 476 3050 sed
493 2999 601 3051 tantum
619 2995 729 3052 ratione
745 2993 864 3053 subiecti
876 2995 950 3068 quod
961 2992 1105 3053 informat.
1118 2994 1231 3055 Eadem
1247 3001 1325 3058 eninr

266 3075 313 3136 les
326 3076 444 3135 naturae
459 3083 487 3135 et
496 3077 564 3136 ordo
579 3092 675 3136 rcrum
689 3077 847 3136 obiectivus
858 3079 948 3137 tribus
959 3077 1038 3138 bisce
1052 3079 1164 3138 iuribus
1175 3082 1325 3158 originem

266 3161 393 3236 praebet.
409 3162 539 3220 Subiecta
550 3169 645 3221 tamen
656 3163 769 3222 diversa
779 3169 859 3236 sunt3
877 3163 1017 3238 siqtddem
1028 3166 1058 3223 in
1068 3164 1131 3223 iure
1145 3165 1327 3228 individuali

267 3247 418 3321 respicitur
436 3247 614 3306 individuum
633 3249 793 3307 humanum
813 3250 893 3307 insta
916 3249 1042 3309 diversas
1065 3249 1236 3327 relationes
1256 3271 1327 3329 quas

265 3331 351 3392 habet
370 3338 453 3407 prout
468 3349 589 3408 persona
613 3335 752 3408 quaedam
768 3341 819 3408 est,
836 3337 910 3394 iacto
925 3341 1036 3394 tantum
1052 3341 1174 3395 naturae
1191 3343 1327 3398 conside·

266 3427 336 3476 rato.
350 3417 381 3476 ln
391 3419 453 3476 iure
465 3417 563 3476 sociali
574 3419 768 3477 consideratur
778 3425 875 3478 coctus
886 3421 1002 3496 quidam
1012 3422 1154 3495 periectas
1167 3423 1327 3483 bominum

267 3501 407 3564 stabiliter
422 3503 554 3578 sociatus,
571 3504 621 3563 sed
643 3505 738 3582 quoad
751 3505 901 3569 relationes
919 3507 1068 3568 dumtaxat
1082 3507 1232 3585 internas,
1252 3528 1328 3590 qnae

313 3702 324 3751 l
345 3708 380 3752 De
390 3709 444 3754 iure
461 3709 516 3754 tetta·
532 3713 553 3754 et
565 3708 638 3768 puris.
651 3705 735 3769 Prolrg.

312 3781 328 3827 2
344 3785 404 3829 reru.
424 3783 441 3828 1.
459 3782 483 3846 g.
501 3783 555 3830 siv.

311 3855 368 3902 5Ad
384 3875 429 3904 reru
446 3859 528 3906 Vatiel:
549 3881 557 3901 u
581 3861 609 3906 Le
627 3863 684 3908 droit
699 3860 737 3909 des
753 3880 805 3924 gens
822 3861 884 3912 n’esl
899 3868 1068 3929 orginsirenrenl
1082 3872 1145 3915 unire
1156 3869 1231 3920 chose
1250 3891 1299 3937 qne
1317 3875 1333 3918 l·

264 3937 278 3978 n
295 3929 352 3974 droit
362 3931 389 3977 de
402 3930 424 3979 le
434 3939 512 3981 natura
528 3937 630 3999 eppliqut
641 3953 682 3986 sur
694 3941 789 3988 nntium.
807 3945 860 3992 »Le
876 3945 941 3993 droit
956 3946 995 3994 des
1005 3959 1068 4007 om,
1077 3949 1094 3993 t.
1111 3945 1135 4010 l,
1151 3949 1255 4010 prelim.
1269 3952 1299 4016 §
1311 3953 1332 3992 t.
