2767 4492
235 323 292 388 zuo
565 327 794 392 annumerans
808 327 957 378 sanmuro

233 425 296 486 nita
310 426 362 495 ast,
378 421 522 481 obiectum
536 418 728 492 maequanrm
741 415 856 476 unaue
869 415 1022 476 volontatis
1036 413 1191 492 constituit,
1207 413 1291 479 eius·

234 516 291 583 qne
306 519 433 566 amorem
446 502 564 563 omnino
579 501 688 575 explet3
707 501 801 560 omnis
815 505 912 559 autem
933 500 1053 562 facultas
1067 501 1104 560 ab
1118 502 1248 576 obiecto,
1267 519 1291 562 a

234 606 290 665 qno
306 589 447 664 expletum,
458 587 574 646 omnino
589 586 838 644 determinaturus
851 584 971 658 rapitur.
981 585 1110 660 lemque
1123 586 1223 648 diviua
1231 588 1290 652 bo-

233 677 309 736 nitas
321 679 363 734 est
372 673 517 734 obiectum
525 671 688 730 necessario
702 683 866 738 connexum
880 683 948 728 cum
957 668 1056 730 divim
1071 670 1216 745 felicitate,
1227 672 1290 732 im⁴

233 779 281 824 ruo
297 777 362 822 vero
376 761 456 820 illam
471 757 614 831 efformat3
631 757 775 816 obiectum
790 760 888 814 autem
902 755 1044 814 felicitatis
1063 756 1245 818 omnimodae
1267 773 1290 817 a

233 851 418 922 cognoscente
432 843 532 918 nequit
546 857 604 902 non
620 842 722 902 aman.
737 841 865 914 Denique
879 840 915 899 ad
930 840 1135 918 perlectionem
1151 841 1288 901 volunta·

234 933 268 991 tis
283 931 421 1006 pertinet,
434 933 466 988 ut
478 929 509 987 in
524 927 668 988 obiectum
690 943 743 1002 pro
757 926 885 986 ciusdem
907 926 1007 985 merito
1022 931 1051 984 et
1065 925 1227 986 condinoue
1240 927 1288 987 le-

147 1043 148 1046 *
231 1021 320 1076 ratur.
336 1014 419 1090 Atqui
429 1013 526 1075 divina
534 1012 646 1073 nonius
657 1011 801 1072 obiectum
812 1015 856 1070 est
868 1025 981 1070 summe
991 1011 1102 1072 bonum
1111 1023 1285 1086 summeque

231 1098 436 1160 necessarium.
454 1097 596 1156 Periactae
605 1095 693 1170 igitur
703 1093 857 1156 voluntatis
872 1095 927 1154 erit
940 1094 1019 1154 illam
1033 1110 1147 1155 summe
1161 1095 1285 1170 diligere

232 1188 261 1243 et
275 1182 447 1244 necessario.

269 1269 347 1338 Quod
362 1267 386 1327 si
406 1267 503 1328 divim
517 1266 648 1328 voluntas
662 1280 721 1324 non
735 1269 819 1338 prout
832 1265 864 1323 in
878 1263 976 1324 dirim
989 1264 1116 1324 bonitate
1135 1265 1283 1340 diligenda

231 1359 371 1427 versatur,
389 1351 439 1412 scd
453 1356 537 1426 prout
551 1351 587 1410 ad
597 1365 696 1410 rerum
710 1359 870 1408 creamrum
889 1349 1073 1410 existentiam
1087 1350 1220 1424 retertur,
1236 1352 1283 1411 ln-

232 1440 366 1514 spicitur3
382 1453 417 1496 ea
432 1435 642 1496 absolutissima
656 1435 866 1494 indifferentiae
875 1435 1006 1494 libertate
1020 1435 1144 1508 gaudere
1159 1436 1282 1496 dicenda
1339 1435 1343 1440 '

232 1529 284 1583 est.
304 1523 380 1591 Quae
394 1522 512 1596 qudem
525 1520 641 1580 libertas
656 1535 715 1578 non
730 1520 846 1593 quidem
860 1518 891 1578 in
906 1519 960 1578 linc
975 1520 1030 1578 sita
1044 1524 1097 1592 est,
1115 1521 1192 1594 quod
1205 1521 1282 1580 Deus

232 1607 321 1681 possit
336 1607 447 1666 interno
462 1605 556 1680 aliquo
567 1610 634 1664 actu
648 1605 747 1678 augeri
758 1603 936 1678 autprirari3
948 1605 998 1663 sed
1012 1605 1044 1663 in
1054 1604 1108 1663 hoc
1118 1605 1203 1664 unice
1217 1621 1279 1665 cer·

233 1691 325 1764 nitur,
342 1690 418 1765 quod
432 1690 506 1749 Deus
527 1689 653 1750 eundem
668 1695 765 1748 actum
779 1689 903 1763 dirigere
919 1690 1008 1762 possit
1022 1689 1059 1748 ud
1072 1689 1216 1750 obiectum
1230 1694 1281 1750 aut

231 1791 328 1848 secus,
351 1775 487 1834 relatione
506 1774 656 1838 dumtaxat
675 1779 705 1834 et
722 1780 865 1849 respecto,
886 1787 944 1834 non
963 1789 1030 1833 vcro
1052 1773 1165 1834 iuterna
1184 1774 1283 1848 aliqua

231 1859 368 1932 resiste,
381 1859 510 1932 vadatis,
528 1860 768 1934 quemadmodum
780 1859 812 1918 in
822 1860 914 1933 primo
928 1859 1048 1919 articulo
1057 1849 1275 1932 explicavimus.

233 1945 312 2011 onon
323 1959 387 2003 tero
397 1943 471 2004 Deus
480 1944 556 2003 circa
566 1943 677 2004 obiecta
687 1943 829 2004 eiusmodi
839 1943 877 2002 sit
895 1944 978 2017 liber,
990 1943 1123 2018 perlacile
1136 1943 1280 2002 iudicium

232 2034 285 2088 est.
304 2027 444 2101 Principio
462 2028 540 2086 enim
553 2027 583 2088 id
598 2029 802 2103 perlectionem
819 2029 968 2101 importat,
984 2035 1013 2087 et
1027 2044 1064 2088 ex
1080 2026 1209 2086 absoluta
1226 2027 1280 2088 ltel

232 2112 403 2172 necessitate
417 2112 579 2185 requiritur.
601 2113 679 2181 Quod
695 2113 774 2170 enim
787 2127 888 2172 revera
901 2113 932 2172 in
947 2113 1095 2172 ermundo
1115 2111 1279 2172 absolutum

232 2202 288 2269 est3
306 2197 347 2256 sic
361 2212 423 2255 essa
437 2201 563 2271 oportet,
579 2202 611 2255 ut
626 2197 748 2257 aliorum
769 2213 826 2256 non
852 2201 932 2270 egeat
953 2199 1098 2255 comitatu.
1117 2195 1161 2254 llis
1182 2201 1278 2255 autem

233 2280 384 2358 appetendi
400 2286 430 2339 ut
444 2281 568 2354 perlecta
582 2281 666 2354 plana
680 2282 737 2353 sit,
754 2281 786 2339 in
800 2280 927 2354 obiecta,
943 2287 1027 2354 prout
1040 2280 1208 2338 eorumdem
1217 2306 1221 2312 ·
1230 2279 1278 2338 lto·

219 2365 305 2424 -uitas
321 2371 349 2424 ct
364 2363 487 2423 conditio
501 2365 633 2438 postulat,
648 2365 716 2423 ferri
732 2363 826 2422 dohet.
839 2364 929 2431 Quare
943 2374 975 2423 nt
990 2364 1095 2423 summi
1110 2369 1138 2422 et
1148 2379 1285 2423 necessa.

160 2471 164 2476 ·
233 2451 270 2510 rii
288 2449 357 2509 honi
373 2464 486 2508 summa
504 2455 534 2510 et
548 2449 711 2508 necessaria
732 2448 845 2508 dilectio
860 2450 897 2507 ad
914 2448 1118 2523 perlectionem
1139 2450 1274 2522 pertinet3

233 2535 273 2594 sic
289 2534 363 2592 finiti
377 2538 405 2592 ct
420 2533 609 2607 contingentis
624 2533 692 2591 boni
703 2533 872 2606 contingens
888 2538 916 2593 et
929 2533 1020 2592 libera
1035 2532 1169 2606 appetitio
1182 2533 1275 2606 renui·

232 2619 315 2678 nitur.

178 2736 184 2746 ·
266 2703 356 2778 litque
371 2703 503 2763 exhuius
517 2700 700 2776 porrectionis
718 2707 857 2775 conceptu
866 2701 936 2761 illud
951 2703 1038 2761 etiam
1052 2701 1182 2777 emergit,
1193 2706 1226 2760 ut
1238 2701 1279 2764 di·

230 2789 298 2850 rina
312 2789 429 2849 ubertas
449 2787 656 2848 consideranda
671 2787 792 2845 minime
807 2787 845 2845 sit
861 2787 954 2860 quoad
971 2787 1079 2846 bonam
1100 2793 1149 2846 aut
1170 2787 1276 2844 mnam

230 2875 407 2949 electionem,
421 2875 538 2949 perinde
553 2874 635 2948 quasi
649 2873 739 2947 possit
753 2873 837 2946 Deus,
850 2879 882 2932 ut
892 2874 928 2932 ad
938 2874 1087 2933 honestam
1100 2877 1129 2931 ct
1137 2879 1275 2943 sanctam,

231 2960 274 3019 sic
289 2961 375 3019 etiam
390 2959 426 3018 ad
442 2966 553 3033 turpem
566 2963 598 3018 at
609 2959 784 3031 ,indecoram
799 2959 943 3032 optionem
957 2959 1036 3017 ferri.
1054 2957 1107 3016 Sed
1129 2956 1278 3031 cogitanda

230 3045 315 3103 unice
330 3051 373 3104 cst
386 3051 518 3119 respectu
540 3043 684 3104 bonomm
700 3059 781 3118 quae
796 3044 878 3102 finita
898 3049 980 3117 sunt,
997 3049 1138 3117 quatenus
1156 3057 1192 3101 eo
1205 3042 1279 3102 celle

230 3129 320 3204 possit
335 3129 381 3188 rel
399 3144 546 3203 respucrc3
563 3129 604 3188 ita
619 3133 732 3201 umen,
749 3135 781 3186 ut
795 3128 931 3202 quidquid
953 3127 1037 3201 velit,
1055 3127 1085 3185 id
1100 3141 1214 3200 semper
1231 3125 1280 3184 bo-

232 3229 302 3275 nnm
318 3215 353 3274 ad
368 3229 461 3273 mores
474 3215 550 3288 quod
575 3215 674 3273 attinet
700 3229 762 3272 esse
777 3213 888 3272 debeat.
905 3213 1015 3271 Etenim
1036 3211 1145 3270 malum
1168 3210 1277 3268 morale

230 3301 340 3360 uillam
353 3300 493 3360 rationem
507 3303 730 3358 consentaneam
745 3297 831 3356 habet
847 3312 899 3357 cur
913 3302 1033 3368 ametur,
1052 3297 1102 3356 sed
1118 3301 1225 3355 tuntum
1241 3301 1279 3353 ut

231 3385 294 3445 odio
309 3386 354 3446 sit.
373 3386 465 3454 Onera
478 3399 545 3444 cum
561 3385 597 3443 ad
611 3383 816 3458 perlectionem
830 3383 984 3442 voluntatis
998 3387 1106 3456 spectet
1119 3381 1150 3441 in
1164 3381 1281 3441 obiecta

231 3472 387 3530 secundum
403 3469 568 3530 eorumdem
578 3473 711 3527 naturam
722 3470 805 3542 terri3
818 3469 943 3542 perlecta
952 3468 1082 3527 voluntas
1093 3465 1193 3541 nequit
1202 3466 1278 3525 eiua

232 3557 309 3614 modi
322 3557 432 3615 malum
449 3569 507 3613 non
522 3554 625 3613 odisse.
643 3554 722 3622 Quod
737 3554 762 3612 si
777 3558 872 3613 creata
886 3553 1003 3613 libertas
1018 3553 1049 3611 in
1063 3553 1135 3612 illud
1150 3552 1279 3626 qnando·

235 3651 291 3711 que
306 3653 336 3698 se
349 3641 476 3713 inclinat,
493 3639 521 3698 id
532 3655 570 3698 cn
584 3641 674 3714 ipsius
689 3639 885 3700 imbecillitate
900 3639 1098 3714 proficiscitur,
1115 3644 1166 3697 aut
1175 3653 1212 3696 ex
1226 3637 1279 3696 lal-

233 3721 290 3781 laci
304 3723 408 3784 iudicio
422 3725 536 3800 mentis
549 3739 604 3799 quo
615 3725 679 3798 quis
695 3725 770 3798 quod
785 3729 928 3800 turpeest,
941 3724 998 3783 sibl
1012 3737 1169 3797 congruere
1179 3723 1281 3796 opina-

233 3811 288 3866 tur.
305 3807 339 3865 tt
351 3822 418 3869 curn
432 3811 506 3870 Deus
520 3825 613 3884 neque
627 3807 727 3868 iudicii
742 3823 846 3879 errore,
863 3818 917 3870 nec
931 3810 1000 3870 nitio
1014 3808 1169 3870 voluntatis
1184 3814 1281 3882 turpa-

232 3887 259 3951 ri
273 3893 371 3967 possit,
386 3895 496 3956 malurn
509 3896 616 3954 morale
627 3899 763 3969 appetere
778 3896 893 3971 neqmt,
908 3895 977 3957 licet
990 3895 1023 3959 in
1035 3895 1101 3958 aliis
1114 3894 1152 3957 olt
1166 3893 1282 3956 occulta

233 3975 285 4042 sed
298 3975 373 4040 iusta
386 3978 505 4040 consilio
518 3979 682 4052 permittere
695 3979 796 4055 possit.
