2767 4492
518 305 766 358 mcourououm
1115 295 1170 360 aia

121 389 236 469 negatio
249 399 384 470 sequeret
401 395 578 470 poaih'ouem.
599 396 641 456 iix
654 397 770 455 uoh'oue
789 395 877 468 igitur
895 394 1013 454 effectus
1028 394 1168 456 evolvitur

120 480 199 538 notio
217 480 378 554 exigentiae
399 480 548 540 cuiusdam
567 496 670 540 caume
691 496 765 554 quae
785 480 827 538 iiii
847 480 1030 540 existentiam
1051 479 1166 540 tribuat.

120 562 193 636 Ergo
205 563 237 622 iu
248 564 398 638 principio
415 564 602 624 musolitutis
615 581 654 623 ex
667 564 782 623 notione
800 563 921 642 subiecti
936 565 1075 624 evolvitur
1093 564 1170 623 notio

119 647 292 722 praedicati3
308 650 385 724 quod
399 650 557 724 peripsum
572 650 646 710 liant
658 649 807 724 proprium
820 655 863 708 est
877 649 1049 711 iudiciorum
1068 649 1166 722 analy-

120 731 252 792 ticorum.

297 903 450 980 Exempto,
464 921 542 982 quoe
558 905 633 966 Kout
648 905 781 979 adducit,
798 905 985 979 refelluntur.

154 1073 199 1133 ei.
210 1073 244 1134 iit
251 1073 366 1148 plenius
374 1075 449 1134 liant
457 1075 607 1149 rehrtehm
619 1075 759 1150 optimum
774 1076 851 1134 iactu
861 1075 916 1134 erit
929 1076 1060 1150 exempta
1070 1076 1167 1150 etiam,

113 1171 191 1231 quiae
206 1173 243 1219 ex
257 1159 378 1234 unguis
392 1160 502 1234 promit·
511 1160 648 1232 scientiis,
663 1160 695 1218 iu
712 1175 834 1218 examen
845 1159 994 1220 adducere.
1006 1162 1031 1219 is
1040 1161 1127 1234 igitur
1137 1161 1169 1220 in

113 1242 219 1316 primia
234 1245 337 1303 asserit
349 1246 502 1304 mathesim
516 1261 619 1321 puram
634 1246 665 1303 iu
678 1245 793 1304 iudiciis
807 1245 973 1319 syntheticis
989 1261 1006 1304 a
1021 1245 1108 1320 priori
1128 1251 1168 1305 to·

114 1332 176 1386 tum
192 1330 313 1402 versam
330 1331 518 1404 producitqus
531 1331 697 1404 exemptum
711 1346 763 1403 pro
772 1329 1082 1388 hrithmeticaeiiatum
1097 1331 1165 1388 hoc:

113 1413 443 1490 quinqueptusseptcm
457 1424 588 1490 coquunt
603 1414 774 1486 duodecim
790 1414 866 1488 quod
877 1413 1017 1473 iudicium
1032 1414 1101 1472 dicit
1111 1429 1170 1472 nou

115 1513 181 1558 esse
194 1499 382 1575 empiricam,
397 1500 503 1574 quippe
517 1515 583 1559 cum
597 1500 727 1559 notitiam
743 1500 859 1559 omniuo
874 1499 1066 1558 necessariam
1081 1499 1169 1557 conti-

115 1588 194 1642 neat.
210 1585 347 1644 Necesse
364 1585 553 1658 analyticum
574 1586 643 1659 quia
660 1586 775 1644 numeri
797 1584 921 1643 duodeni
942 1588 1097 1657 conceptus
1111 1598 1169 1641 non

115 1667 179 1728 ideo
194 1675 290 1728 mente
305 1669 484 1742 informatur,
497 1671 571 1744 quod
583 1677 714 1744 septenos
725 1671 883 1743 quinosque
894 1668 980 1727 simui
992 1670 1105 1727 iunctos
1115 1667 1170 1726 col·

114 1752 273 1828 ligatosque
287 1754 453 1828 cogitemus.
470 1754 524 1813 Sed
538 1769 609 1828 opus
624 1769 686 1813 esse
706 1753 746 1812 eit
761 1769 891 1812 summac
905 1752 982 1812 illius
998 1761 1169 1826 conceptum

116 1837 354 1914 desereremus
368 1840 405 1898 ad
419 1845 570 1898 externum
585 1840 710 1912 migrare
725 1839 942 1910 adminiculum
954 1838 1079 1897 velutad
1096 1837 1168 1912 digi-

117 1927 161 1981 tos
174 1924 278 1996 quinos
291 1925 388 1983 autad
397 1929 505 1998 puncta
512 1925 614 1998 quina3
631 1924 714 1982 cuius
724 1923 848 1997 quinarii
860 1923 983 1982 unitates
992 1923 1168 1998 pedetentim

117 2009 277 2080 septenario
291 2008 458 2068 adiicientes
471 2010 637 2069 duodenum
652 2025 805 2068 uumemm
816 2025 853 2067 ex
865 2008 922 2067 iltis
933 2009 1092 2068 coalescere
1103 2023 1169 2069 cou-

119 2096 259 2152 tueemur.
275 2093 328 2152 Pro
342 2095 502 2154 Geometria
515 2110 583 2154 reru
596 2095 705 2169 proteri
719 2095 934 2168 pronuntiatum
949 2094 1018 2153 hoc:
1037 2093 1114 2152 tinec
1124 2109 1170 2152 ce·

119 2183 168 2235 ctu
177 2186 217 2236 ert
226 2180 363 2238 omninum
372 2179 554 2254 breuissima,
566 2195 644 2254 quae
658 2180 737 2238 tour
751 2179 809 2238 duo
820 2179 893 2238 dcta
901 2186 1015 2254 punctu
1025 2178 1094 2236 duci
1104 2193 1169 2252 pos·

117 2260 188 2319 sint.
207 2263 265 2321 iioc
280 2277 336 2323 uon
351 2277 414 2322 esse
429 2263 568 2323 iudicium
582 2265 758 2340 analyticum
772 2265 839 2323 iude
854 2264 962 2338 probat,
976 2264 1052 2338 quod
1067 2279 1082 2322 a
1098 2277 1165 2321 con·

118 2351 204 2420 cepto
212 2346 292 2421 recti,
308 2347 357 2422 qui
368 2349 404 2406 ad
415 2349 580 2423 qualitatem
595 2351 727 2424 pertinet,
739 2349 804 2408 elici
819 2357 943 2424 nequeat
953 2349 1031 2408 notio
1043 2347 1167 2406 brevito-

119 2430 168 2502 tir,
184 2434 429 2507 praesperasse
442 2435 639 2508 quantitatem.
657 2435 831 2509 Proindeque
847 2437 935 2494 etiam
953 2433 1000 2492 hic
1016 2448 1087 2507 opus
1103 2445 1168 2490 esse

119 2513 160 2572 uit
173 2514 281 2574 visione
294 2517 407 2591 aliqua,
424 2534 497 2593 quae
511 2520 553 2579 roi
568 2526 738 2594 conceptum
753 2521 839 2579 iuvet.
856 2519 963 2579 Deinde
982 2517 1082 2576 asserit
1097 2516 1168 2590 Phy-

117 2599 200 2658 sicua.
209 2600 304 2675 etiam,
320 2603 433 2678 ipsique
449 2605 654 2680 idetaphysicae
668 2606 776 2665 iudicia
789 2606 883 2664 inesse
895 2603 1054 2678 syntheticu
1065 2602 1165 2676 aprio

116 2683 152 2756 ri,
169 2687 357 2762 exemplaque
371 2687 454 2747 effert
467 2690 497 2749 in
512 2690 639 2764 physicis
653 2691 710 2750 duo
725 2692 797 2749 haec
811 2691 1010 2763 pronuntiate:
1023 2689 1056 2746 iu
1072 2687 1168 2746 cumi·

117 2768 171 2826 hus
185 2773 401 2832 mutationibus
414 2775 524 2832 mmcdi
537 2775 670 2849 corporei
683 2775 785 2833 ecdem
798 2782 898 2832 montet
912 2773 1056 2830 materiae
1071 2786 1168 2843 quau·

117 2853 201 2928 titus,⁸
217 2861 260 2915 et:
275 2857 310 2914 ic
323 2858 427 2930 quouis
440 2867 525 2916 motu
539 2857 784 2916 communicando
799 2859 874 2915 actio
885 2865 911 2914 ct
921 2856 1029 2914 coactio
1041 2861 1082 2912 est
1096 2867 1169 2911 sena

111 2951 168 3012 per
186 2940 331 3013 aequatis.
349 2941 379 2997 iu
393 2942 596 3014 metaphysicis
610 2957 679 2998 reru
700 2941 815 2998 adducit
829 2939 1051 3013 propositionem
1073 2936 1165 2995 hauc:

114 3021 250 3081 madidus
265 3023 429 3094 aliquando
440 3024 613 3099 priuaordic
627 3025 732 3098 ceperit
749 3031 913 3082 accusem
928 3025 952 3080 ⁴.

151 3105 257 3164 Verum
270 3105 426 3181 enimvero,
443 3121 513 3180 pace
526 3107 653 3165 hominis
667 3107 804 3181 peracuti,
817 3109 888 3168 haec
904 3109 1057 3167 admodum
1072 3106 1168 3166 iutilia

115 3194 198 3265 suut,
216 3193 245 3251 et
258 3207 317 3251 uon
333 3196 391 3250 tam
405 3193 442 3251 ad
455 3192 703 3266 ratiocinandum,
721 3209 808 3268 quam
823 3193 859 3252 ad
874 3193 1067 3253 cariltandum
1082 3207 1167 3251 erco-

115 3279 213 3351 giteta.
230 3279 271 3337 hd
284 3278 409 3353 primum
423 3279 501 3338 enim
515 3280 592 3354 quod
606 3285 716 3353 athuet
727 3296 840 3342 summe
856 3283 918 3342 iila:
937 3277 1168 3352 7÷5=12,m-

116 3363 225 3424 dicium
233 3369 330 3440 aperte
341 3366 537 3441 comptectitur
552 3366 736 3441 analyticum.
748 3367 878 3428 Patentsr
888 3369 965 3427 eninr
975 3375 1094 3442 uterque
1105 3367 1168 3424 eius

116 3449 255 3509 terminus
268 3451 389 3510 eandem
407 3451 502 3511 ideam
521 3453 662 3526 continet,
680 3469 784 3528 nempe
805 3455 943 3514 unitatem
962 3454 1007 3512 his
1027 3459 1055 3511 et
1070 3452 1166 3510 decies

117 3541 301 3610 assumptam,
318 3537 370 3596 etsi
385 3537 497 3597 diversa
510 3537 646 3598 relatione
661 3543 690 3597 et
704 3539 779 3614 signi
794 3539 978 3614 expressione
993 3537 1162 3598 exhibitam.

117 3617 151 3676 ht
164 3635 233 3679 sene
246 3621 287 3680 ihi
302 3621 463 3682 subiectum
477 3623 550 3683 nihii
564 3629 607 3683 est
621 3623 699 3684 aliud
714 3625 770 3685 nisi
785 3626 980 3700 praedicatum
993 3625 1024 3684 in
1039 3624 1095 3682 duo
1110 3622 1166 3682 ele

116 3709 214 3764 menta
227 3708 396 3783 resolutum3
413 3709 556 3784 siquidem
570 3718 677 3786 septem
691 3716 720 3770 et
733 3711 866 3786 quinque
879 3725 939 3771 non
954 3709 1031 3769 atiud
1046 3713 1112 3770 sunt
1121 3709 1165 3770 ni·

162 3887 176 3936 t
195 3891 286 3944 critico
304 3895 414 3948 micus
425 3909 511 3960 m.
528 3893 603 3946 heus
621 3895 649 3946 v.
