2767 4492
221 283 273 344 300
551 296 779 344 unrmnrsrcxa
790 294 937 344 aramum

255 382 275 440 l.
293 381 399 442 Causae
413 385 526 441 creatae
541 383 610 440 satis
624 397 766 455 superque
781 397 819 441 ex
832 382 890 440 Deo
904 381 1029 455 pendere
1042 381 1224 456 cogimntur,
1242 380 1268 443 si

222 466 333 541 abipso
348 466 531 526 existentiam
545 471 573 524 et
592 466 650 525 vim
670 466 772 540 agend
791 465 966 540 suscipiant,
983 466 1052 539 quin
1072 481 1145 526 novo
1165 472 1271 540 egeant

222 551 448 625 adoperandum
466 550 588 609 inlluxu.
609 551 681 624 Ergo
703 566 859 610 concursus
878 550 927 609 bic
947 550 1131 609 immediatus
1150 551 1269 612 omnino

223 634 376 695 redundat.

258 719 290 778 ll.
308 719 337 777 Si
351 719 424 780 Deus
438 720 470 779 in
484 721 610 780 actiones
625 726 820 781 creaturarum
834 722 984 794 influeret,
999 722 1055 781 bae
1070 722 1212 781 actionem
1224 738 1270 782 re

224 799 351 873 ciperent
363 797 422 859 bon
436 800 580 862 elicerent.
597 801 745 860 tatianam
759 801 846 875 igitur
860 802 1092 862 destituerentur.

215 906 216 912 ¹
258 884 302 943 lll.
319 884 410 944 Posito
425 900 564 944 concursu
579 886 649 960 ilci,
665 901 770 946 causae
785 886 927 946 secundae
942 892 1089 960 nequeunt
1101 901 1160 946 non
1174 902 1269 960 agere.

224 968 305 1028 Nulla
319 985 386 1043 ergo
401 969 519 1030 libertas
534 976 712 1046 superesset,
734 971 853 1045 quaein
872 977 1012 1046 potestate
1031 971 1135 1044 agendi
1154 971 1200 1030 vel
1213 987 1272 1031 nou

225 1053 329 1128 agendi
341 1054 395 1112 sita
410 1060 462 1114 est.

261 1139 344 1212 desp.
362 1139 474 1200 Falsum
489 1143 606 1202 omnino
621 1157 683 1201 esse
697 1143 912 1216 pmnuntiatum
925 1142 1064 1216 primum.
1086 1141 1120 1199 Ut
1134 1141 1214 1200 enim
1227 1156 1271 1199 ar·

226 1229 362 1298 gumanta
376 1240 463 1298 snpra
476 1242 493 1284 a
508 1226 595 1285 nobis
605 1227 716 1301 prolata
729 1227 886 1299 declarant,
897 1241 997 1285 rerum
1006 1231 1169 1285 creatarum
1177 1225 1272 1284 condi·

227 1307 266 1366 tio
280 1307 335 1366 fert
351 1314 381 1368 ut
395 1325 452 1369 non
467 1311 551 1369 modo
566 1311 749 1372 existentiam
764 1317 792 1370 et
806 1311 883 1370 vires
896 1311 1032 1385 agendis
1046 1311 1103 1369 beo
1117 1310 1270 1384 recipiant,

227 1393 277 1450 sed
291 1393 377 1453 etiam
388 1400 418 1453 ut
427 1395 459 1453 in
469 1395 589 1468 singulis
599 1396 760 1470 quibusque
777 1395 936 1454 actionibus
951 1401 1017 1454 actu
1032 1394 1178 1453 iuvenuit.
1195 1393 1273 1461 Quod

228 1477 294 1552 quia
309 1478 377 1537 satis
391 1495 429 1538 cx
443 1479 527 1539 dictis
540 1479 672 1553 innotuit,
691 1480 809 1560 ulterius
823 1480 988 1538 confirmari
1002 1493 1061 1537 non
1074 1483 1148 1552 eget.

264 1563 394 1622 Secunda
410 1577 478 1622 vero
493 1564 646 1623 dillicultas
660 1580 699 1623 ex
713 1564 777 1638 ipsa
791 1563 980 1624 concurrendi
992 1579 1081 1636 voce,
1097 1578 1155 1637 qua
1169 1563 1215 1623 usi
1229 1578 1274 1621 su·

228 1661 312 1720 mus,
328 1647 477 1707 retntatur.
492 1649 563 1708 Nam
578 1648 668 1708 Deum
685 1665 745 1709 non
766 1665 894 1709 seorsum
916 1654 945 1707 et
962 1649 1047 1707 unice
1067 1648 1189 1708 intinere
1203 1647 1276 1706 dixi-

229 1747 312 1804 mus,
331 1733 380 1790 sed
394 1749 452 1792 una
467 1748 533 1791 cum
548 1735 685 1793 creaturis
700 1749 869 1794 concrurere
883 1733 982 1807 eisque
1000 1733 1038 1791 ad
1058 1731 1202 1806 agendum
1214 1732 1273 1805 opi-

230 1815 324 1874 tulari.
343 1817 421 1884 Quod
436 1817 552 1891 quidem
567 1834 628 1877 non.
638 1825 723 1892 esset,
735 1819 761 1878 si
775 1819 921 1878 creaturae
935 1817 964 1876 vi
979 1816 1035 1876 sibi
1049 1817 1168 1888 interna,
1185 1830 1275 1889 qnam

231 1915 248 1957 a
267 1899 323 1958 lieo
339 1902 481 1961 creatione
495 1909 684 1977 acceperunt,
701 1903 894 1964 adactionem
915 1902 996 1961 illam
1009 1915 1066 1961 non
1080 1905 1193 1959 actuose
1207 1913 1277 1958 con·

232 1983 349 2044 terrent.
371 1986 477 2054 Quotus
490 1993 586 2046 autem
601 1987 722 2061 quisque
736 1987 843 2060 estqui
857 2002 915 2045 non
928 1987 1025 2048 videat
1035 1983 1107 2043 nihil
1118 1982 1273 2042 activitatis

231 2067 297 2128 inde
312 2069 442 2143 detrahi,
459 2071 535 2144 quod
556 2071 684 2130 alliciens
706 2070 820 2129 tinitrrm
842 2085 926 2143 opem
946 2068 1099 2145 superioris
1119 2081 1225 2126 causae
1238 2066 1277 2124 ad

167 2153 171 2162 '
230 2155 406 2232 operandum
421 2156 579 2215 adsciscat?
596 2158 639 2215 An
653 2171 720 2216 vero
735 2155 851 2214 arbores
865 2161 894 2214 et
908 2171 995 2214 omne
1010 2154 1173 2228 plantarum
1186 2166 1278 2225 genus

232 2236 373 2297 actionem
387 2240 497 2298 nullam
511 2246 664 2310 exercent,
680 2245 830 2315 propterea
844 2239 938 2313 quod,
957 2238 1014 2297 nisi
1030 2237 1090 2296 sole
1108 2236 1275 2308 foveantur,

234 2321 318 2381 liores
332 2323 478 2383 effundere
491 2329 541 2384 aut
554 2324 664 2384 tructus
677 2339 815 2398 generare
828 2338 887 2384 non
901 2322 1032 2396 possuntt
1046 2320 1199 2380 &inisero
1208 2319 1277 2378 acti·

233 2406 307 2466 vitas
322 2423 380 2466 non
394 2409 509 2483 ponitur
523 2409 642 2483 innoc,
661 2414 692 2468 ut
707 2408 835 2482 superior
850 2423 937 2467 causa
949 2407 1030 2467 nulla
1043 2405 1213 2477 subveniat,
1230 2403 1279 2463 sed

211 2488 219 2496 “
234 2497 266 2550 ut
280 2492 410 2552 alliciens
424 2493 460 2552 ad
474 2493 616 2568 agendum
631 2497 747 2553 actuose
766 2492 890 2567 intluat,¹
909 2492 985 2566 qnod
1002 2491 1119 2565 quidem
1140 2503 1280 2548 concursu

235 2575 343 2636 altioris
358 2593 460 2638 causae
475 2594 532 2637 non
547 2582 721 2638 removetur.-

271 2662 408 2738 lleniqne,
420 2664 496 2738 quod
510 2663 593 2723 tertio
609 2662 753 2723 obiectum
767 2667 820 2736 est,
829 2664 937 2738 duplici
948 2663 1058 2723 ratione
1072 2660 1209 2721 vanescit.
1226 2658 1280 2718 Pn'·

235 2761 335 2821 mum,
353 2747 420 2821 quia
435 2764 589 2808 concursus
605 2749 719 2808 anobis
734 2749 894 2808 adsmrctus
909 2748 1077 2808 indifferens
1098 2745 1183 2821 plane
1196 2749 1241 2802 est
1253 2745 1281 2801 et

238 2831 411 2892 voluntatem
426 2833 506 2892 iuvat
520 2838 649 2908 tantum,
667 2839 697 2892 at
710 2833 832 2893 minime
845 2849 896 2907 per
914 2849 945 2891 se
965 2833 1115 2891 dumtaxat
1129 2831 1166 2888 ad
1180 2828 1281 2888 altern-

238 2921 310 2974 tram
326 2917 448 2990 optionis
462 2923 572 2992 partem
587 2918 714 2993 inclinas
730 2919 781 2978 sed
792 2917 955 2978 huiusmodi
970 2915 1170 2976 determinatio
1183 2930 1223 2972 ex
1236 2928 1282 2972 vo

237 3000 354 3058 luntatis
369 3003 507 3062 arbitratu
522 3005 656 3078 procedit.
678 3005 804 3078 Deinde,
821 3001 889 3078 quia
904 3003 1044 3062 actionem
1058 3001 1212 3061 voluntatis
1226 3013 1284 3056 nou

239 3087 390 3145 antevertit
403 3089 453 3146 sed
475 3090 634 3149 comitatur.
657 3091 749 3158 Quare
767 3105 923 3149 concursus
938 3088 987 3147 liei
1008 3086 1126 3162 cogitari
1140 3084 1241 3157 nequit
1253 3086 1285 3141 ut

239 3176 304 3230 actu
319 3171 445 3246 positus,
463 3175 533 3248 quin
547 3175 601 3234 boc
621 3175 683 3249 ipso
706 3190 762 3233 uua
783 3174 868 3233 simul
890 3174 1027 3246 cogitetur
1049 3172 1140 3230 libera
1153 3167 1285 3227 determi-

240 3257 327 3324 natio,
342 3272 413 3331 qnae
424 3259 603 3318 avolantatis
618 3265 730 3318 creatae
743 3259 857 3333 optione
871 3259 1076 3332 proficiscatur.
1094 3252 1286 3324 Quamobrem

196 3387 204 3404 .
239 3342 394 3400 necessitas
407 3343 540 3403 illationis
553 3343 630 3403 illius
644 3343 832 3416 consequitur.
841 3359 899 3402 non
910 3341 1052 3401 antecedit
1065 3336 1237 3402 exercitium
1252 3334 1288 3393 li-

240 3426 366 3501 bematis,
383 3428 452 3502 quia
465 3429 497 3487 iu
512 3434 622 3487 tantum
637 3429 727 3502 posito
742 3442 882 3486 concursu
897 3428 996 3501 nequit
1004 3442 1062 3487 non
1072 3425 1141 3500 poni
1156 3421 1243 3492 aedo,
1254 3418 1286 3477 in

242 3523 380 3583 quantum
395 3512 443 3571 illa
458 3512 517 3572 iam
530 3513 620 3572 libere
635 3513 785 3572 emersisse
800 3513 968 3587 concipitur.

278 3596 417 3657 instabis:
443 3596 467 3656 si
482 3591 556 3656 Deus
571 3598 681 3656 actione
696 3613 748 3657 sua
762 3600 793 3658 in
808 3597 966 3673 quamlibet
978 3596 1173 3671 operationem
1186 3591 1288 3652 inilue

242 3685 303 3754 ret,
321 3689 418 3743 auctor
432 3682 541 3757 peccati
555 3682 704 3742 habendus
717 3689 800 3742 esset.
824 3683 975 3757 Flagitiosa
988 3683 1067 3742 enim
1080 3681 1175 3753 actio,
1190 3691 1289 3751 qnem-

242 3767 396 3828 edmodum
412 3767 548 3827 voluntati
569 3775 679 3832 creatae
695 3767 846 3841 tribuitur,
863 3768 905 3827 sic
923 3769 1011 3828 etiam
1024 3767 1081 3826 ileo
1098 3766 1131 3824 in
1151 3762 1291 3835 calippo
1372 3778 1373 3781 ¹

243 3853 317 3913 cnosi
340 3853 490 3996 tribuenda
508 3857 592 3920 esset.
612 3853 644 3915 ld
663 3867 732 3914 vcro
750 3853 864 3916 dinosa
882 3854 1028 3916 meritati
1045 3852 1230 3914 vehementer
1243 3859 1292 3905 rs·

245 3953 340 4012 pugna
354 3982 361 3998 .
