2767 4492
234 289 272 352 tid
306 351 313 356 ,
674 293 837 344 ammaum

232 389 326 466 priaep
342 400 396 448 nec
410 395 476 445 cum
489 375 613 460 peritum
627 397 744 456 corpore
758 383 911 456 intereunt,
932 380 982 443 sed
1002 386 1099 459 utpote
1118 381 1283 459 spirituales

233 473 349 534 omnino
366 471 398 531 in
418 469 571 548 immortali
586 469 682 527 onimo
704 472 840 542 perpetuo
859 467 995 528 resident.
1025 469 1083 528 liae
1103 476 1199 530 autem
1222 489 1285 532 non

233 562 301 618 sunt
314 555 387 614 aliae
400 553 455 613 nisi
474 553 633 613 intellectus
656 557 685 612 et
707 545 848 626 uoluntas
864 567 986 626 quarum
1009 553 1086 630 prior
1104 551 1189 629 plene
1213 571 1285 631 qiua·

232 643 299 702 dam
312 645 342 700 et
355 639 462 698 duecte
481 635 719 709 contemplatione
742 652 908 711 supremum
922 634 993 698 illud
1009 638 1114 698 lterum
1136 640 1283 714 amplecti-

234 734 288 800 tur,
304 727 335 785 in
349 740 405 798 quo
420 721 557 798 quidquid
571 719 698 782 veritatm
713 726 757 781 est
777 722 1004 782 eminentissima
1021 723 1131 782 ratione
1154 725 1282 784 contine

229 819 286 884 tur3
302 809 390 868 altera
404 805 636 881 tranquillissimo
651 821 748 866 amore
763 806 834 865 tanti
849 805 933 881 boni,
949 807 1052 882 inquo
1071 807 1281 882 perfectissime

231 894 357 955 cernitur
370 891 508 967 quidquid
526 895 607 950 extra
630 889 725 965 ipsum
739 890 897 950 bonitatem
918 891 1084 967 imperfecte
1108 892 1281 966 participat,

227 978 378 1050 mulcetur,
395 981 423 1036 et
441 979 581 1036 immenso
598 975 722 1049 quodam
745 975 848 1049 gaudio
866 981 981 1050 propter
1003 977 1183 1050 adeptionem
1205 975 1283 1037 hanc

229 1079 288 1123 non
302 1059 476 1120 defecturam
490 1059 678 1134 perfunditur.
696 1060 787 1128 Quare
802 1075 868 1118 cum
883 1060 1003 1120 felicitas
1022 1060 1147 1120 hominis
1161 1059 1280 1121 obiecti-

231 1163 266 1208 ve
280 1143 341 1220 ipse
356 1145 469 1203 tandem
485 1145 520 1203 sit
534 1144 623 1218 Iteus3
643 1148 721 1218 patet
735 1143 860 1217 profecto
874 1142 1004 1204 animum
1022 1143 1196 1218 humanum,
1213 1161 1282 1204 cum

230 1227 372 1291 felicitatis
386 1243 482 1287 amore
497 1228 600 1304 iugiter
618 1227 803 1301 sollicitatur,
824 1229 856 1287 in
870 1229 977 1303 Deum,
1008 1229 1075 1289 licet
1095 1229 1126 1287 id
1140 1229 1212 1288 forte
1232 1244 1282 1290 ne

232 1312 617 1388 sciat,reverotendc1e,et
640 1311 756 1372 nonnisi
781 1313 885 1373 erroris
899 1314 1075 1373 admixtione
1094 1320 1124 1373 et
1142 1313 1283 1374 libertatis

231 1400 334 1472 abusu,
346 1398 455 1472 quoties
469 1397 500 1455 in
515 1397 570 1456 atio
585 1396 695 1455 obiecto
709 1397 798 1456 tinem
813 1413 898 1457 suum
913 1391 1075 1471 tonstituit,
1093 1397 1175 1458 alteo
1189 1398 1282 1470 tdetio-

231 1490 316 1544 ciere.
332 1483 421 1556 Atque
434 1481 507 1540 haec
521 1485 579 1539 tam
594 1479 725 1540 sublimis
738 1483 843 1541 veritas
859 1482 916 1556 ipsi
929 1482 1052 1555 Platoni,
1079 1482 1145 1541 iicet
1168 1481 1278 1542 lumine

231 1565 466 1640 dioecesium,
484 1561 588 1638 illuxit
609 1565 659 1639 qui
673 1580 838 1638 supremam
847 1565 972 1624 hominis
986 1566 1152 1624 felicitatem
1169 1565 1201 1624 in
1213 1582 1282 1626 con·

230 1647 413 1725 temptatione
426 1648 552 1722 reposuit
567 1649 671 1708 summi
689 1649 758 1708 boni
772 1649 957 1735 universalis,
974 1666 1049 1725 quae
1068 1666 1125 1710 non
1145 1650 1281 1726 caliganti

230 1735 299 1794 huic
313 1747 382 1793 aevo
397 1732 576 1807 concedatur,
586 1733 637 1793 sed
646 1733 777 1793 animum
790 1730 1052 1810 corporo‘eolutnm
1065 1735 1098 1795 in
1115 1737 1278 1810 perennita-

229 1823 259 1880 te
273 1817 470 1880 ricemerem
485 1817 511 1878 t.

571 1980 947 2065 Solvucetcrdisficoltotes.

271 2149 313 2220 15.
331 2156 407 2228 Ouee
421 2150 627 2233 disputavimus
641 2173 713 2234 rem,
727 2157 764 2220 de
778 2161 835 2235 qda
853 2158 980 2236 ammos,
998 2159 1068 2222 satis
1085 2173 1225 2237 superque
1248 2155 1282 2223 in

232 2244 297 2306 luce
310 2249 427 2320 ponunt3
444 2243 629 2303 nihilominus
650 2250 841 2320 opportunum
859 2246 914 2305 erit
934 2246 1148 2308 difficultatibus
1170 2247 1282 2307 satisfa-

137 2397 141 2404 ,
233 2344 312 2404 cere,
338 2345 412 2404 quae
435 2329 508 2388 torto
532 2343 570 2399 en
591 2328 775 2403 opinionibus
799 2329 882 2390 nobis
907 2330 1123 2391 adversantibus
1151 2324 1281 2407 depromi

232 2418 413 2572 poiiiiiiitor
426 2497 446 2560 Ι.
462 2513 514 2574 pro
528 2481 671 2574 rolup'tote
687 2499 752 2574 quis
763 2506 872 2575 urguet:
888 2499 966 2560 linis
976 2497 1094 2561 ultimus
1105 2502 1134 2562 in
1145 2516 1179 2562 eo
1197 2517 1280 2576 repo

143 2615 148 2622 -
233 2585 321 2658 nitur,
337 2589 519 2658 quopropter
533 2599 564 2642 se
579 2584 789 2657 concupiscitur
803 2591 832 2644 et
845 2585 881 2643 ad
896 2586 972 2659 quod
981 2587 1075 2645 omnis
1088 2586 1214 2660 operatio
1228 2587 1280 2645 ho·

232 2667 319 2729 minis
329 2667 426 2728 tendit.
439 2667 520 2742 dtqui
536 2668 600 2728 tatis
615 2667 802 2743 estvolnptas.
819 2669 928 2729 iitsane
939 2671 1066 2744 voluptas
1080 2671 1115 2728 od
1125 2666 1202 2727 atiud
1219 2686 1280 2729 non

233 2753 388 2827 ordinatum
401 2752 553 2814 ridiculum
567 2753 645 2813 enim
659 2759 733 2814 esset
747 2770 884 2828 quaerere
907 2771 958 2816 cur
978 2755 1040 2829 qun
1053 2752 1185 2813 delectari
1194 2755 1277 2814 uelit.

278 2951 290 3000 l
308 2951 369 3000 llaec
384 2950 482 3004 Platonis
500 2954 631 3000 sententiam
649 2952 676 3000 de
691 2951 803 3019 felicitate,
819 2967 875 3017 quaa
888 2951 912 3000 in
928 2951 1110 3017 mntemplationc
1123 2949 1176 2998 toni
1190 2951 1280 3001 astru·

183 3053 186 3064 ·
231 3025 283 3076 salis
294 3028 406 3090 consistat,
417 3042 532 3092 perperam
545 3027 648 3076 refutavit
660 3031 794 3078 Aristoteles.
808 3029 843 3076 illi
858 3031 918 3077 euim
932 3030 1014 3077 obiecit
1027 3028 1111 3077 nnllam
1124 3043 1172 3075 me
1184 3027 1280 3075 tecnam

231 3102 377 3151 unitemism
392 3103 504 3168 bonitatis,
524 3119 589 3166 qnam
603 3105 690 3167 singula
704 3106 762 3153 bona
775 3106 915 3170 puticularia
929 3106 1070 3169 participent,
1089 3111 1111 3151 et
1126 3119 1180 3166 puae
1195 3104 1279 3150 alsstra·

231 3181 266 3226 eta
280 3193 305 3226 cx
320 3177 373 3242 ipsis
391 3179 497 3240 cogitetur
516 3185 625 3243 umquam
647 3182 838 3245 contemplationis
858 3182 986 3245 obiectum,
1003 3180 1042 3227 set
1061 3178 1147 3241 sinpula
1164 3178 1279 3226 individea

231 3255 320 3318 propria
335 3259 356 3302 ot
371 3255 475 3319 peculiari
491 3255 587 3321 bonitate
603 3257 729 3304 subsistere.
741 3257 823 3304 Verum
833 3257 1020 3320 interpretationis
1034 3270 1108 3303 errore
1122 3253 1225 3318 deeeptus
1235 3259 1277 3318 cst,

231 3331 356 3378 onistmans
374 3331 485 3378 Platonem
504 3331 531 3378 de
545 3331 652 3380 abstemia
671 3332 766 3395 quadam
782 3333 880 3391 punitate
897 3333 967 3379 lemos
983 3331 1099 3394 loquatium
1115 3330 1177 3394 cpias
1191 3344 1225 3376 res
1239 3329 1279 3375 ia-

194 3419 196 3422 ·
230 3405 341 3470 dividuae,
357 3422 412 3468 quse
426 3411 507 3470 extant,
525 3408 641 3471 participes
657 3409 711 3454 sint.
727 3407 788 3463 Quod
804 3407 869 3470 lonpe
883 3423 896 3454 a
911 3407 1008 3455 Platonis
1026 3409 1101 3453 mente
1116 3402 1218 3467 ttsoedit,
1240 3402 1279 3466 qai

230 3499 276 3530 non
291 3483 373 3530 Murum
388 3482 519 3529 mustacium
534 3483 573 3530 sed
586 3489 711 3532 concretum
727 3489 749 3531 ct
763 3485 829 3548 reale,
842 3501 951 3532 summum
965 3489 1039 3530 umen
1054 3487 1077 3530 et
1090 3481 1196 3529 eminenti
1211 3480 1280 3526 ratio·

230 3573 260 3605 ne
274 3567 361 3606 omnem
376 3557 494 3605 bonitatem
510 3557 657 3624 amplectens,
676 3559 824 3624 intelligebat3
840 3560 897 3623 quod
912 3558 972 3607 alind
986 3557 1084 3623 profecto
1101 3571 1146 3604 non
1164 3560 1215 3619 est,
1234 3553 1281 3601 nist

231 3633 298 3680 Dens.
315 3633 385 3697 Atque
398 3631 439 3680 hoc
455 3649 520 3682 sensu
534 3635 606 3698 ipsum
619 3632 756 3700 interpretati
770 3639 823 3683 sent
836 3652 849 3682 e
863 3635 901 3683 88.
917 3633 1019 3684 Patrllrns
1035 3648 1079 3681 non
1095 3631 1169 3696 pauci,
1186 3630 1210 3678 ct
1224 3637 1283 3677 erd-

232 3707 353 3755 ditissimus
367 3709 481 3756 Besseriou
495 3710 519 3756 in
534 3725 598 3772 opere
612 3715 688 3758 contra
702 3711 832 3758 Calumniat.
850 3712 905 3759 Plat.
921 3712 939 3758 Ι.
954 3711 979 3776 l,
995 3725 1015 3757 e.
1030 3709 1056 3756 7.
1072 3709 1133 3764 Quat
1144 3707 1234 3770 patim
1245 3706 1284 3754 in·

233 3783 359 3844 terpretatio
373 3785 425 3831 satit
440 3789 514 3848 aperto
530 3785 576 3832 crui
591 3801 654 3850 posse
665 3783 753 3835 videtur
767 3792 867 3835 accurata
880 3787 1024 3836 meditatione
1039 3794 1133 3849 mm,
1147 3793 1204 3848 qut·
1217 3780 1284 3831 Pilio

234 3852 288 3902 dicit
301 3853 326 3903 ln
340 3862 399 3906 texto
413 3855 441 3908 dc
453 3857 573 3922 tapetiis·
587 3862 609 3910 et
624 3860 648 3909 in
662 3859 778 3910 Pindon
791 3861 928 3925 pracsertim
