2767 4492
2 11 210 111 Γ..

401 323 839 372 Μεητεωεγοηοιοω
1091 313 1141 373 185

134 409 217 483 Resp.
233 407 309 468 Finis
323 407 497 482 potissimus,
513 413 628 483 propter
643 424 729 483 ouem
744 410 857 470 animus
871 415 915 469 est
928 409 1069 483 conditus,
1082 425 1142 470 noa

100 498 142 552 cst
154 497 187 551 ut
200 507 302 566 corpus
317 493 468 566 informet,
486 494 537 552 sed
550 498 582 551 ut
596 493 801 553 beatitudinem
820 497 1005 569 assequatur,
1021 509 1095 570 quae
1109 495 1142 554 in

100 577 151 635 llei
166 576 266 635 notitia
279 581 308 636 et
321 577 471 636 dilectione
486 578 621 636 cernitur.
635 577 799 636 coniunctio
816 583 912 638 autem
925 579 987 639 cius
1002 595 1068 640 cum
1082 572 1146 638 corss

102 675 169 735 pore
184 661 249 720 linis
263 666 306 720 est
319 662 515 736 secundarius,
526 678 576 721 seu
586 663 681 736 potius
697 662 825 720 medium
835 663 906 722 utin
917 664 971 723 boc
980 664 1061 739 quasi
1072 679 1143 739 gyro

103 745 215 804 animus
230 753 396 805 exerceatur
406 752 435 805 ct
444 747 517 806 bene
531 746 674 820 operando
688 746 803 804 beatam
816 746 904 804 uitam
918 756 1071 806 mereatur.
1084 748 1145 816 Oua

2 873 3 886 2
102 843 134 888 re
156 835 302 903 separatus
325 847 342 889 a
360 847 477 906 corpore
496 832 528 891 in
547 836 622 890 statu
642 830 756 904 proprie
775 829 898 888 violento
915 845 974 889 non
994 831 1143 906 reperitur.

38 914 42 920 '
105 913 196 971 Statius
211 914 289 973 enim
303 915 444 974 violentus
458 916 506 975 ille
520 915 633 988 dicitur,
650 915 700 988 qui
715 914 885 988 praecipuae
899 915 1081 989 propensioni
1094 931 1146 974 na·

105 1001 184 1055 turae
198 998 363 1057 reluctatur.
380 1001 413 1058 nt
428 999 517 1058 animi
535 997 681 1058 inclinatio
696 998 851 1072 praecipua
872 1014 990 1071 scopum
1010 999 1146 1073 respicit,

105 1081 186 1140 cuius
201 1083 312 1156 adeptio
323 1083 494 1142 adiuturam
507 1083 738 1157 pertinetritam.
750 1081 939 1143 Nihilominus
953 1099 1019 1142 cum
1035 1083 1150 1142 animus

107 1171 206 1238 suapte
219 1173 322 1226 natura
333 1167 370 1226 sit
380 1167 576 1227 substantialis
591 1167 683 1226 torma
697 1167 819 1225 humani
832 1167 968 1241 corporis,
981 1168 1080 1242 negari
1091 1183 1150 1227 non

106 1255 196 1324 potest
211 1251 281 1324 quin
295 1251 331 1309 ad
345 1251 440 1326 ipsum
455 1251 622 1310 naturaliter
635 1251 798 1309 inclinetur.
811 1251 916 1310 lterum
930 1252 1016 1311 buius
1030 1251 1150 1311 inclina·

111 1333 195 1391 tionis
208 1333 354 1406 impeditio
369 1334 401 1393 in
414 1335 473 1393 uita
483 1334 519 1392 ad
528 1334 666 1408 potiorem
680 1333 897 1393 inclinationem
911 1335 1083 1409 explendam
1091 1334 1151 1394 ido

108 1433 173 1489 nea,
185 1422 289 1475 statum
300 1418 428 1476 absolute
439 1418 596 1477 violentum
612 1417 732 1476 minime
742 1418 827 1491 tacit;
838 1418 1006 1493 praesertim
1021 1433 1087 1477 cum
1102 1433 1152 1478 ua-

110 1500 200 1560 turale
214 1501 245 1560 id
258 1502 294 1560 sit
308 1501 417 1575 animo,
434 1501 516 1562 cuius
530 1501 655 1562 conditio
669 1501 913 1564 immortalitatem
927 1503 1063 1578 exquirit.

522 1697 691 1757 Anarourus
714 1698 745 1754 v.

364 1895 402 1954 lle
417 1894 514 1954 animi
528 1893 677 1953 leutericus
692 1907 761 1952 ouri
775 1893 903 1967 corpora

153 2092 213 2151 106.
225 2093 266 2151 ld
280 2093 417 2152 unionem
431 2092 559 2150 animam
573 2090 647 2149 inter
658 2093 687 2148 et
697 2104 800 2163 eorpus
814 2090 1024 2165 explicandam,
1037 2092 1092 2151 tria
1107 2092 1159 2151 cir·

115 2177 250 2235 cumierri
266 2177 357 2235 solent
371 2180 542 2249 systemata:
555 2188 720 2232 consonum
730 2173 968 2248 occasimrolium,
982 2175 1161 2236 harmonius

111 2259 352 2336 praestabilitas,
372 2259 507 2333 influus
518 2257 646 2333 pleps-ici.
663 2257 702 2315 De
717 2257 822 2331 quibus
837 2259 905 2331 quid
919 2258 1105 2319 iudicandum
1123 2261 1162 2320 sit

116 2344 243 2403 breviter
256 2344 359 2402 dicam.

153 2428 174 2485 l.
192 2427 320 2502 Systema
334 2442 485 2486 causarum
500 2426 722 2486 occasionalium
738 2426 859 2487 adstruit
872 2429 1002 2487 animum
1016 2433 1046 2487 et
1059 2443 1162 2502 corpus

118 2512 198 2570 omni
212 2513 354 2572 activitate
369 2512 492 2584 destitui,
509 2515 537 2570 et
552 2512 627 2585 quod
641 2525 819 2586 consequens
833 2517 886 2586 est,
902 2512 1015 2571 nullum
1029 2512 1118 2569 animi
1131 2512 1164 2570 in

119 2611 221 2669 corpus
236 2603 264 2656 et
276 2597 403 2657 vicissim
419 2595 544 2670 corporis
554 2596 585 2654 in
597 2597 727 2656 animum
741 2597 802 2656 reri
816 2596 942 2656 nominis
956 2595 1164 2663 iniluxumba-

117 2681 189 2740 beri.
209 2683 283 2751 Quod
296 2685 384 2756 sero,
402 2683 573 2756 quibusdam
588 2682 619 2740 in
634 2683 731 2742 animo
745 2680 940 2740 voluntatibus
955 2679 1162 2751 existentibus,

120 2766 189 2825 certi
200 2771 228 2825 et
238 2767 417 2827 determinati
431 2767 462 2826 in
478 2783 594 2840 corpore
609 2773 705 2826 motus
719 2765 920 2838 respondeant,
933 2767 962 2821 et
972 2763 1099 2823 vicissim
1113 2763 1166 2822 im·

118 2851 315 2924 pressionibus
327 2851 471 2910 nonnullis
486 2852 516 2909 in
532 2865 648 2923 corpore
663 2849 787 2921 peractis
801 2846 997 2919 perceptiones
1014 2852 1166 2918 motusque

120 2936 304 2994 consentanei
319 2935 348 2992 in
364 2936 459 2992 animo
478 2933 654 3003 excitentur,
672 2931 700 2989 id
715 2931 800 2988 unice
815 2930 928 3002 exlege
943 2934 972 2987 et
986 2929 1097 2988 actione
1116 2929 1168 2988 ltei

120 3018 309 3090 repetendum
324 3016 488 3074 arbitratur.
499 3015 538 3073 Ea
551 3015 629 3072 enim
644 3011 785 3071 sententia
799 3013 873 3070 lleus
887 3013 1035 3072 occasione
1049 3014 1167 3088 impres-

82 3139 84 3144 ·
122 3101 236 3161 sionum
251 3113 451 3172 corporearum
467 3097 643 3156 sensationes
656 3094 909 3169 perceptionesque
922 3096 954 3155 in
967 3097 1064 3156 animo
1078 3097 1164 3168 iacit3

121 3185 285 3262 pariterque
299 3183 446 3246 occasione
461 3183 639 3257 voluntatum
661 3179 866 3254 quarumdam,
883 3195 955 3255 quas
968 3181 1000 3241 in
1015 3182 1111 3240 animo
1125 3181 1168 3253 gi·

124 3271 195 3344 gnit,
207 3264 411 3344 respondentes
424 3271 518 3326 motus
534 3266 564 3325 in
579 3279 696 3339 corpore
710 3264 868 3323 secuudum
881 3264 958 3338 leges
968 3281 986 3323 a
995 3280 1026 3324 se
1040 3265 1113 3322 latas
1126 3264 1168 3322 el-

124 3356 237 3414 iormat.
254 3353 344 3413 Huius
359 3351 529 3426 systematis,
542 3349 618 3424 quod
632 3349 719 3409 etiam
735 3347 917 3409 mristsntioe
931 3349 1104 3415 nominatur,
1120 3362 1169 3404 au·

126 3443 186 3499 ctor
199 3443 242 3498 est
256 3435 453 3497 llalebranobe
469 3437 480 3482 l
496 3481 503 3509 ,
520 3449 695 3509 quamquam
714 3433 906 3493 Cartesianum
921 3433 1007 3505 uulgo
1020 3443 1167 3503 nuncupe-

127 3527 181 3596 tur,
194 3527 343 3596 propterea
357 3521 432 3595 quod
446 3519 586 3579 Gartesius
600 3517 639 3578 ita
653 3517 714 3576 suis
728 3517 876 3591 principiis
890 3517 931 3577 illi
945 3515 1123 3592 praeluserit,
1134 3520 1166 3577 ut
1199 3530 1202 3534 ·

126 3607 189 3666 eius
207 3605 362 3681 discipulus
376 3603 446 3664 illud
460 3603 539 3664 nullo
555 3601 667 3676 negotio
682 3602 750 3661 lude
765 3601 936 3662 derivaverit
951 3603 976 3659 ².

174 3793 184 3836 t
204 3795 258 3840 Vide
275 3795 400 3842 Riciercbs
415 3793 443 3840 dc
460 3794 484 3840 lu
499 3793 572 3840 uirili
587 3791 603 3837 l.
621 3789 644 3853 6,,
661 3807 682 3853 p.
700 3789 724 3851 2,
737 3789 772 3835 rb.
790 3791 813 3834 5.

173 3868 258 3917 :titis
272 3871 345 3918 Wotr
363 3871 467 3930 Prpcioi.
485 3871 573 3916 ration.
591 3871 643 3914 sert.
662 3866 686 3928 5,
702 3881 722 3912 c.
740 3865 763 3912 ὅ.

883 3997 888 4002 ,
951 3937 969 3996 ‘i
