2767 4492
125 519 127 524 ’
220 469 710 580 METAPHYSICAE
741 474 1056 578 SPECIALIS

418 701 567 782 rens
604 711 851 782 eirene

590 941 676 968 «ηομ

492 1463 773 1534 PROLOGUS

150 1727 297 1780 Praeclara
308 1725 359 1778 ilia
367 1727 472 1792 quidem
480 1727 536 1778 iam
545 1739 563 1778 a
572 1725 728 1790 primordiis
738 1727 821 1777 ducta
829 1725 979 1789 sapientiae
989 1729 1013 1778 et
1023 1741 1090 1793 quae
1100 1737 1158 1779 una

112 1825 173 1864 cum
185 1813 318 1864 aetatibus
330 1810 490 1863 inueterauit
503 1813 651 1862 sententia:
669 1811 811 1861 uniuersae
826 1809 1011 1874 Philosophiae
1025 1825 1158 1862 summam

113 1897 226 1946 scicntia
238 1897 354 1946 nominis
367 1897 510 1953 contineri,
523 1909 601 1960 ecque
615 1895 669 1959 iere
681 1894 800 1944 Sacratis
812 1896 916 1958 ecpieri
927 1902 1079 1959 praecepta:
1101 1891 1156 1946 Nc-

113 1993 159 2030 tea
171 1979 295 2047 teipsum.
309 1980 361 2030 Cui
372 1993 436 2032 sane
450 1987 581 2045 qnantum
600 1981 708 2031 consilii
721 1979 807 2029 subsit
825 1978 956 2042 perfacile
973 1981 1091 2030 iudicari
1108 1993 1159 2042 pc-

114 2065 178 2114 terit
190 2103 198 2120 ,
213 2067 238 2114 si
250 2067 382 2128 coqitetur
394 2077 486 2116 earum
498 2077 588 2114 rerum
599 2066 736 2122 omnium‘
748 2078 816 2128 quae
829 2069 893 2112 sunt
907 2076 1022 2127 quaeque
1035 2065 1160 2127 copnasci

111 2155 237 2210 possunt,
250 2149 435 2210 compendium
447 2149 525 2210 quasi
538 2149 649 2212 aliquod
663 2151 694 2196 in
707 2149 811 2197 lamine
828 2147 952 2210 perspici.
969 2144 996 2197 Is
1016 2147 1160 2199 enimcum

113 2233 181 2296 quid
196 2233 295 2294 duplec
308 2245 400 2283 reuera
411 2233 460 2289 site
472 2244 505 2282 ea
518 2233 622 2282 duabus
634 2233 795 2284 substantiis
807 2234 909 2296 spiritu
920 2234 1084 2298 materiaque
1097 2246 1160 2283 caa-

112 2315 223 2370 lesrenr,
236 2321 316 2378 atque
327 2316 386 2366 ideo
399 2329 550 2379 supremum
560 2317 634 2367 inter
646 2330 770 2379 corpora,
783 2317 906 2381 intimam
918 2318 990 2368 inter
1002 2318 1158 2380 inteliipen-

113 2402 170 2450 tias
184 2401 269 2450 sedem
281 2407 405 2463 occupet:
414 2402 551 2464 utriusque
565 2401 670 2450 ordinis
683 2406 774 2451 exstat
783 2403 862 2465 quasi
868 2402 980 2456 medius,
991 2409 1071 2464 atque
1080 2399 1159 2448 ambo

113 2485 177 2533 naec
191 2490 248 2533 tam
266 2485 408 2547 disparata
425 2497 514 2534 rernm
525 2497 624 2549 ponera
635 2484 665 2534 in
674 2499 702 2536 se
716 2499 784 2535 unus
802 2485 974 2548 amplectitur
987 2489 1013 2533 et
1026 2484 1098 2532 mira
1117 2495 1159 2531 ca·

111 2570 243 2632 qnaticnc
256 2571 382 2623 divincit.
396 2569 483 2632 Quare
496 2585 554 2621 cum
567 2572 630 2621 haec
643 2571 706 2628 dua,
720 2583 787 2636 quae
799 2572 936 2625 dicimus,
952 2581 994 2618 res
1007 2569 1162 2618 mundanas

111 2737 277 2800 sapientibus
287 2740 363 2788 domo
370 2753 472 2802 parvus
481 2742 606 2802 mundus,
617 2731 780 2806 propomam,
793 2743 831 2786 est
846 2738 1009 2799 appellatus.
1022 2736 1087 2786 Cum
1096 2748 1159 2786 vera

113 2820 195 2870 libero
209 2835 259 2884 quo
267 2822 416 2872 instructus
428 2829 465 2875 est
480 2821 595 2872 arditria
607 2835 634 2870 se
646 2823 797 2870 moderatur
810 2823 834 2868 et
846 2825 941 2883 repat,-
952 2832 1008 2866 ncn
1026 2819 1157 2868 similitu·

112 2905 202 2956 dinem
211 2907 424 2970 qualemcumque
433 2907 478 2955 sed
488 2903 681 2954 solidumveiut
692 2902 804 2968 efflqiem
813 2900 976 2950 Divinitctis
986 2899 1068 2963 refert
1076 2937 1085 2956 ,
1093 2913 1161 2965 qnae

112 2991 215 3039 alitione
225 3001 276 3036 sua
289 2993 417 3048 temperat
427 2988 564 3036 universa.
575 2985 622 3033 Ec
631 2997 682 3045 quo
691 2985 733 3046 fit,
747 2989 778 3032 ut
786 2983 842 3044 ipse
851 2997 920 3032 unus
930 2985 967 3033 cd
976 2984 1160 3048 contemplan-

112 3075 177 3124 dum
189 3071 381 3132 quodammodo
392 3069 499 3133 cismai,
510 3065 640 3130 quidquid
647 3079 713 3127 pene
723 3064 851 3117 abiectum
860 3072 899 3117 est
911 3067 1115 3131 Philosophiam
1127 3082 1160 3118 cc

111 3153 227 3222 proinde
239 3153 328 3215 quiin
337 3151 452 3202 hominis
461 3152 565 3204 notitia
571 3155 674 3214 peccat,
687 3152 712 3199 is
723 3150 755 3200 in
764 3155 823 3201 tota
834 3151 1007 3216 Philosophia
1013 3157 1103 3216 peccet
1113 3163 1160 3201 ne·
1201 3204 1204 3213 ,

115 3251 183 3290 cesrc
195 3243 243 3289 est.

151 3322 202 3373 Sed
215 3334 376 3386 quamquam
390 3320 452 3371 dccc
465 3333 529 3372 cera
538 3319 606 3376 rint,
619 3325 710 3371 tamen
718 3333 773 3371 non
786 3321 888 3377 omnia,
899 3333 966 3384 quae
975 3321 1108 3372 ircminem
1118 3323 1160 3370 at-

117 3406 243 3471 linqunt,
257 3407 294 3457 ad
311 3405 502 3469 disciplinam,
518 3405 549 3454 in
566 3417 620 3468 qua
632 3418 788 3462 versamur,
800 3406 933 3469 pertinere
954 3405 1068 3456 dicenda
1086 3409 1161 3454 sunt.
1187 3440 1191 3448 .

116 3487 185 3540 Sunt
198 3491 269 3540 enim
278 3490 424 3552 permulta,
434 3503 501 3554 quae
513 3493 562 3540 aut
576 3489 688 3539 numeni
697 3489 815 3554 corporis
826 3496 992 3542 structuram
1003 3489 1159 3553 dispositio·

118 3585 226 3637 nemque
236 3575 359 3638 partium
371 3574 548 3630 diversorum,
563 3577 610 3625 cut
624 3587 657 3624 cc
670 3575 706 3623 iis
719 3575 939 3639 quemadmodum
949 3586 1031 3637 opera
1043 3574 1117 3625 ritca
1131 3587 1159 3624 e-

117 3663 276 3709 aerceantur
291 3658 441 3722 inquirunt.
457 3656 532 3709 Haec
544 3659 580 3710 ad
593 3658 661 3709 duas
674 3658 815 3722 inferiores
830 3658 1001 3722 dissiplinas‚
1015 3669 1107 3721 nempe
1119 3654 1159 3708 A·

118 3743 269 3792 nasaniam
281 3747 305 3793 ct
321 3741 690 3814 Physioicpiamespcctant,
704 3756 819 3806 quarum
827 3744 920 3805 prima
927 3741 1051 3804 partium
1063 3741 1159 3790 iuma-

118 3826 149 3876 ni
162 3825 281 3889 corporis
291 3826 497 3889 descriptionem
514 3833 648 3890 sectatur,
661 3828 749 3876 altera
769 3827 919 3876 eorumdem
935 3839 1012 3876 nsum
1025 3839 1043 3875 a
1057 3830 1160 3875 natura

118 3909 276 3962 institutum
285 3911 452 3978 actionesque
462 3923 517 3968 eas,
526 3922 593 3976 quas
603 3911 717 3963 instatu
726 3907 1161 3986 sanitqtiseiiciunt,‚conlemplu·

925 3989 957 4049 5*
