<?xml version="1.0" encoding="UTF-8"?>
<!DOCTYPE html PUBLIC "-//W3C//DTD XHTML 1.0 Transitional//EN"
    "http://www.w3.org/TR/xhtml1/DTD/xhtml1-transitional.dtd">
<html xmlns="http://www.w3.org/1999/xhtml" xml:lang="en" lang="en">
 <head>
  <title>
</title>
<meta http-equiv="Content-Type" content="text/html;charset=utf-8" />
  <meta name='ocr-system' content='tesseract 3.04.00' />
  <meta name='ocr-capabilities' content='ocr_page ocr_carea ocr_par ocr_line ocrx_word'/>
</head>
<body>
  <div class='ocr_page' id='page_1' title='image "./institutionesph00libegoog_0717.png"; bbox 0 0 2767 4492; ppageno 0'>
   <div class='ocr_carea' id='block_1_1' title="bbox 486 342 1128 410">
    <p class='ocr_par' dir='ltr' id='par_1_1' title="bbox 486 342 1128 410">
     <span class='ocr_line' id='line_1_1' title="bbox 486 342 1128 410; baseline 0.011 -8"><span class='ocrx_word' id='word_1_1' title='bbox 486 355 565 403; x_wconf 80' lang='lat' dir='ltr'>runis</span> <span class='ocrx_word' id='word_1_2' title='bbox 582 355 725 403; x_wconf 74' lang='lat' dir='ltr'>macunen</span> <span class='ocrx_word' id='word_1_3' title='bbox 1069 342 1128 410; x_wconf 70' lang='lat' dir='ltr'>ddi</span> 
     </span>
    </p>
   </div>
   <div class='ocr_carea' id='block_1_2' title="bbox 4 427 1130 1198">
    <p class='ocr_par' dir='ltr' id='par_1_2' title="bbox 4 427 1130 1198">
     <span class='ocr_line' id='line_1_2' title="bbox 4 427 1125 518; baseline 0.003 -15"><span class='ocrx_word' id='word_1_4' title='bbox 4 513 5 518; x_wconf 8' lang='grc' dir='ltr'>ἵ</span> <span class='ocrx_word' id='word_1_5' title='bbox 81 447 196 503; x_wconf 86' lang='lat' dir='ltr'>naturae</span> <span class='ocrx_word' id='word_1_6' title='bbox 217 456 276 502; x_wconf 92' lang='lat' dir='ltr'>non</span> <span class='ocrx_word' id='word_1_7' title='bbox 290 435 433 501; x_wconf 85' lang='lat' dir='ltr'>rioiatnr.&#39;</span> <span class='ocrx_word' id='word_1_8' title='bbox 446 441 531 514; x_wconf 82' lang='lat' dir='ltr'>ddde,</span> <span class='ocrx_word' id='word_1_9' title='bbox 548 440 707 500; x_wconf 91' lang='lat' dir='ltr'>dominium</span> <span class='ocrx_word' id='word_1_10' title='bbox 722 440 752 500; x_wconf 95' lang='lat' dir='ltr'>in</span> <span class='ocrx_word' id='word_1_11' title='bbox 765 427 917 503; x_wconf 87' lang='lat' dir='ltr'>materia&#39;rn</span> <span class='ocrx_word' id='word_1_12' title='bbox 935 444 1020 506; x_wconf 88' lang='lat' dir='ltr'>nobis</span> <span class='ocrx_word' id='word_1_13' title='bbox 1035 445 1125 506; x_wconf 87' lang='lat' dir='ltr'>tribn-</span> 
     </span>
     <span class='ocr_line' id='line_1_3' title="bbox 83 529 1129 602; baseline 0.004 -14"><span class='ocrx_word' id='word_1_14' title='bbox 83 535 139 588; x_wconf 92' lang='lat' dir='ltr'>tnm</span> <span class='ocrx_word' id='word_1_15' title='bbox 157 543 229 602; x_wconf 86' lang='lat' dir='ltr'>esse,</span> <span class='ocrx_word' id='word_1_16' title='bbox 246 529 277 587; x_wconf 89' lang='lat' dir='ltr'>in</span> <span class='ocrx_word' id='word_1_17' title='bbox 297 542 383 602; x_wconf 88' lang='lat' dir='ltr'>qnam</span> <span class='ocrx_word' id='word_1_18' title='bbox 401 529 515 601; x_wconf 81' lang='lat' dir='ltr'><strong>proprie</strong></span> <span class='ocrx_word' id='word_1_19' title='bbox 534 540 697 600; x_wconf 82' lang='lat' dir='ltr'>operamur,</span> <span class='ocrx_word' id='word_1_20' title='bbox 713 541 780 584; x_wconf 91' lang='lat' dir='ltr'>cnm</span> <span class='ocrx_word' id='word_1_21' title='bbox 795 535 918 587; x_wconf 89' lang='lat' dir='ltr'>mortem</span> <span class='ocrx_word' id='word_1_22' title='bbox 931 530 1016 591; x_wconf 86' lang='lat' dir='ltr'>nobis</span> <span class='ocrx_word' id='word_1_23' title='bbox 1032 531 1129 592; x_wconf 83' lang='lat' dir='ltr'>inieri-</span> 
     </span>
     <span class='ocr_line' id='line_1_4' title="bbox 82 610 1126 691; baseline 0.005 -19"><span class='ocrx_word' id='word_1_24' title='bbox 82 628 153 672; x_wconf 85' lang='lat' dir='ltr'>mns.</span> <span class='ocrx_word' id='word_1_25' title='bbox 175 613 329 686; x_wconf 85' lang='lat' dir='ltr'>Praeterea,</span> <span class='ocrx_word' id='word_1_26' title='bbox 347 611 419 670; x_wconf 91' lang='lat' dir='ltr'>ratio</span> <span class='ocrx_word' id='word_1_27' title='bbox 438 611 572 670; x_wconf 82' lang='lat' dir='ltr'>beneficii</span> <span class='ocrx_word' id='word_1_28' title='bbox 587 626 620 669; x_wconf 91' lang='lat' dir='ltr'>ao</span> <span class='ocrx_word' id='word_1_29' title='bbox 641 610 718 683; x_wconf 91' lang='lat' dir='ltr'>doni,</span> <span class='ocrx_word' id='word_1_30' title='bbox 735 611 855 684; x_wconf 87' lang='lat' dir='ltr'>quaein</span> <span class='ocrx_word' id='word_1_31' title='bbox 874 613 934 671; x_wconf 81' lang='lat' dir='ltr'>rite</span> <span class='ocrx_word' id='word_1_32' title='bbox 953 617 1126 691; x_wconf 80' lang='lat' dir='ltr'>continetur,</span> 
     </span>
     <span class='ocr_line' id='line_1_5' title="bbox 81 696 1129 772; baseline 0.005 -16"><span class='ocrx_word' id='word_1_33' title='bbox 81 697 333 772; x_wconf 61' lang='lat' dir='ltr'>posterioremue</span> <span class='ocrx_word' id='word_1_34' title='bbox 348 697 435 769; x_wconf 87' lang='lat' dir='ltr'>lubet,</span> <span class='ocrx_word' id='word_1_35' title='bbox 448 696 614 755; x_wconf 88' lang='lat' dir='ltr'>renuntiare</span> <span class='ocrx_word' id='word_1_36' title='bbox 629 696 788 769; x_wconf 88' lang='lat' dir='ltr'>possimus,</span> <span class='ocrx_word' id='word_1_37' title='bbox 804 699 970 770; x_wconf 87' lang='lat' dir='ltr'>praesertim</span> <span class='ocrx_word' id='word_1_38' title='bbox 985 716 1052 761; x_wconf 92' lang='lat' dir='ltr'>cnm</span> <span class='ocrx_word' id='word_1_39' title='bbox 1065 703 1129 761; x_wconf 92' lang='lat' dir='ltr'>nni·</span> 
     </span>
     <span class='ocr_line' id='line_1_6' title="bbox 81 780 1126 862; baseline 0.006 -21"><span class='ocrx_word' id='word_1_40' title='bbox 81 782 139 841; x_wconf 88' lang='lat' dir='ltr'>ium</span> <span class='ocrx_word' id='word_1_41' title='bbox 153 782 234 842; x_wconf 91' lang='lat' dir='ltr'>initio</span> <span class='ocrx_word' id='word_1_42' title='bbox 253 783 289 841; x_wconf 92' lang='lat' dir='ltr'>ad</span> <span class='ocrx_word' id='word_1_43' title='bbox 304 797 369 840; x_wconf 87' lang='lat' dir='ltr'>eam</span> <span class='ocrx_word' id='word_1_44' title='bbox 389 780 582 855; x_wconf 80' lang='lat' dir='ltr'>recipiendam</span> <span class='ocrx_word' id='word_1_45' title='bbox 598 795 773 838; x_wconf 88' lang='lat' dir='ltr'>consensum</span> <span class='ocrx_word' id='word_1_46' title='bbox 796 780 968 841; x_wconf 86' lang='lat' dir='ltr'>dederimus.</span> <span class='ocrx_word' id='word_1_47' title='bbox 990 783 1126 862; x_wconf 84' lang='lat' dir='ltr'>Denique,</span> 
     </span>
     <span class='ocr_line' id='line_1_7' title="bbox 81 864 1130 942; baseline 0.005 -16"><span class='ocrx_word' id='word_1_48' title='bbox 81 867 205 927; x_wconf 72' lang='lat' dir='ltr'>societati</span> <span class='ocrx_word' id='word_1_49' title='bbox 219 866 355 926; x_wconf 89' lang='lat' dir='ltr'>iniuriam</span> <span class='ocrx_word' id='word_1_50' title='bbox 368 866 480 925; x_wconf 78' lang='lat' dir='ltr'>suicide</span> <span class='ocrx_word' id='word_1_51' title='bbox 494 879 552 924; x_wconf 93' lang='lat' dir='ltr'>non</span> <span class='ocrx_word' id='word_1_52' title='bbox 571 864 654 939; x_wconf 84' lang='lat' dir='ltr'>iacit;</span> <span class='ocrx_word' id='word_1_53' title='bbox 673 865 780 941; x_wconf 88' lang='lat' dir='ltr'>qnippe</span> <span class='ocrx_word' id='word_1_54' title='bbox 803 865 968 940; x_wconf 80' lang='lat' dir='ltr'>contingere</span> <span class='ocrx_word' id='word_1_55' title='bbox 986 875 1079 942; x_wconf 86' lang='lat' dir='ltr'>potest</span> <span class='ocrx_word' id='word_1_56' title='bbox 1098 879 1130 932; x_wconf 91' lang='lat' dir='ltr'>nt</span> 
     </span>
     <span class='ocr_line' id='line_1_8' title="bbox 84 949 1127 1025; baseline 0.008 -17"><span class='ocrx_word' id='word_1_57' title='bbox 84 951 147 1024; x_wconf 88' lang='lat' dir='ltr'>quis</span> <span class='ocrx_word' id='word_1_58' title='bbox 160 950 270 1012; x_wconf 86' lang='lat' dir='ltr'>inutilis</span> <span class='ocrx_word' id='word_1_59' title='bbox 280 953 396 1012; x_wconf 89' lang='lat' dir='ltr'>omnino</span> <span class='ocrx_word' id='word_1_60' title='bbox 411 950 513 1009; x_wconf 85' lang='lat' dir='ltr'>eredat</span> <span class='ocrx_word' id='word_1_61' title='bbox 527 949 601 1009; x_wconf 82' lang='lat' dir='ltr'>hono</span> <span class='ocrx_word' id='word_1_62' title='bbox 616 949 759 1008; x_wconf 85' lang='lat' dir='ltr'>societatis</span> <span class='ocrx_word' id='word_1_63' title='bbox 774 951 961 1025; x_wconf 89' lang='lat' dir='ltr'>procurando,</span> <span class='ocrx_word' id='word_1_64' title='bbox 978 953 1024 1012; x_wconf 84' lang='lat' dir='ltr'>vei</span> <span class='ocrx_word' id='word_1_65' title='bbox 1038 956 1127 1016; x_wconf 85' lang='lat' dir='ltr'>socie-</span> 
     </span>
     <span class='ocr_line' id='line_1_9' title="bbox 85 1035 1129 1111; baseline 0.004 -17"><span class='ocrx_word' id='word_1_66' title='bbox 85 1043 126 1095; x_wconf 90' lang='lat' dir='ltr'>tas</span> <span class='ocrx_word' id='word_1_67' title='bbox 140 1035 193 1110; x_wconf 85' lang='lat' dir='ltr'>ipsi</span> <span class='ocrx_word' id='word_1_68' title='bbox 209 1037 329 1111; x_wconf 83' lang='lat' dir='ltr'>deneget</span> <span class='ocrx_word' id='word_1_69' title='bbox 344 1035 487 1111; x_wconf 89' lang='lat' dir='ltr'>praesidia</span> <span class='ocrx_word' id='word_1_70' title='bbox 500 1049 574 1109; x_wconf 87' lang='lat' dir='ltr'>qnae</span> <span class='ocrx_word' id='word_1_71' title='bbox 589 1039 734 1108; x_wconf 86' lang='lat' dir='ltr'>praestare</span> <span class='ocrx_word' id='word_1_72' title='bbox 749 1040 870 1095; x_wconf 87' lang='lat' dir='ltr'>tenetur.</span> <span class='ocrx_word' id='word_1_73' title='bbox 887 1035 977 1096; x_wconf 90' lang='lat' dir='ltr'>immo</span> <span class='ocrx_word' id='word_1_74' title='bbox 992 1037 1129 1099; x_wconf 83' lang='lat' dir='ltr'>civiliho-</span> 
     </span>
     <span class='ocr_line' id='line_1_10' title="bbox 83 1119 1128 1198; baseline 0.007 -20"><span class='ocrx_word' id='word_1_75' title='bbox 83 1135 121 1178; x_wconf 94' lang='lat' dir='ltr'>no</span> <span class='ocrx_word' id='word_1_76' title='bbox 137 1119 290 1180; x_wconf 89' lang='lat' dir='ltr'>suicidinm</span> <span class='ocrx_word' id='word_1_77' title='bbox 311 1121 403 1194; x_wconf 87' lang='lat' dir='ltr'>potius</span> <span class='ocrx_word' id='word_1_78' title='bbox 418 1119 540 1194; x_wconf 91' lang='lat' dir='ltr'>prodest,</span> <span class='ocrx_word' id='word_1_79' title='bbox 559 1135 627 1178; x_wconf 91' lang='lat' dir='ltr'>cnm</span> <span class='ocrx_word' id='word_1_80' title='bbox 647 1119 843 1179; x_wconf 83' lang='lat' dir='ltr'>fortitudinem</span> <span class='ocrx_word' id='word_1_81' title='bbox 860 1127 1034 1196; x_wconf 84' lang='lat' dir='ltr'>promoveat,</span> <span class='ocrx_word' id='word_1_82' title='bbox 1055 1139 1128 1198; x_wconf 87' lang='lat' dir='ltr'>qnae</span> 
     </span>
    </p>
   </div>
   <div class='ocr_carea' id='block_1_3' title="bbox 9 1203 732 1264">
    <p class='ocr_par' dir='ltr' id='par_1_3' title="bbox 9 1203 732 1264">
     <span class='ocr_line' id='line_1_11' title="bbox 9 1203 732 1264; baseline 0.001 -4"><span class='ocrx_word' id='word_1_83' title='bbox 9 1238 17 1260; x_wconf 83' lang='lat'><em>.</em></span> <span class='ocrx_word' id='word_1_84' title='bbox 83 1203 113 1263; x_wconf 92' lang='lat' dir='ltr'>in</span> <span class='ocrx_word' id='word_1_85' title='bbox 128 1205 335 1264; x_wconf 89' lang='lat' dir='ltr'>contemnenda</span> <span class='ocrx_word' id='word_1_86' title='bbox 348 1211 439 1264; x_wconf 90' lang='lat' dir='ltr'>morte</span> <span class='ocrx_word' id='word_1_87' title='bbox 453 1204 580 1263; x_wconf 83' lang='lat' dir='ltr'>maxime</span> <span class='ocrx_word' id='word_1_88' title='bbox 596 1203 732 1264; x_wconf 88' lang='lat' dir='ltr'>cernitur.</span> 
     </span>
    </p>
   </div>
   <div class='ocr_carea' id='block_1_4' title="bbox 84 1288 1132 2455">
    <p class='ocr_par' dir='ltr' id='par_1_4' title="bbox 84 1288 1132 2455">
     <span class='ocr_line' id='line_1_12' title="bbox 120 1288 1128 1364; baseline 0.006 -16"><span class='ocrx_word' id='word_1_89' title='bbox 120 1291 202 1364; x_wconf 86' lang='lat' dir='ltr'>itesp.</span> <span class='ocrx_word' id='word_1_90' title='bbox 225 1288 392 1348; x_wconf 82' lang='lat' dir='ltr'>Huiusmodi</span> <span class='ocrx_word' id='word_1_91' title='bbox 414 1289 596 1348; x_wconf 88' lang='lat' dir='ltr'>diiiicnitetes</span> <span class='ocrx_word' id='word_1_92' title='bbox 618 1304 707 1363; x_wconf 80' lang='lat' dir='ltr'>ouem</span> <span class='ocrx_word' id='word_1_93' title='bbox 726 1289 824 1349; x_wconf 89' lang='lat' dir='ltr'>iutiies</span> <span class='ocrx_word' id='word_1_94' title='bbox 837 1289 895 1350; x_wconf 90' lang='lat' dir='ltr'>sint</span> <span class='ocrx_word' id='word_1_95' title='bbox 916 1291 963 1351; x_wconf 84' lang='lat' dir='ltr'>rel</span> <span class='ocrx_word' id='word_1_96' title='bbox 980 1293 1128 1354; x_wconf 85' lang='lat' dir='ltr'>levissima</span> 
     </span>
     <span class='ocr_line' id='line_1_13' title="bbox 86 1373 1130 1449; baseline 0.009 -18"><span class='ocrx_word' id='word_1_97' title='bbox 86 1374 271 1433; x_wconf 81' lang='lat' dir='ltr'>consideratio</span> <span class='ocrx_word' id='word_1_98' title='bbox 285 1373 459 1433; x_wconf 87' lang='lat' dir='ltr'>mnniiestat.</span> <span class='ocrx_word' id='word_1_99' title='bbox 477 1374 517 1432; x_wconf 82' lang='lat' dir='ltr'>dd</span> <span class='ocrx_word' id='word_1_100' title='bbox 532 1374 655 1448; x_wconf 91' lang='lat' dir='ltr'>primam</span> <span class='ocrx_word' id='word_1_101' title='bbox 669 1373 747 1433; x_wconf 90' lang='lat' dir='ltr'>enirn</span> <span class='ocrx_word' id='word_1_102' title='bbox 762 1374 928 1449; x_wconf 83' lang='lat' dir='ltr'>reponimus</span> <span class='ocrx_word' id='word_1_103' title='bbox 947 1381 1008 1436; x_wconf 88' lang='lat' dir='ltr'>turn</span> <span class='ocrx_word' id='word_1_104' title='bbox 1023 1378 1130 1440; x_wconf 81' lang='lat' dir='ltr'>uolenti</span> 
     </span>
     <span class='ocr_line' id='line_1_14' title="bbox 86 1458 1130 1544; baseline 0.008 -30"><span class='ocrx_word' id='word_1_105' title='bbox 86 1471 141 1515; x_wconf 91' lang='lat' dir='ltr'>non</span> <span class='ocrx_word' id='word_1_106' title='bbox 158 1458 219 1516; x_wconf 89' lang='lat' dir='ltr'>tieri</span> <span class='ocrx_word' id='word_1_107' title='bbox 239 1458 385 1544; x_wconf 70' lang='lat' dir='ltr'>iniuriam,</span> <span class='ocrx_word' id='word_1_108' title='bbox 404 1475 471 1519; x_wconf 91' lang='lat' dir='ltr'>curn</span> <span class='ocrx_word' id='word_1_109' title='bbox 485 1461 580 1534; x_wconf 82' lang='lat' dir='ltr'>agitur</span> <span class='ocrx_word' id='word_1_110' title='bbox 594 1460 630 1519; x_wconf 91' lang='lat' dir='ltr'>de</span> <span class='ocrx_word' id='word_1_111' title='bbox 650 1463 799 1519; x_wconf 86' lang='lat' dir='ltr'>contractu</span> <span class='ocrx_word' id='word_1_112' title='bbox 812 1458 902 1519; x_wconf 85' lang='lat' dir='ltr'>iibere</span> <span class='ocrx_word' id='word_1_113' title='bbox 922 1461 1057 1536; x_wconf 88' lang='lat' dir='ltr'>ineundo,</span> <span class='ocrx_word' id='word_1_114' title='bbox 1080 1471 1130 1523; x_wconf 92' lang='lat' dir='ltr'>ant</span> 
     </span>
     <span class='ocr_line' id='line_1_15' title="bbox 86 1542 1126 1619; baseline 0.007 -19"><span class='ocrx_word' id='word_1_115' title='bbox 86 1542 120 1600; x_wconf 90' lang='lat' dir='ltr'>do</span> <span class='ocrx_word' id='word_1_116' title='bbox 133 1543 196 1602; x_wconf 90' lang='lat' dir='ltr'>inre</span> <span class='ocrx_word' id='word_1_117' title='bbox 211 1543 258 1602; x_wconf 91' lang='lat' dir='ltr'>cni</span> <span class='ocrx_word' id='word_1_118' title='bbox 272 1545 337 1618; x_wconf 83' lang='lat' dir='ltr'>quis</span> <span class='ocrx_word' id='word_1_119' title='bbox 352 1543 510 1604; x_wconf 84' lang='lat' dir='ltr'>iaiedicere</span> <span class='ocrx_word' id='word_1_120' title='bbox 529 1543 632 1619; x_wconf 73' lang='lat' dir='ltr'>possit,</span> <span class='ocrx_word' id='word_1_121' title='bbox 653 1559 712 1604; x_wconf 92' lang='lat' dir='ltr'>non</span> <span class='ocrx_word' id='word_1_122' title='bbox 727 1560 794 1603; x_wconf 81' lang='lat' dir='ltr'>vero</span> <span class='ocrx_word' id='word_1_123' title='bbox 810 1557 877 1604; x_wconf 91' lang='lat' dir='ltr'>cum</span> <span class='ocrx_word' id='word_1_124' title='bbox 892 1545 986 1619; x_wconf 82' lang='lat' dir='ltr'>agitur</span> <span class='ocrx_word' id='word_1_125' title='bbox 1003 1547 1039 1606; x_wconf 91' lang='lat' dir='ltr'>de</span> <span class='ocrx_word' id='word_1_126' title='bbox 1053 1547 1126 1608; x_wconf 85' lang='lat' dir='ltr'>infe-</span> 
     </span>
     <span class='ocr_line' id='line_1_16' title="bbox 86 1627 1127 1707; baseline 0.009 -23"><span class='ocrx_word' id='word_1_127' title='bbox 86 1627 173 1686; x_wconf 87' lang='lat' dir='ltr'>rendo</span> <span class='ocrx_word' id='word_1_128' title='bbox 195 1628 279 1701; x_wconf 88' lang='lat' dir='ltr'>maio,</span> <span class='ocrx_word' id='word_1_129' title='bbox 301 1629 377 1703; x_wconf 88' lang='lat' dir='ltr'>qnod</span> <span class='ocrx_word' id='word_1_130' title='bbox 401 1635 535 1688; x_wconf 82' lang='lat' dir='ltr'>anatona</span> <span class='ocrx_word' id='word_1_131' title='bbox 555 1634 673 1701; x_wconf 85' lang='lat' dir='ltr'>vetetur,</span> <span class='ocrx_word' id='word_1_132' title='bbox 695 1633 749 1687; x_wconf 88' lang='lat' dir='ltr'>-ent</span> <span class='ocrx_word' id='word_1_133' title='bbox 766 1629 802 1688; x_wconf 90' lang='lat' dir='ltr'>de</span> <span class='ocrx_word' id='word_1_134' title='bbox 820 1629 946 1689; x_wconf 86' lang='lat' dir='ltr'>laesione</span> <span class='ocrx_word' id='word_1_135' title='bbox 964 1631 1036 1691; x_wconf 88' lang='lat' dir='ltr'>iuris</span> <span class='ocrx_word' id='word_1_136' title='bbox 1052 1649 1127 1707; x_wconf 86' lang='lat' dir='ltr'>qnae</span> 
     </span>
     <span class='ocr_line' id='line_1_17' title="bbox 86 1711 1130 1789; baseline 0.007 -20"><span class='ocrx_word' id='word_1_137' title='bbox 86 1711 177 1784; x_wconf 88' lang='lat' dir='ltr'>ipsam</span> <span class='ocrx_word' id='word_1_138' title='bbox 196 1715 374 1787; x_wconf 84' lang='lat' dir='ltr'>personalem</span> <span class='ocrx_word' id='word_1_139' title='bbox 393 1713 560 1788; x_wconf 82' lang='lat' dir='ltr'>dignitatem</span> <span class='ocrx_word' id='word_1_140' title='bbox 583 1713 699 1771; x_wconf 87' lang='lat' dir='ltr'>eiilciat.</span> <span class='ocrx_word' id='word_1_141' title='bbox 723 1713 812 1787; x_wconf 80' lang='lat' dir='ltr'>dique</span> <span class='ocrx_word' id='word_1_142' title='bbox 826 1714 856 1772; x_wconf 92' lang='lat' dir='ltr'>id</span> <span class='ocrx_word' id='word_1_143' title='bbox 874 1729 909 1773; x_wconf 92' lang='lat' dir='ltr'>eo</span> <span class='ocrx_word' id='word_1_144' title='bbox 926 1715 1018 1789; x_wconf 78' lang='lat' dir='ltr'>magis</span> <span class='ocrx_word' id='word_1_145' title='bbox 1035 1721 1130 1777; x_wconf 90' lang='lat' dir='ltr'>iocum</span> 
     </span>
     <span class='ocr_line' id='line_1_18' title="bbox 86 1795 1130 1876; baseline 0.009 -22"><span class='ocrx_word' id='word_1_146' title='bbox 86 1795 180 1869; x_wconf 82' lang='lat' dir='ltr'>harbet,</span> <span class='ocrx_word' id='word_1_147' title='bbox 196 1813 253 1870; x_wconf 81' lang='lat' dir='ltr'>qno</span> <span class='ocrx_word' id='word_1_148' title='bbox 273 1798 387 1856; x_wconf 92' lang='lat' dir='ltr'>arctiori</span> <span class='ocrx_word' id='word_1_149' title='bbox 403 1797 574 1870; x_wconf 67' lang='lat' dir='ltr'>«religatione</span> <span class='ocrx_word' id='word_1_150' title='bbox 590 1797 794 1870; x_wconf 86' lang='lat' dir='ltr'>adstringimur</span> <span class='ocrx_word' id='word_1_151' title='bbox 809 1798 845 1857; x_wconf 93' lang='lat' dir='ltr'>ad</span> <span class='ocrx_word' id='word_1_152' title='bbox 862 1798 971 1858; x_wconf 84' lang='lat' dir='ltr'>bonum</span> <span class='ocrx_word' id='word_1_153' title='bbox 985 1800 1048 1861; x_wconf 86' lang='lat' dir='ltr'>cine</span> <span class='ocrx_word' id='word_1_154' title='bbox 1065 1817 1130 1876; x_wconf 90' lang='lat' dir='ltr'>pro·</span> 
     </span>
     <span class='ocr_line' id='line_1_19' title="bbox 85 1881 1129 1956; baseline 0.008 -18"><span class='ocrx_word' id='word_1_155' title='bbox 85 1881 253 1955; x_wconf 89' lang='lat' dir='ltr'>curandum,</span> <span class='ocrx_word' id='word_1_156' title='bbox 270 1883 319 1956; x_wconf 90' lang='lat' dir='ltr'>qni</span> <span class='ocrx_word' id='word_1_157' title='bbox 335 1881 569 1941; x_wconf 85' lang='lat' dir='ltr'>irrationabiiiter</span> <span class='ocrx_word' id='word_1_158' title='bbox 590 1881 619 1939; x_wconf 92' lang='lat' dir='ltr'>in</span> <span class='ocrx_word' id='word_1_159' title='bbox 640 1881 843 1940; x_wconf 81' lang='lat' dir='ltr'>epidamnum</span> <span class='ocrx_word' id='word_1_160' title='bbox 862 1883 1013 1943; x_wconf 85' lang='lat' dir='ltr'>consentit.</span> <span class='ocrx_word' id='word_1_161' title='bbox 1037 1886 1129 1946; x_wconf 79' lang='lat' dir='ltr'>Vitam</span> 
     </span>
     <span class='ocr_line' id='line_1_20' title="bbox 85 1965 1131 2041; baseline 0.008 -18"><span class='ocrx_word' id='word_1_162' title='bbox 85 1972 180 2023; x_wconf 85' lang='lat' dir='ltr'>autom</span> <span class='ocrx_word' id='word_1_163' title='bbox 199 1981 348 2041; x_wconf 83' lang='lat' dir='ltr'>nunqnam</span> <span class='ocrx_word' id='word_1_164' title='bbox 367 1967 495 2025; x_wconf 87' lang='lat' dir='ltr'>amittere</span> <span class='ocrx_word' id='word_1_165' title='bbox 511 1981 593 2040; x_wconf 88' lang='lat' dir='ltr'>posse</span> <span class='ocrx_word' id='word_1_166' title='bbox 614 1965 755 2026; x_wconf 87' lang='lat' dir='ltr'>rationem</span> <span class='ocrx_word' id='word_1_167' title='bbox 771 1966 951 2027; x_wconf 84' lang='lat' dir='ltr'>inndamcnti</span> <span class='ocrx_word' id='word_1_168' title='bbox 969 1983 1055 2030; x_wconf 77' lang='lat' dir='ltr'>uerae</span> <span class='ocrx_word' id='word_1_169' title='bbox 1069 1972 1131 2030; x_wconf 91' lang='lat' dir='ltr'>ieii·</span> 
     </span>
     <span class='ocr_line' id='line_1_21' title="bbox 85 2050 1132 2125; baseline 0.009 -19"><span class='ocrx_word' id='word_1_170' title='bbox 85 2050 188 2123; x_wconf 87' lang='lat' dir='ltr'>citatis,</span> <span class='ocrx_word' id='word_1_171' title='bbox 205 2052 263 2110; x_wconf 90' lang='lat' dir='ltr'>iam</span> <span class='ocrx_word' id='word_1_172' title='bbox 278 2067 365 2125; x_wconf 90' lang='lat' dir='ltr'>snpra</span> <span class='ocrx_word' id='word_1_173' title='bbox 385 2050 644 2110; x_wconf 88' lang='lat' dir='ltr'>demonstravimus</span> <span class='ocrx_word' id='word_1_174' title='bbox 670 2066 765 2124; x_wconf 84' lang='lat' dir='ltr'>neque</span> <span class='ocrx_word' id='word_1_175' title='bbox 786 2051 833 2109; x_wconf 85' lang='lat' dir='ltr'>iric</span> <span class='ocrx_word' id='word_1_176' title='bbox 851 2051 973 2112; x_wconf 70' lang='lat' dir='ltr'>nimrius</span> <span class='ocrx_word' id='word_1_177' title='bbox 991 2054 1132 2115; x_wconf 87' lang='lat' dir='ltr'>declarari</span> 
     </span>
     <span class='ocr_line' id='line_1_22' title="bbox 85 2134 1131 2208; baseline 0.009 -18"><span class='ocrx_word' id='word_1_178' title='bbox 85 2140 157 2206; x_wconf 76' lang='lat' dir='ltr'>egoi.</span> <span class='ocrx_word' id='word_1_179' title='bbox 175 2135 259 2193; x_wconf 88' lang='lat' dir='ltr'>Laodi</span> <span class='ocrx_word' id='word_1_180' title='bbox 275 2141 370 2194; x_wconf 89' lang='lat' dir='ltr'>autem</span> <span class='ocrx_word' id='word_1_181' title='bbox 385 2135 506 2206; x_wconf 86' lang='lat' dir='ltr'>enicidio</span> <span class='ocrx_word' id='word_1_182' title='bbox 521 2134 722 2194; x_wconf 84' lang='lat' dir='ltr'>excellentiam</span> <span class='ocrx_word' id='word_1_183' title='bbox 736 2151 874 2208; x_wconf 87' lang='lat' dir='ltr'>personae</span> <span class='ocrx_word' id='word_1_184' title='bbox 888 2137 1032 2198; x_wconf 89' lang='lat' dir='ltr'>humanae</span> <span class='ocrx_word' id='word_1_185' title='bbox 1045 2153 1131 2199; x_wconf 92' lang='lat' dir='ltr'>nemo</span> 
     </span>
     <span class='ocr_line' id='line_1_23' title="bbox 84 2218 1132 2292; baseline 0.008 -16"><span class='ocrx_word' id='word_1_186' title='bbox 84 2234 141 2276; x_wconf 92' lang='lat' dir='ltr'>non</span> <span class='ocrx_word' id='word_1_187' title='bbox 157 2218 251 2288; x_wconf 85' lang='lat' dir='ltr'>videt;</span> <span class='ocrx_word' id='word_1_188' title='bbox 266 2235 334 2276; x_wconf 93' lang='lat' dir='ltr'>nam</span> <span class='ocrx_word' id='word_1_189' title='bbox 356 2234 406 2292; x_wconf 88' lang='lat' dir='ltr'>per</span> <span class='ocrx_word' id='word_1_190' title='bbox 419 2219 490 2276; x_wconf 87' lang='lat' dir='ltr'>iliud</span> <span class='ocrx_word' id='word_1_191' title='bbox 510 2219 637 2276; x_wconf 87' lang='lat' dir='ltr'>immane</span> <span class='ocrx_word' id='word_1_192' title='bbox 655 2220 808 2278; x_wconf 84' lang='lat' dir='ltr'>existentia</span> <span class='ocrx_word' id='word_1_193' title='bbox 828 2221 859 2278; x_wconf 91' lang='lat' dir='ltr'>in</span> <span class='ocrx_word' id='word_1_194' title='bbox 872 2222 1001 2281; x_wconf 89' lang='lat' dir='ltr'>medinm</span> <span class='ocrx_word' id='word_1_195' title='bbox 1016 2238 1132 2284; x_wconf 83' lang='lat' dir='ltr'>convcr-</span> 
     </span>
     <span class='ocr_line' id='line_1_24' title="bbox 85 2302 1128 2384; baseline 0.008 -23"><span class='ocrx_word' id='word_1_196' title='bbox 85 2304 155 2361; x_wconf 86' lang='lat' dir='ltr'>titur</span> <span class='ocrx_word' id='word_1_197' title='bbox 177 2303 328 2376; x_wconf 83' lang='lat' dir='ltr'>voluptatis</span> <span class='ocrx_word' id='word_1_198' title='bbox 347 2309 375 2360; x_wconf 91' lang='lat' dir='ltr'>et</span> <span class='ocrx_word' id='word_1_199' title='bbox 394 2302 545 2374; x_wconf 89' lang='lat' dir='ltr'>commodi,</span> <span class='ocrx_word' id='word_1_200' title='bbox 563 2309 677 2376; x_wconf 87' lang='lat' dir='ltr'>propter</span> <span class='ocrx_word' id='word_1_201' title='bbox 696 2305 778 2362; x_wconf 90' lang='lat' dir='ltr'>cuins</span> <span class='ocrx_word' id='word_1_202' title='bbox 792 2306 950 2365; x_wconf 83' lang='lat' dir='ltr'>carentiam</span> <span class='ocrx_word' id='word_1_203' title='bbox 963 2307 1128 2384; x_wconf 88' lang='lat' dir='ltr'>despicitur,</span> 
     </span>
     <span class='ocr_line' id='line_1_25' title="bbox 87 2385 1128 2455; baseline 0.008 -9"><span class='ocrx_word' id='word_1_204' title='bbox 87 2402 122 2446; x_wconf 88' lang='lat' dir='ltr'>nc</span> <span class='ocrx_word' id='word_1_205' title='bbox 140 2385 283 2445; x_wconf 88' lang='lat' dir='ltr'>demedio</span> <span class='ocrx_word' id='word_1_206' title='bbox 304 2385 425 2445; x_wconf 91' lang='lat' dir='ltr'>toiienda</span> <span class='ocrx_word' id='word_1_207' title='bbox 444 2401 506 2446; x_wconf 87' lang='lat' dir='ltr'>esse</span> <span class='ocrx_word' id='word_1_208' title='bbox 525 2387 649 2446; x_wconf 84' lang='lat' dir='ltr'>ducitur.</span> <span class='ocrx_word' id='word_1_209' title='bbox 671 2385 705 2447; x_wconf 87' lang='lat' dir='ltr'>Ut</span> <span class='ocrx_word' id='word_1_210' title='bbox 722 2388 851 2448; x_wconf 86' lang='lat' dir='ltr'>omittam</span> <span class='ocrx_word' id='word_1_211' title='bbox 874 2390 993 2450; x_wconf 88' lang='lat' dir='ltr'>stultum</span> <span class='ocrx_word' id='word_1_212' title='bbox 1011 2396 1128 2455; x_wconf 89' lang='lat' dir='ltr'>omnino</span> 
     </span>
    </p>
   </div>
   <div class='ocr_carea' id='block_1_5' title="bbox 84 2472 1207 2886">
    <p class='ocr_par' dir='ltr' id='par_1_5' title="bbox 84 2472 1207 2791">
     <span class='ocr_line' id='line_1_26' title="bbox 87 2472 1128 2552; baseline 0.007 -22"><span class='ocrx_word' id='word_1_213' title='bbox 87 2487 150 2530; x_wconf 84' lang='lat' dir='ltr'>esso</span> <span class='ocrx_word' id='word_1_214' title='bbox 176 2477 288 2545; x_wconf 89' lang='lat' dir='ltr'>propter</span> <span class='ocrx_word' id='word_1_215' title='bbox 306 2472 491 2545; x_wconf 88' lang='lat' dir='ltr'>temporarias</span> <span class='ocrx_word' id='word_1_216' title='bbox 511 2472 699 2545; x_wconf 78' lang='lat' dir='ltr'>calamitates,</span> <span class='ocrx_word' id='word_1_217' title='bbox 723 2490 797 2547; x_wconf 83' lang='lat' dir='ltr'>qnae</span> <span class='ocrx_word' id='word_1_218' title='bbox 816 2475 888 2532; x_wconf 83' lang='lat' dir='ltr'>forte</span> <span class='ocrx_word' id='word_1_219' title='bbox 911 2474 968 2533; x_wconf 88' lang='lat' dir='ltr'>Deo</span> <span class='ocrx_word' id='word_1_220' title='bbox 981 2475 1128 2552; x_wconf 73' lang='lat' dir='ltr'>largiente,</span> 
     </span>
     <span class='ocr_line' id='line_1_27' title="bbox 84 2556 1129 2634; baseline 0.004 -18"><span class='ocrx_word' id='word_1_221' title='bbox 84 2557 167 2617; x_wconf 88' lang='lat' dir='ltr'>brevi</span> <span class='ocrx_word' id='word_1_222' title='bbox 182 2561 249 2614; x_wconf 87' lang='lat' dir='ltr'>sunt</span> <span class='ocrx_word' id='word_1_223' title='bbox 263 2556 404 2616; x_wconf 84' lang='lat' dir='ltr'>desiturae</span> <span class='ocrx_word' id='word_1_224' title='bbox 420 2563 449 2616; x_wconf 89' lang='lat' dir='ltr'>et</span> <span class='ocrx_word' id='word_1_225' title='bbox 463 2556 493 2616; x_wconf 93' lang='lat' dir='ltr'>in</span> <span class='ocrx_word' id='word_1_226' title='bbox 505 2571 668 2632; x_wconf 88' lang='lat' dir='ltr'>prosperam</span> <span class='ocrx_word' id='word_1_227' title='bbox 678 2559 822 2616; x_wconf 83' lang='lat' dir='ltr'>fortunam</span> <span class='ocrx_word' id='word_1_228' title='bbox 837 2559 1072 2634; x_wconf 82' lang='lat' dir='ltr'>commutandae3</span> <span class='ocrx_word' id='word_1_229' title='bbox 1084 2577 1129 2620; x_wconf 91' lang='lat' dir='ltr'>re·</span> 
     </span>
     <span class='ocr_line' id='line_1_28' title="bbox 84 2640 1207 2717; baseline 0.002 -14"><span class='ocrx_word' id='word_1_230' title='bbox 84 2642 213 2703; x_wconf 81' lang='lat' dir='ltr'>medinm</span> <span class='ocrx_word' id='word_1_231' title='bbox 229 2657 374 2702; x_wconf 86' lang='lat' dir='ltr'>assumere</span> <span class='ocrx_word' id='word_1_232' title='bbox 388 2642 474 2717; x_wconf 87' lang='lat' dir='ltr'>quod,</span> <span class='ocrx_word' id='word_1_233' title='bbox 491 2647 586 2716; x_wconf 89' lang='lat' dir='ltr'>utpote</span> <span class='ocrx_word' id='word_1_234' title='bbox 601 2643 802 2717; x_wconf 80' lang='lat' dir='ltr'>gravissimum</span> <span class='ocrx_word' id='word_1_235' title='bbox 816 2640 918 2716; x_wconf 83' lang='lat' dir='ltr'>scelus,</span> <span class='ocrx_word' id='word_1_236' title='bbox 942 2649 1089 2704; x_wconf 85' lang='lat' dir='ltr'>aotemam</span> <span class='ocrx_word' id='word_1_237' title='bbox 1103 2653 1133 2705; x_wconf 91' lang='lat' dir='ltr'>et</span> <span class='ocrx_word' id='word_1_238' title='bbox 1204 2673 1207 2676; x_wconf 42' lang='lat'><strong>⁴</strong></span> 
     </span>
     <span class='ocr_line' id='line_1_29' title="bbox 84 2727 757 2791; baseline -0.006 -3"><span class='ocrx_word' id='word_1_239' title='bbox 84 2727 164 2788; x_wconf 91' lang='lat' dir='ltr'>omni</span> <span class='ocrx_word' id='word_1_240' title='bbox 181 2727 334 2786; x_wconf 88' lang='lat' dir='ltr'>acerbitate</span> <span class='ocrx_word' id='word_1_241' title='bbox 354 2728 487 2791; x_wconf 85' lang='lat' dir='ltr'>reiertarn</span> <span class='ocrx_word' id='word_1_242' title='bbox 502 2727 649 2786; x_wconf 88' lang='lat' dir='ltr'>miseriem</span> <span class='ocrx_word' id='word_1_243' title='bbox 663 2727 757 2785; x_wconf 76' lang='lat' dir='ltr'>affert.</span> 
     </span>
    </p>

    <p class='ocr_par' dir='ltr' id='par_1_6' title="bbox 123 2811 1133 2886">
     <span class='ocr_line' id='line_1_30' title="bbox 123 2811 1133 2886; baseline 0.004 -17"><span class='ocrx_word' id='word_1_244' title='bbox 123 2813 213 2885; x_wconf 80' lang='lat' dir='ltr'>dique</span> <span class='ocrx_word' id='word_1_245' title='bbox 228 2812 294 2869; x_wconf 86' lang='lat' dir='ltr'>irinc</span> <span class='ocrx_word' id='word_1_246' title='bbox 308 2827 478 2885; x_wconf 88' lang='lat' dir='ltr'>responsum</span> <span class='ocrx_word' id='word_1_247' title='bbox 494 2813 580 2870; x_wconf 87' lang='lat' dir='ltr'>etiarn</span> <span class='ocrx_word' id='word_1_248' title='bbox 595 2811 686 2886; x_wconf 87' lang='lat' dir='ltr'>aptari</span> <span class='ocrx_word' id='word_1_249' title='bbox 697 2815 789 2884; x_wconf 87' lang='lat' dir='ltr'>potest</span> <span class='ocrx_word' id='word_1_250' title='bbox 802 2811 883 2869; x_wconf 86' lang='lat' dir='ltr'>elteri</span> <span class='ocrx_word' id='word_1_251' title='bbox 893 2812 967 2885; x_wconf 87' lang='lat' dir='ltr'>parti</span> <span class='ocrx_word' id='word_1_252' title='bbox 981 2812 1133 2873; x_wconf 87' lang='lat' dir='ltr'>diiiicuita·</span> 
     </span>
    </p>
   </div>
   <div class='ocr_carea' id='block_1_6' title="bbox 83 2978 1138 3990">
    <p class='ocr_par' dir='ltr' id='par_1_7' title="bbox 83 2978 1138 3631">
     <span class='ocr_line' id='line_1_31' title="bbox 85 2978 1132 3057; baseline 0.002 -15"><span class='ocrx_word' id='word_1_253' title='bbox 85 2978 257 3054; x_wconf 86' lang='lat' dir='ltr'>enppeditat,</span> <span class='ocrx_word' id='word_1_254' title='bbox 279 2979 329 3037; x_wconf 90' lang='lat' dir='ltr'>sed</span> <span class='ocrx_word' id='word_1_255' title='bbox 351 2978 501 3037; x_wconf 88' lang='lat' dir='ltr'>materiam</span> <span class='ocrx_word' id='word_1_256' title='bbox 517 2979 628 3037; x_wconf 87' lang='lat' dir='ltr'>virtutis</span> <span class='ocrx_word' id='word_1_257' title='bbox 650 2978 829 3052; x_wconf 73' lang='lat' dir='ltr'>excelsioris,</span> <span class='ocrx_word' id='word_1_258' title='bbox 846 2995 903 3055; x_wconf 90' lang='lat' dir='ltr'>qno</span> <span class='ocrx_word' id='word_1_259' title='bbox 924 2987 1008 3057; x_wconf 89' lang='lat' dir='ltr'>pacto</span> <span class='ocrx_word' id='word_1_260' title='bbox 1028 2983 1132 3047; x_wconf 87' lang='lat' dir='ltr'>coniici</span> 
     </span>
     <span class='ocr_line' id='line_1_32' title="bbox 84 3063 1131 3142; baseline 0.003 -17"><span class='ocrx_word' id='word_1_261' title='bbox 84 3069 179 3142; x_wconf 89' lang='lat' dir='ltr'>potest</span> <span class='ocrx_word' id='word_1_262' title='bbox 192 3069 311 3123; x_wconf 87' lang='lat' dir='ltr'>naturae</span> <span class='ocrx_word' id='word_1_263' title='bbox 325 3063 437 3123; x_wconf 85' lang='lat' dir='ltr'>iussum</span> <span class='ocrx_word' id='word_1_264' title='bbox 453 3068 503 3121; x_wconf 89' lang='lat' dir='ltr'>ant</span> <span class='ocrx_word' id='word_1_265' title='bbox 512 3063 612 3121; x_wconf 89' lang='lat' dir='ltr'>saitem</span> <span class='ocrx_word' id='word_1_266' title='bbox 627 3063 777 3136; x_wconf 89' lang='lat' dir='ltr'>permissio</span> <span class='ocrx_word' id='word_1_267' title='bbox 796 3064 876 3125; x_wconf 83' lang='lat' dir='ltr'>illinc</span> <span class='ocrx_word' id='word_1_268' title='bbox 889 3066 1086 3142; x_wconf 76' lang='lat' dir='ltr'>demigrandi?</span> <span class='ocrx_word' id='word_1_269' title='bbox 1100 3070 1131 3128; x_wconf 91' lang='lat' dir='ltr'>in</span> 
     </span>
     <span class='ocr_line' id='line_1_33' title="bbox 86 3147 1131 3228; baseline 0.004 -19"><span class='ocrx_word' id='word_1_270' title='bbox 86 3149 148 3209; x_wconf 89' lang='lat' dir='ltr'>soie</span> <span class='ocrx_word' id='word_1_271' title='bbox 162 3147 302 3214; x_wconf 88' lang='lat' dir='ltr'>sententia</span> <span class='ocrx_word' id='word_1_272' title='bbox 315 3147 565 3206; x_wconf 87' lang='lat' dir='ltr'>materialistarnm</span> <span class='ocrx_word' id='word_1_273' title='bbox 581 3147 609 3204; x_wconf 89' lang='lat' dir='ltr'>id</span> <span class='ocrx_word' id='word_1_274' title='bbox 624 3147 720 3205; x_wconf 90' lang='lat' dir='ltr'>iocum</span> <span class='ocrx_word' id='word_1_275' title='bbox 735 3147 830 3209; x_wconf 88' lang='lat' dir='ltr'>habet.</span> <span class='ocrx_word' id='word_1_276' title='bbox 847 3150 902 3209; x_wconf 85' lang='lat' dir='ltr'>sed</span> <span class='ocrx_word' id='word_1_277' title='bbox 920 3151 955 3225; x_wconf 90' lang='lat' dir='ltr'>si,</span> <span class='ocrx_word' id='word_1_278' title='bbox 971 3157 1005 3212; x_wconf 91' lang='lat' dir='ltr'>nt</span> <span class='ocrx_word' id='word_1_279' title='bbox 1017 3160 1131 3228; x_wconf 85' lang='lat' dir='ltr'>parcet,</span> 
     </span>
     <span class='ocr_line' id='line_1_34' title="bbox 88 3231 1134 3309; baseline 0.007 -19"><span class='ocrx_word' id='word_1_280' title='bbox 88 3238 203 3309; x_wconf 88' lang='lat' dir='ltr'>practer</span> <span class='ocrx_word' id='word_1_281' title='bbox 216 3232 365 3291; x_wconf 88' lang='lat' dir='ltr'>materiam</span> <span class='ocrx_word' id='word_1_282' title='bbox 385 3231 560 3306; x_wconf 90' lang='lat' dir='ltr'>principium</span> <span class='ocrx_word' id='word_1_283' title='bbox 575 3231 657 3305; x_wconf 83' lang='lat' dir='ltr'>ionga</span> <span class='ocrx_word' id='word_1_284' title='bbox 678 3232 763 3291; x_wconf 83' lang='lat' dir='ltr'>attins</span> <span class='ocrx_word' id='word_1_285' title='bbox 778 3248 812 3293; x_wconf 88' lang='lat' dir='ltr'>ac</span> <span class='ocrx_word' id='word_1_286' title='bbox 833 3234 959 3296; x_wconf 79' lang='lat' dir='ltr'>divinius</span> <span class='ocrx_word' id='word_1_287' title='bbox 973 3237 1004 3296; x_wconf 92' lang='lat' dir='ltr'>in</span> <span class='ocrx_word' id='word_1_288' title='bbox 1018 3237 1134 3297; x_wconf 87' lang='lat' dir='ltr'>homine</span> 
     </span>
     <span class='ocr_line' id='line_1_35' title="bbox 88 3315 1135 3394; baseline 0.005 -17"><span class='ocrx_word' id='word_1_289' title='bbox 88 3317 263 3390; x_wconf 72' lang='lat' dir='ltr'>agnoscitur,</span> <span class='ocrx_word' id='word_1_290' title='bbox 275 3317 351 3391; x_wconf 84' lang='lat' dir='ltr'>quod</span> <span class='ocrx_word' id='word_1_291' title='bbox 361 3331 418 3375; x_wconf 94' lang='lat' dir='ltr'>non</span> <span class='ocrx_word' id='word_1_292' title='bbox 434 3317 521 3375; x_wconf 85' lang='lat' dir='ltr'>nnius</span> <span class='ocrx_word' id='word_1_293' title='bbox 531 3317 605 3375; x_wconf 86' lang='lat' dir='ltr'>vitae</span> <span class='ocrx_word' id='word_1_294' title='bbox 619 3315 788 3379; x_wconf 88' lang='lat' dir='ltr'>deiiciissed</span> <span class='ocrx_word' id='word_1_295' title='bbox 798 3318 902 3379; x_wconf 78' lang='lat' dir='ltr'>virtute</span> <span class='ocrx_word' id='word_1_296' title='bbox 916 3321 1043 3394; x_wconf 87' lang='lat' dir='ltr'>pascitur</span> <span class='ocrx_word' id='word_1_297' title='bbox 1057 3327 1086 3382; x_wconf 90' lang='lat' dir='ltr'>et</span> <span class='ocrx_word' id='word_1_298' title='bbox 1094 3321 1135 3382; x_wconf 85' lang='lat' dir='ltr'>ri·</span> 
     </span>
     <span class='ocr_line' id='line_1_36' title="bbox 87 3401 1134 3481; baseline 0.006 -21"><span class='ocrx_word' id='word_1_299' title='bbox 87 3409 152 3478; x_wconf 77' lang='lat' dir='ltr'>got3</span> <span class='ocrx_word' id='word_1_300' title='bbox 170 3402 343 3461; x_wconf 84' lang='lat' dir='ltr'>contrarium</span> <span class='ocrx_word' id='word_1_301' title='bbox 367 3401 483 3461; x_wconf 90' lang='lat' dir='ltr'>omnino</span> <span class='ocrx_word' id='word_1_302' title='bbox 504 3401 703 3461; x_wconf 88' lang='lat' dir='ltr'>deducendum</span> <span class='ocrx_word' id='word_1_303' title='bbox 722 3418 740 3460; x_wconf 92' lang='lat' dir='ltr'>a</span> <span class='ocrx_word' id='word_1_304' title='bbox 758 3403 868 3481; x_wconf 82' lang='lat' dir='ltr'>ratione</span> <span class='ocrx_word' id='word_1_305' title='bbox 890 3411 949 3481; x_wconf 80' lang='lat' dir='ltr'>est3</span> <span class='ocrx_word' id='word_1_306' title='bbox 972 3420 1056 3480; x_wconf 83' lang='lat' dir='ltr'>quae,</span> <span class='ocrx_word' id='word_1_307' title='bbox 1076 3421 1134 3481; x_wconf 84' lang='lat' dir='ltr'>qno</span> 
     </span>
     <span class='ocr_line' id='line_1_37' title="bbox 86 3483 1138 3564; baseline 0.005 -19"><span class='ocrx_word' id='word_1_308' title='bbox 86 3487 182 3560; x_wconf 78' lang='lat' dir='ltr'>magis</span> <span class='ocrx_word' id='word_1_309' title='bbox 198 3487 256 3545; x_wconf 88' lang='lat' dir='ltr'>vite</span> <span class='ocrx_word' id='word_1_310' title='bbox 275 3483 414 3560; x_wconf 87' lang='lat' dir='ltr'>palaestra</span> <span class='ocrx_word' id='word_1_311' title='bbox 429 3487 541 3546; x_wconf 80' lang='lat' dir='ltr'>virtutis</span> <span class='ocrx_word' id='word_1_312' title='bbox 555 3485 689 3561; x_wconf 80' lang='lat' dir='ltr'>efficitur,</span> <span class='ocrx_word' id='word_1_313' title='bbox 702 3502 737 3546; x_wconf 91' lang='lat' dir='ltr'>eo</span> <span class='ocrx_word' id='word_1_314' title='bbox 750 3488 852 3547; x_wconf 90' lang='lat' dir='ltr'>maiori</span> <span class='ocrx_word' id='word_1_315' title='bbox 867 3488 1043 3564; x_wconf 90' lang='lat' dir='ltr'>pretioiliam</span> <span class='ocrx_word' id='word_1_316' title='bbox 1054 3492 1138 3550; x_wconf 88' lang='lat' dir='ltr'>aesti-</span> 
     </span>
     <span class='ocr_line' id='line_1_38' title="bbox 83 3571 411 3631; baseline -0.006 -1"><span class='ocrx_word' id='word_1_317' title='bbox 83 3573 223 3631; x_wconf 90' lang='lat' dir='ltr'>mandam</span> <span class='ocrx_word' id='word_1_318' title='bbox 237 3587 300 3630; x_wconf 90' lang='lat' dir='ltr'>cese</span> <span class='ocrx_word' id='word_1_319' title='bbox 315 3571 411 3630; x_wconf 85' lang='lat' dir='ltr'>dictat.</span> 
     </span>
    </p>

    <p class='ocr_par' dir='ltr' id='par_1_8' title="bbox 85 3657 1136 3990">
     <span class='ocr_line' id='line_1_39' title="bbox 122 3657 1135 3736; baseline 0.005 -22"><span class='ocrx_word' id='word_1_320' title='bbox 122 3657 277 3731; x_wconf 89' lang='lat' dir='ltr'>imperium</span> <span class='ocrx_word' id='word_1_321' title='bbox 290 3673 366 3731; x_wconf 85' lang='lat' dir='ltr'>vero,</span> <span class='ocrx_word' id='word_1_322' title='bbox 383 3658 457 3732; x_wconf 82' lang='lat' dir='ltr'>quod</span> <span class='ocrx_word' id='word_1_323' title='bbox 475 3663 579 3717; x_wconf 90' lang='lat' dir='ltr'>natura</span> <span class='ocrx_word' id='word_1_324' title='bbox 593 3657 671 3718; x_wconf 90' lang='lat' dir='ltr'>dedit</span> <span class='ocrx_word' id='word_1_325' title='bbox 685 3658 716 3718; x_wconf 94' lang='lat' dir='ltr'>in</span> <span class='ocrx_word' id='word_1_326' title='bbox 730 3659 890 3734; x_wconf 90' lang='lat' dir='ltr'>materiem,</span> <span class='ocrx_word' id='word_1_327' title='bbox 906 3660 1067 3735; x_wconf 87' lang='lat' dir='ltr'>oppositum</span> <span class='ocrx_word' id='word_1_328' title='bbox 1083 3675 1135 3736; x_wconf 92' lang='lat' dir='ltr'>po·</span> 
     </span>
     <span class='ocr_line' id='line_1_40' title="bbox 85 3740 1135 3819; baseline 0.007 -21"><span class='ocrx_word' id='word_1_329' title='bbox 85 3740 145 3798; x_wconf 89' lang='lat' dir='ltr'>tius</span> <span class='ocrx_word' id='word_1_330' title='bbox 163 3743 278 3802; x_wconf 84' lang='lat' dir='ltr'>evincit.</span> <span class='ocrx_word' id='word_1_331' title='bbox 304 3741 412 3802; x_wconf 90' lang='lat' dir='ltr'>idcirco</span> <span class='ocrx_word' id='word_1_332' title='bbox 431 3742 509 3801; x_wconf 89' lang='lat' dir='ltr'>enirn</span> <span class='ocrx_word' id='word_1_333' title='bbox 530 3743 628 3801; x_wconf 90' lang='lat' dir='ltr'>datum</span> <span class='ocrx_word' id='word_1_334' title='bbox 646 3741 731 3803; x_wconf 88' lang='lat' dir='ltr'>nobie</span> <span class='ocrx_word' id='word_1_335' title='bbox 750 3759 768 3802; x_wconf 91' lang='lat' dir='ltr'>e</span> <span class='ocrx_word' id='word_1_336' title='bbox 790 3749 894 3804; x_wconf 87' lang='lat' dir='ltr'>natura</span> <span class='ocrx_word' id='word_1_337' title='bbox 909 3750 973 3819; x_wconf 90' lang='lat' dir='ltr'>est,</span> <span class='ocrx_word' id='word_1_338' title='bbox 994 3750 1027 3805; x_wconf 95' lang='lat' dir='ltr'>nt</span> <span class='ocrx_word' id='word_1_339' title='bbox 1044 3745 1135 3805; x_wconf 86' lang='lat' dir='ltr'>ritem</span> 
     </span>
     <span class='ocr_line' id='line_1_41' title="bbox 86 3826 1136 3898; baseline 0.009 -17"><span class='ocrx_word' id='word_1_340' title='bbox 86 3826 237 3898; x_wconf 86' lang='lat' dir='ltr'>compositi</span> <span class='ocrx_word' id='word_1_341' title='bbox 256 3827 360 3888; x_wconf 81' lang='lat' dir='ltr'>exinde</span> <span class='ocrx_word' id='word_1_342' title='bbox 382 3828 513 3887; x_wconf 86' lang='lat' dir='ltr'>iuvemus</span> <span class='ocrx_word' id='word_1_343' title='bbox 530 3843 566 3888; x_wconf 90' lang='lat' dir='ltr'>ac</span> <span class='ocrx_word' id='word_1_344' title='bbox 579 3828 776 3888; x_wconf 79' lang='lat' dir='ltr'>defendamus.</span> <span class='ocrx_word' id='word_1_345' title='bbox 798 3829 891 3898; x_wconf 79' lang='lat' dir='ltr'>Quare</span> <span class='ocrx_word' id='word_1_346' title='bbox 909 3845 968 3890; x_wconf 94' lang='lat' dir='ltr'>non</span> <span class='ocrx_word' id='word_1_347' title='bbox 980 3830 1024 3890; x_wconf 93' lang='lat' dir='ltr'>sic</span> <span class='ocrx_word' id='word_1_348' title='bbox 1037 3836 1136 3891; x_wconf 82' lang='lat' dir='ltr'>exien-</span> 
     </span>
     <span class='ocr_line' id='line_1_42' title="bbox 86 3908 1135 3990; baseline 0.01 -22"><span class='ocrx_word' id='word_1_349' title='bbox 86 3908 185 3982; x_wconf 91' lang='lat' dir='ltr'>ditnr,</span> <span class='ocrx_word' id='word_1_350' title='bbox 202 3915 235 3968; x_wconf 90' lang='lat' dir='ltr'>nt</span> <span class='ocrx_word' id='word_1_351' title='bbox 254 3912 410 3986; x_wconf 89' lang='lat' dir='ltr'>portionem</span> <span class='ocrx_word' id='word_1_352' title='bbox 428 3912 514 3973; x_wconf 86' lang='lat' dir='ltr'>etiam</span> <span class='ocrx_word' id='word_1_353' title='bbox 531 3912 686 3988; x_wconf 85' lang='lat' dir='ltr'>materiae,</span> <span class='ocrx_word' id='word_1_354' title='bbox 702 3929 776 3990; x_wconf 82' lang='lat' dir='ltr'>qrrae</span> <span class='ocrx_word' id='word_1_355' title='bbox 790 3913 827 3977; x_wconf 85' lang='lat' dir='ltr'>ad</span> <span class='ocrx_word' id='word_1_356' title='bbox 843 3915 1022 3977; x_wconf 75' lang='lat' dir='ltr'>subeundae</span> <span class='ocrx_word' id='word_1_357' title='bbox 1036 3915 1135 3978; x_wconf 84' lang='lat' dir='ltr'>huma·</span> 
     </span>
    </p>
   </div>
   <div class='ocr_carea' id='block_1_7' title="bbox 920 4003 938 4065">
    <p class='ocr_par' dir='ltr' id='par_1_9' title="bbox 920 4003 938 4065">
     <span class='ocr_line' id='line_1_43' title="bbox 920 4003 938 4065; baseline 0 0"><span class='ocrx_word' id='word_1_358' title='bbox 920 4003 938 4065; x_wconf 87' lang='grc'>8</span> 
     </span>
    </p>
   </div>
   <div class='ocr_carea' id='block_1_8' title="bbox 0 0 1391 4492">
    <p class='ocr_par' dir='ltr' id='par_1_10' title="bbox 0 0 1391 4492">
     <span class='ocr_line' id='line_1_44' title="bbox 0 0 1391 4492; baseline 0 0"><span class='ocrx_word' id='word_1_359' title='bbox 0 0 1391 4492; x_wconf 95' lang='lat' dir='ltr'> </span> 
     </span>
    </p>
   </div>
  </div>
 </body>
</html>
