2767 4492
421 267 859 320 ransitum-usserman
1109 259 1162 324 183

124 354 211 428 larcit,
231 352 364 444 monuit,
373 353 452 430 ,Ergo
467 368 642 430 consequens
656 357 700 412 est
712 360 745 414 ut
757 371 816 414 una
828 354 936 432 pariter
953 368 1021 416 cum
1044 359 1163 431 corporo

127 439 247 500 intereat
262 441 287 500 l.

156 523 240 600 llasp.
252 524 408 584 Difficultas
421 524 492 584 baec
516 523 740 584 amalerialistis
754 523 791 581 ad
814 526 906 584 ravim
927 524 1039 586 obiecta
1052 538 1091 586 ex
1113 526 1159 600 iis,

122 625 195 683 puae
213 608 248 668 ds
272 609 362 668 animi
376 614 478 668 natura
493 609 611 683 probata
625 613 702 680 suut,
722 607 807 682 plane
832 610 967 668 vanescit.
994 610 1162 671 lllutationeo

122 692 277 752 cuimillae
301 693 397 752 animo
421 694 589 767 corporique
603 707 781 764 communes,
798 691 880 751 aliter
894 694 926 751 in
948 693 1054 763 animo,
1079 686 1177 755 aliter'

85 785 87 792 ‘
122 777 289 851 accingunt
302 778 333 838 in
348 794 473 852 corpore.
486 779 556 858 Nam
572 777 685 840 animus
700 776 816 850 quidem
829 792 888 836 uua
901 792 968 836 cum
977 793 1162 854 corporepro-

121 861 243 934 ducitur,
255 863 304 920 sod
320 861 402 936 longe
416 863 527 922 diverso
542 860 737 935 productionis
751 860 844 919 modo.
861 861 979 920 Animus
993 862 1072 920 enim
1086 878 1162 922 crea·

121 945 197 1005 tione
206 946 331 1018 gignitur
341 951 369 1004 et
383 947 479 1006 divina
490 963 607 1020 prorsus
621 946 795 1018 operatione3
811 961 828 1003 e
842 946 985 1004 contrario
994 960 1097 1020 corpus
1117 963 1163 1020 ge·

120 1030 266 1090 natatione
276 1030 308 1088 ut
317 1036 344 1089 et
354 1036 512 1090 creatmum
527 1031 713 1090 efficientium
722 1029 889 1089 ministerio.
898 1030 1004 1089 Deinde
1013 1033 1166 1093 succrescit

121 1129 223 1189 corpus
239 1114 362 1187 partium
377 1128 515 1173 novarum
535 1114 743 1187 additamento,
759 1119 789 1172 at
802 1115 916 1174 animus
925 1120 1044 1189 augetur
1052 1121 1081 1175 et
1090 1115 1165 1177 locu·

121 1199 244 1272 pletatur
267 1198 459 1272 adipiscendis
484 1198 567 1266 ideis,
585 1214 658 1272 quae
672 1214 726 1257 nec
744 1205 879 1257 extensae
893 1206 959 1258 sunt
977 1214 1030 1259 uec
1047 1201 1167 1260 materia

121 1282 180 1343 ulla
194 1288 391 1342 concrescunt.
408 1282 498 1341 Tertio
513 1287 639 1354 aegrotat
654 1297 759 1355 corpus
773 1282 935 1355 humorum,
951 1299 1022 1356 quos
1031 1285 1166 1358 continet,

122 1363 327 1438 temperatione
340 1365 462 1437 turbata,
478 1370 506 1424 et
521 1365 644 1438 partium
658 1364 763 1438 quibus
773 1365 907 1424 coalescit
917 1365 1108 1441 distractione,
1119 1384 1165 1427 ae

122 1449 342 1522 grotatauimus
357 1449 434 1510 curis
448 1455 476 1507 el
491 1449 644 1508 affectuum
655 1449 789 1522 tumultu,
806 1449 835 1508 in
851 1465 907 1523 quo
921 1466 979 1510 non
993 1451 1101 1524 abqrud
1123 1451 1167 1510 sui

123 1532 238 1604 amittit,
250 1532 301 1590 scd
316 1548 401 1606 saepe
416 1533 559 1606 cogitandi
575 1533 770 1606 sentiendique
785 1532 844 1591 vim
863 1533 1005 1606 potentius
1019 1535 1168 1610 acriusque

123 1617 260 1689 explicat.
280 1617 407 1691 Denique
421 1618 514 1691 quoad
531 1617 698 1690 languorem
713 1624 741 1675 et
757 1617 889 1675 inertiam
903 1618 993 1678 animi
1007 1634 1045 1677 ex
1054 1618 1169 1691 langue

123 1705 219 1761 scente
234 1707 262 1760 el
286 1701 417 1760 hebetato
431 1715 548 1775 corpore
566 1700 793 1774 provenientem,
810 1701 841 1759 id
854 1701 884 1760 in
900 1701 1002 1775 primis
1015 1717 1073 1762 non
1095 1717 1169 1762 sem·

122 1800 176 1858 per
188 1785 300 1846 accidit.
312 1787 383 1846 llam
397 1801 481 1860 saepe
497 1785 591 1844 attrito
604 1799 721 1858 corpore
731 1783 926 1858 membrisque
941 1785 1093 1857 distractio,
1110 1799 1169 1844 non

124 1869 208 1928 ruodo
220 1869 330 1943 integra
345 1871 393 1928 sed
410 1870 497 1928 etiam
511 1868 594 1942 longe
609 1868 736 1926 vivacior
749 1867 793 1925 vis
807 1869 936 1941 proditur
949 1869 1102 1942 cogitandi.
1116 1870 1169 1930 lta·

122 1967 188 2012 rurn
201 1968 405 2027 saepenumero
420 1969 476 2027 quo
490 1954 582 2026 magis
596 1952 673 2026 viget
687 1967 799 2026 corpus,
817 1967 850 2011 eo
868 1953 996 2012 hebetior
1011 1953 1054 2013 ris
1067 1958 1111 2012 est
1128 1954 1170 2012 in·

126 2036 279 2111 telligendi,
296 2053 329 2106 ac
347 2038 525 2096 ratiocinatio
539 2037 675 2096 obtusior:
696 2042 795 2096 eontra
820 2036 1030 2096 defervescente
1044 2037 1170 2111 corporis

126 2121 250 2193 energia,
260 2121 379 2181 ualidior
395 2123 523 2180 redditur
537 2123 649 2180 enimus
663 2115 903 2194 intelligentiaque
923 2122 1072 2194 mandor.
1091 2121 1170 2190 cuod
1204 2121 1208 2129 '

127 2202 158 2264 iu
176 2210 320 2262 senectute
334 2205 512 2277 potissimum
526 2203 621 2262 ridere
636 2209 687 2276 est3
703 2205 735 2262 in
749 2220 806 2278 qua
818 2206 871 2262 etsi
887 2205 971 2264 bomo
984 2221 1101 2279 corpore
1112 2209 1171 2266 uta·
1221 2201 1225 2208 '

130 2290 175 2343 tur
184 2285 369 2360 languidiore,
379 2288 585 2347 tameumenlis
593 2287 734 2361 acumine,
747 2288 925 2363 cogitatione,
936 2290 1096 2364 prudentia,
1107 2305 1171 2352 ocu·

268 2471 280 2520 t
299 2472 411 2521 Praeterea
427 2472 486 2534 gigni
503 2473 584 2535 puriter
600 2487 649 2522 eum
668 2489 757 2536 corpora
773 2478 854 2522 cluna

298 2548 397 2594 Grasoero
414 2547 528 2611 sentimus,
544 2551 669 2612 pariterque
684 2554 915 2598 numerarentur.

243 2671 244 2676 ,
299 2621 354 2668 Nam
370 2621 430 2670 volut
443 2623 531 2670 infirmo
545 2625 607 2687 pueri
622 2629 741 2688 teneroque
754 2629 861 2686 reguntur

298 2699 404 2763 Corpore5
422 2701 454 2746 sio
470 2701 537 2748 animi
554 2702 652 2764 sequitur
667 2701 778 2748 sententis
795 2698 875 2746 urrais.

299 2767 353 2822 inda
370 2774 407 2820 ubi
424 2775 519 2822 robustis
535 2774 629 2822 adolevit
643 2776 726 2822 viribus
743 2778 810 2833 raus,

301 2847 422 2912 Consilium
438 2864 524 2910 quoque
541 2850 611 2895 maius
628 2853 649 2893 et
664 2848 748 2892 auctior
764 2846 797 2890 est
812 2845 880 2890 animi
895 2845 937 2891 ris.

302 2923 354 2967 Post
370 2923 407 2967 ubi
425 2923 468 2967 ium
484 2923 564 2968 ualidis
580 2925 708 2984 quassatum
724 2924 756 2964 ert
770 2917 854 2966 viribus
868 2919 916 2967 tori

303 2996 394 3056 Corpus,
411 2999 433 3041 et
447 2995 530 3040 obtusis
546 2995 673 3041 oecidcruul
688 2992 772 3038 viribus
788 2998 856 3055 artus,

304 3067 418 3114 duplicat
432 3069 554 3132 ingenim,
570 3068 648 3114 delirat
664 3067 783 3128 linguaque
797 3083 910 3133 ruensque,

305 3142 384 3189 Omnia
400 3141 515 3205 definiunt,
530 3148 594 3206 atqua
610 3157 655 3188 uno
671 3145 769 3204 tempora
784 3142 871 3190 derum
898 3185 903 3202 ,

302 3221 359 3280 Fuga
375 3219 464 3268 dissolvi
480 3235 566 3284 quoqne
581 3221 683 3267 aonronit
697 3235 785 3266 omnem
800 3221 882 3267 animal

305 3282 474 3358 Naturrm‚'can
487 3293 560 3342 furnus
577 3297 600 3341 in
616 3295 671 3342 altus
684 3295 741 3342 stris
757 3310 829 3357 anm,

306 3370 485 3434 Quandoquidem
502 3371 561 3434 gigni
577 3372 667 3436 puriter,
685 3371 808 3432 pariterque
822 3370 921 3420 ridemus

305 3447 412 3509 Crescue,
430 3453 452 3492 et
467 3447 578 3510 aldoeni,
596 3445 661 3494 simui
676 3462 729 3493 aero
745 3446 801 3492 fessa
815 3446 902 3493 fatiscit.

305 3522 353 3570 lluc
367 3522 451 3570 accedit
465 3524 497 3569 uti
511 3523 622 3570 rideamus
639 3538 717 3586 corpus
733 3525 758 3568 ut
772 3522 845 3586 ipsum

306 3598 419 3660 Suscipere
434 3599 539 3646 immunes
555 3598 650 3660 morbos,
667 3598 788 3660 durumque
804 3595 915 3662 dolorem3

307 3672 342 3720 sta
358 3674 616 3735 natumiuniores,
634 3672 760 3734 luctumque
776 3675 909 3734 mrtnmqus.

308 3749 379 3806 Quare
393 3749 521 3813 participem
536 3749 589 3796 lettl
606 3763 692 3812 quoquc
707 3747 810 3799 convenit
823 3763 878 3798 aaa.

139 3825 173 3874 Dr
188 3837 270 3877 reram
282 3829 372 3876 orioro
384 3824 423 3873 lib.
441 3825 464 3890 t,
480 3835 502 3878 r.
519 3825 567 3876 446
582 3829 605 3874 rt
618 3839 665 3888 up.
