2767 4492
211 300 246 360 20
654 305 814 352 nannum

210 395 285 454 natis
299 393 440 467 appetitus
454 391 485 450 in
499 390 614 449 bomine
628 390 799 463 praecipuus
813 388 869 461 sit,
886 389 969 463 eique
983 388 1151 448 subiaceant
1164 389 1256 449 senst-

211 479 272 550 lcs3
290 476 319 534 id
334 474 500 548 simpliciter
518 478 648 546 respectu
670 474 795 532 bominis
816 473 924 530 bonnm
945 472 1017 545 erit,
1033 474 1110 545 quod
1122 473 1257 532 rationali

212 559 380 635 appetitioni
393 559 553 632 respondet.
570 558 646 624 Quae
662 563 758 614 autem
771 557 944 630 respondent
958 557 1098 630 sensibus,
1111 558 1136 615 si
1151 557 1256 616 rationi

212 660 270 704 non
284 644 458 703 reluctentur
472 656 525 700 nec
540 641 647 699 bouum
667 641 794 698 adimant
815 641 857 698 illi
878 640 1006 698 debitum
1024 642 1074 699 sed
1093 641 1187 714 potius
1200 641 1257 714 ipsi

214 728 394 798 deserviant,
415 727 491 784 bona
508 724 708 796 habebuntur3
725 724 768 782 sin
791 725 891 797 aliter,
907 725 961 783 etsi
979 732 1110 798 respectu
1131 726 1259 798 corporis

213 811 380 882 sensitisqne
394 808 586 868 inclinationis
601 809 676 865 bona
691 807 748 865 dici
762 809 889 880 possint;
911 814 1007 866 tanmn
1021 815 1152 882 respectu
1165 810 1258 868 bomi-

212 896 276 968 nis,
293 898 378 968 pront
391 893 416 951 is
432 893 561 951 ordinata
575 891 716 965 quaedam
730 897 834 950 natura
848 896 903 962 est,
920 892 996 950 mala
1009 898 1103 950 erunt.
1119 893 1157 950 dc
1169 893 1195 950 si
1208 894 1260 952 bo·

211 994 259 1048 mo
273 977 400 1036 bonitate
414 977 463 1034 illa
479 976 610 1034 sensibus
623 975 836 1034 accommodata
852 975 895 1033 sic
908 975 982 1033 trahi
995 991 1027 1033 se
1041 976 1125 1048 sinat,
1143 976 1258 1034 atinde

211 1062 413 1122 detrimentum
427 1060 458 1118 in
470 1060 610 1118 rationem
620 1059 776 1132 pmveniat,
789 1059 897 1116 malum
908 1063 1030 1132 appetet
1047 1058 1114 1116 licet
1127 1073 1184 1116 non
1200 1059 1257 1118 snb

211 1147 321 1206 ratione
335 1143 414 1217 mali,
432 1144 481 1202 sed
496 1143 549 1202 sub
564 1143 632 1201 boni
647 1143 742 1216 specie
758 1142 934 1205 delitescens.
1269 1190 1280 1198 .

246 1231 273 1288 l.
295 1229 407 1288 denatat
428 1228 514 1300 igitur
537 1227 681 1284 hominem
703 1226 733 1284 in
748 1226 856 1285 bonum
879 1225 968 1298 lorri;
986 1230 1046 1284 tum
1068 1227 1156 1285 etiam
1175 1230 1257 1299 patet

213 1313 355 1388 quodnam
369 1311 493 1369 bominis
508 1311 545 1369 sit
558 1311 681 1382 bonum3
698 1325 802 1383 nempe
815 1311 922 1368 bouum
938 1309 1065 1380 radonis
1078 1311 1124 1369 cni
1140 1310 1255 1383 sensile,

211 1403 244 1456 ut
258 1401 414 1471 appetatur,
426 1393 722 1466 nunquamreluetari
737 1394 787 1455 sed
797 1393 893 1466 potins
902 1394 1010 1451 servire
1024 1393 1117 1451 debet.
1134 1394 1260 1453 inbonis

213 1487 309 1539 autem
325 1479 379 1538 tria
391 1477 565 1536 considerari
580 1482 708 1550 possunt:
724 1477 858 1550 utilitas,
875 1475 1025 1547 inornatas,
1043 1477 1188 1550 voluptas.
1204 1477 1262 1536 Uti-

213 1563 278 1622 litas
292 1569 334 1622 est
349 1562 476 1636 aptitudo
491 1575 578 1634 quam
593 1559 702 1618 bonnm
717 1560 831 1632 aliquod
855 1559 943 1617 babet
956 1567 1086 1632 respectu
1101 1560 1261 1632 adeptionis

214 1647 329 1706 alterius
339 1646 417 1719 boni,
430 1645 465 1704 ad
476 1645 552 1718 quod
561 1644 792 1717 consequendum
803 1659 857 1700 ceu
866 1643 991 1701 medium
1001 1644 1135 1716 suppetit.
1150 1645 1261 1702 Bonum

214 1731 333 1804 proinde
355 1728 408 1788 sub
431 1730 484 1787 bac
508 1727 732 1786 consideratione
751 1726 821 1785 utile
840 1727 953 1784 dicitnr.
978 1727 1114 1800 Exemplo
1127 1727 1165 1785 sit
1178 1727 1261 1786 cibus

213 1819 344 1888 respectu
360 1813 495 1871 timeant
512 1811 635 1884 pecunia
648 1816 780 1882 respectu
794 1825 892 1868 rerum
906 1809 1103 1868 emendarum.
1119 1812 1257 1870 Honestas

215 1905 258 1957 est
278 1897 493 1968 convenientia,
519 1911 606 1970 quam
626 1895 709 1953 iuxta
730 1895 859 1952 ordinem
881 1895 1000 1953 rationis
1020 1895 1129 1953 bonum
1146 1895 1263 1969 abquod

215 1988 314 2056 suapte
327 1982 357 2040 vi
370 1981 457 2039 habet
472 1995 539 2038 cum
553 1984 656 2038 natura
669 1993 756 2051 quam
768 1978 897 2052 respicit
914 1984 999 2051 atque
1014 1979 1078 2037 ideo
1091 1980 1198 2038 bonum
1213 1980 1263 2038 bo-

144 2125 149 2136 ,
215 2071 330 2126 nestum
345 2064 417 2124 illud
439 2063 615 2138 appellatur,
632 2062 707 2135 quod
729 2069 878 2136 propterea
900 2063 1042 2136 appetitur
1055 2065 1124 2137 qnia
1136 2065 1219 2123 decet
1231 2072 1263 2124 et

215 2165 266 2223 per
280 2166 310 2206 se
331 2164 426 2206 amore
447 2153 489 2205 est
509 2148 637 2220 dignum.
656 2146 796 2219 Exemplo
810 2147 848 2204 sit
863 2146 985 2204 scientia
999 2153 1048 2206 aut
1062 2148 1170 2220 virtus,
1186 2164 1261 2221 quae

215 2237 385 2304 appetuntur
400 2236 513 2304 propter
528 2231 671 2304 propriam
686 2230 851 2288 bonitatem.
867 2230 974 2288 idvero
985 2245 1042 2290 non
1052 2232 1262 2305 probibetqno-

215 2315 312 2373 minus
325 2315 401 2371 bona
417 2315 550 2386 honesta,
567 2314 619 2372 etsi
635 2329 765 2386 quaeque
779 2314 810 2371 in
825 2329 877 2372 suo
892 2313 991 2372 ordine
1004 2322 1119 2389 propter
1132 2331 1163 2374 se
1178 2331 1262 2389 appe

217 2402 331 2466 tantm,
348 2397 432 2470 dirigi
447 2402 542 2455 tamen
557 2397 666 2470 possint
681 2397 718 2454 ad
734 2396 844 2469 potiora
864 2396 941 2455 bona
955 2413 1028 2470 quae
1043 2399 1130 2457 etiam
1143 2399 1262 2457 honesta

217 2483 292 2556 sint,
313 2488 342 2541 et
361 2483 414 2540 sub
433 2481 487 2554 luoc
505 2488 635 2554 respectu
654 2481 806 2540 utditatem
825 2481 911 2540 etiam
932 2481 1111 2556 participant.
1133 2483 1261 2556 Denique

216 2566 349 2640 voluptas·
358 2571 401 2624 est
414 2564 494 2638 quies
508 2564 572 2636 illa,
585 2578 671 2637 quam
686 2563 800 2622 animus
817 2564 847 2622 in
862 2563 937 2623 bono
951 2581 1080 2638 possesso
1094 2566 1259 2640 experitur,
1318 2589 1324 2598 ·

217 2658 245 2710 et
259 2651 367 2710 bonum
380 2651 433 2708 sub
448 2650 501 2708 lrac
516 2649 651 2708 relatione
667 2648 833 2707 delectabile
854 2658 1044 2723 nuncupatur.
1068 2651 1204 2723 Exemplo
1224 2651 1263 2710 sit

216 2737 320 2796 iterum
335 2736 416 2794 cibus
430 2734 475 2793 vel
491 2733 553 2806 ipsa
568 2733 686 2791 scientia
706 2738 735 2790 et
756 2732 854 2805 virtus,
867 2749 941 2806 quae
955 2739 1047 2805 certe,
1063 2739 1095 2790 nt
1107 2733 1155 2790 ille
1168 2735 1264 2792 sensi·

216 2820 283 2894 lem,
300 2820 341 2878 sic
350 2819 434 2893 ipsae
449 2817 663 2876 delectationem
678 2810 804 2875 aderunt
822 2817 988 2876 rabonalem
1001 2837 1008 2891 ;
1023 2816 1087 2875 licet
1102 2817 1264 2876 communi·

218 2908 259 2962 ter
275 2903 440 2964 delectabile
455 2903 562 2961 bonum
578 2902 607 2960 id
622 2901 747 2974 dicatur,
765 2901 971 2975 quodpropter
984 2903 1074 2962 solam
1087 2901 1261 2975 voluptatem

214 2995 243 3046 et
257 2987 373 3060 quidem
387 2986 551 3046 sensibilem
566 2991 747 3060 praepostere
763 2987 983 3060 concupiscitur.

255 3071 288 3140 5.1
298 3070 340 3128 Ex
354 3070 413 3142 bis,
430 3086 503 3144 quae
517 3070 657 3142 diximus,
674 3074 752 3142 patet
767 3070 870 3128 modus
889 3086 946 3144 quo
960 3071 1042 3129 iuxta
1054 3073 1174 3130 naturae
1188 3069 1262 3128 ordi·

219 3169 286 3213 nem
295 3154 380 3212 bomo
394 3154 430 3212 ad
444 3154 584 3212 eiusmodi
593 3153 669 3212 bona
679 3154 841 3226 appetenda
850 3154 997 3212 incitatur.
1012 3155 1082 3214 Nam
1092 3153 1168 3229 quod
1182 3167 1261 3211 mere

219 3238 287 3297 utile
301 3243 404 3297 estnec
415 3237 528 3296 aliunde
542 3237 699 3295 bonitatem
707 3237 796 3294 ullam
807 3238 894 3296 babet
903 3243 1034 3312 respectu
1049 3239 1139 3296 nostri
1153 3239 1261 3311 (parem-

219 3323 372 3382 admodnm
387 3337 433 3380 cx.
445 3337 488 3394 gr·
505 3321 577 3378 toret
590 3319 749 3392 medicina>
760 3321 874 3395 proprie
889 3338 947 3380 non
961 3328 1083 3393 amatur,
1096 3322 1146 3379 sed
1158 3321 1260 3393 inipso

219 3405 328 3464 bonum
342 3405 413 3463 illud
427 3404 578 3478 appetitur,
601 3403 636 3461 ad
652 3403 728 3476 qnod
743 3404 957 3479 adipiscendum
970 3405 1098 3463 medium
1112 3411 1163 3464 est.
1179 3403 1261 3461 Volu-

219 3496 282 3562 ptas
298 3505 348 3547 seu
360 3488 508 3547 delectatio
517 3487 644 3560 diligitur
659 3492 690 3545 ut
704 3488 772 3560 quid
786 3505 962 3563 consequens
975 3491 1183 3563 possessionem
1191 3487 1261 3547 boni

220 3572 431 3644 convenientis3
455 3575 569 3645 propter
589 3569 664 3644 quod
679 3571 775 3644 appeti
789 3572 846 3632 dici
859 3580 968 3647 posset,
988 3588 1047 3630 non
1061 3572 1177 3646 quidem
1191 3578 1262 3630 tam·

218 3669 304 3726 qnam
317 3656 442 3714 medium
456 3659 570 3728 propter
585 3655 672 3712 linem
687 3653 855 3726 (ridiculum
871 3659 949 3717 enim
958 3663 1033 3716 esset
1042 3657 1114 3714 velle
1127 3655 1262 3714 delectari

221 3743 253 3794 nt
270 3737 377 3796 bouum
386 3753 602 3812 consequamur,
616 3753 681 3796 eum
691 3737 839 3800 delectatio
853 3743 928 3800 banc
938 3740 1119 3815 adeptionem
1127 3739 1187 3799 iam
1196 3739 1263 3797 sub·

220 3819 348 3895 audiat),
365 3823 412 3883 sed
429 3822 1262 3898 tamquamellectusproptercausam31ereraentmdele·
