2767 4492
415 263 490 314 rans
507 263 601 313 amna
610 281 622 300 ·
632 263 821 313 coenoman
1114 247 1149 317 al

108 351 281 429 pmthcismi
294 351 421 424 insanla,
437 365 526 426 qnam
539 350 670 424 superius
683 350 880 410 relutavlmus.
896 350 1034 411 indlatm
1046 351 1102 412 lrnc
1115 353 1153 413 de

106 453 139 498 re
152 437 283 514 linylins:
303 436 366 496 odd
380 435 487 495 malam
502 435 590 494 fldem
604 439 632 494 et
652 433 799 495 illusiones
812 435 1034 510 Spinozistamm
1047 436 1152 498 intelli-

109 545 122 576 «
142 521 259 596 gendaa
276 520 502 581 animadvertere
516 519 623 578 suflicit
637 533 696 592 eos,
712 533 779 576 cnm
791 519 995 580 miraculorum
1008 521 1152 596 possifflli·

108 629 121 660 ι
142 611 229 666 tatem
243 606 392 679 reiicinnt,
408 606 444 664 ad
457 605 533 664 hanc
547 617 701 679 provocare
715 604 869 678 rationem,
880 605 956 677 quod
970 605 1043 664 Deus
1057 611 1087 665 ct
1100 622 1151 666 na·

108 715 121 744 e
142 695 206 751 tura
224 692 301 751 idem
321 690 378 750 sint
395 703 530 765 prorsus,
547 688 587 747 ita
600 691 633 746 ut
647 687 672 746 si
686 685 762 746 nens
774 686 883 760 nuqua
896 693 995 746 contra
1008 690 1086 763 leges
1099 707 1150 749 na·

107 801 120 830 «
141 779 221 836 turae
236 775 354 849 laceret,
371 773 478 848 auquel
492 773 599 832 laceret
613 775 713 831 contra
726 769 871 844 seiprnm3
888 773 964 845 quod
978 779 1054 833 certe
1067 789 1151 849 repu-

107 883 121 915 ι
141 865 219 936 gnat.
244 859 363 934 Liquido
376 858 534 932 loquamini
547 861 576 916 ct
590 856 741 917 summotis
755 854 933 928 ambagibus.
954 856 1043 916 Dicite
1056 861 1150 931 potios

106 969 120 998 ι
141 945 216 1020 quod
226 949 293 1004 otim
307 944 384 1017 legen
398 947 517 1002 namtas
531 941 648 1001 alibero
658 939 828 1013 legislatore,
841 939 891 1014 qni
904 940 935 998 id
949 941 1024 1016 quod
1033 942 1147 1013 laceret,

105 1053 117 1084 ι
139 1029 327 1104 intelligeret,
344 1027 431 1087 scitae
445 1042 502 1087 non
517 1027 593 1099 sint,
610 1025 688 1084 sed‘a
707 1037 793 1083 caeca
806 1023 931 1096 quadam
945 1029 974 1083 et
987 1027 1150 1086 necessaria

103 1137 118 1167 a
140 1129 228 1174 eausa
241 1113 447 1188 processerint,
464 1111 537 1172 nihil
551 1111 715 1182 contingere
728 1107 819 1182 poscit
838 1107 914 1182 qood
928 1107 964 1167 lis
978 1116 1147 1186 opponatur.

105 1221 117 1252 ι
140 1199 194 1258 Sed
208 1203 275 1257 tunc
290 1202 389 1256 contm
402 1195 542 1256 miracula
559 1194 706 1267 propriam
723 1197 848 1251 vennam
862 1191 965 1252 thesim
978 1195 1146 1270 proteretis,

103 1305 116 1336 ι
138 1281 214 1356 quod
227 1281 379 1341 manilesta
392 1279 527 1356 principii
539 1278 638 1352 petitio
653 1281 697 1336 est
711 1278 736 1334 t,
756 1299 767 1327 ι

139 1365 266 1440 Denique
280 1359 382 1438 quarta
396 1361 549 1421 difficultas
562 1361 629 1419 inde
644 1361 789 1434 vanesclt,
804 1359 881 1434 quod
894 1361 968 1420 lleun
982 1375 1049 1421 cnm
1063 1364 1149 1422 mira-

101 1449 202 1508 culum
218 1453 330 1521 patrat,
347 1447 424 1521 leges
443 1451 562 1504 naturae
580 1459 762 1519 nequaquam
775 1444 909 1518 corrigit,
926 1445 976 1503 sed
988 1445 1024 1503 ad
1039 1451 1151 1521 tempus

101 1533 256 1592 dumtaxat
271 1531 419 1606 suspendit
439 1528 485 1588 vel
499 1529 623 1589 invertit.
646 1530 704 1588 Nec
720 1529 825 1587 idcirco
839 1529 1009 1603 impotentes
1023 1529 1088 1589 illae
1102 1536 1152 1590 aot

101 1615 215 1676 steriles
230 1615 286 1674 dici
301 1614 413 1687 debent,
429 1614 535 1688 optime
550 1613 627 1672 enlm
642 1614 678 1671 ad
693 1617 898 1672 consentaneos
912 1613 967 1672 sihi
981 1613 1099 1674 allectus
1109 1616 1151 1692 gi·

100 1701 233 1776 gnendos
249 1701 352 1760 valent.
373 1699 454 1760 llulla
469 1713 536 1757 vero
550 1697 731 1758 imbecillitas
744 1696 774 1756 in
788 1697 844 1755 hoc
857 1698 1000 1772 comitur,
1017 1699 1093 1772 quod
1107 1699 1151 1760 ris

99 1784 183 1846 finita
197 1785 233 1844 ad
246 1783 379 1844 ellectum
389 1791 493 1843 natura
508 1797 560 1841 sua
569 1782 708 1858 potiorem
722 1781 760 1840 sit
769 1782 872 1856 impar.
884 1781 958 1840 Dens
972 1789 1068 1842 autem
1078 1785 1148 1843 dum

88 1869 239 1928 miracula
250 1875 383 1944 operatur
397 1884 453 1928 non
466 1867 576 1941 legibus
589 1871 709 1925 naturae
723 1867 798 1924 intra
810 1866 954 1925 naturales
968 1866 1072 1926 limites
1082 1869 1147 1927 salu

99 1953 196 2028 venit,
216 1955 267 2013 scd
281 1955 312 2013 in
325 1953 465 2028 peculiari
478 1965 547 2012 casn
563 1952 680 2026 derogat
694 1949 731 2009 ad
744 1949 878 2009 ellectum
893 1954 1005 2025 praeter
1021 1965 1147 2011 commn-

99 2052 168 2098 nem
177 2039 310 2097 ordinem
326 2039 522 2097 obtinendum.

136 2121 226 2181 Obilc.
241 2123 274 2181 ll.
291 2121 392 2180 Contra
406 2121 623 2196 possibilitatem
641 2121 846 2180 miraculorum
863 2120 936 2179 haec
954 2124 1070 2196 opponit
1083 2123 1146 2182 vol·

100 2205 182 2265 taire:
204 2205 392 2264 «lllraculum
402 2211 446 2264 est
454 2205 567 2264 violatio
577 2203 674 2278 legum
683 2203 959 2279 mathematicorum,
971 2206 1143 2280 divinarum,

102 2313 114 2342 a
135 2289 372 2362 immutabilium,
389 2293 473 2363 atque
488 2293 678 2348 aeternarum.
695 2289 759 2348 Sola
772 2289 844 2348 haec
861 2290 992 2350 miraculi
1006 2291 1146 2364 expositio

101 2398 114 2426 ι
136 2378 233 2449 aperte
242 2373 373 2448 ostendit,
384 2373 555 2433 miraculum
570 2389 631 2434 esse
645 2373 798 2449 quamdam
811 2373 922 2450 inipnls
937 2374 1066 2435 terminis
1080 2391 1145 2433 con·

101 2481 113 2510 ι
136 2457 341 2518 tradictionem.
363 2457 436 2518 Fieri
454 2459 552 2534 nequit
566 2464 598 2518 ut
611 2471 692 2518 mens
707 2458 819 2518 inllnite
839 2459 953 2534 sapiens
967 2457 1045 2532 leges
1059 2457 1146 2516 iaciat

99 2565 113 2596 ι
133 2546 163 2602 et
179 2557 227 2602 eas
245 2541 347 2603 deinde
365 2543 459 2604 violet.
484 2543 628 2613 Quaenam
647 2545 720 2604 ratio
740 2543 887 2618 impellere
905 2557 971 2602 cam
990 2546 1087 2617 posset
1104 2541 1141 2601 ad

100 2650 113 2679 ι
134 2642 218 2687 suum
233 2627 381 2702 proprium
395 2643 466 2704 opus
480 2645 531 2705 pro
546 2629 641 2704 aliquo
657 2635 783 2704 tempore
798 2627 1033 2687 deformandum‘.t
1042 2627 1145 2687 lbsnr·

100 2733 113 2764 ι
133 2711 202 2770 dnm
220 2717 263 2772 cst
281 2713 389 2788 lingere
410 2715 484 2789 qnod
498 2713 587 2788 Dens,
603 2729 698 2788 neque
717 2727 769 2786 per
787 2711 889 2770 mnndi
903 2727 921 2770 a
935 2727 966 2770 se
980 2712 1086 2770 conditi
1101 2727 1144 2769 or·

99 2818 111 2846 α
132 2795 242 2870 dinem,
258 2813 351 2872 neque
364 2813 418 2874 per
431 2814 498 2858 suas
513 2803 643 2856 aetarnae
658 2797 736 2868 leges
755 2799 865 2851 certum
882 2795 1035 2868 quemdam
1055 2793 1143 2850 linem

100 2901 112 2931 a
133 2879 261 2942 obtinere
275 2881 414 2955 potuerit,
431 2883 562 2955 quodque
578 2878 614 2937 ad
630 2885 779 2937 aeternum
794 2891 880 2936 suom
898 2876 1074 2953 propositum
1093 2875 1145 2934 im·

98 2985 111 3016 «
131 2962 269 3038 plandum
283 2978 332 3021 eas
347 2963 503 3034 infringere
518 2966 637 3018 conetur
652 2961 677 3016 2.
701 2981 713 3009 ι

131 3047 215 3116 aesp.
232 3045 306 3102 llaec
319 3043 487 3103 declamatio
502 3059 535 3102 eo
551 3041 623 3116 stylo
638 3047 757 3102 exarata
771 3048 832 3119 est,
849 3059 906 3125 qno
919 3040 1094 3106 delectantur
1107 3045 1142 3118 ii,

94 3128 145 3204 qui
161 3125 307 3204 praeclare
321 3141 406 3201 agere
421 3127 476 3186 sibi
490 3125 631 3202 videnlur,
643 3127 667 3186 si
682 3140 797 3187 omnam
810 3134 972 3206 pervertant
983 3130 1142 3189 vamtatem.

95 3215 130 3274 ili
145 3212 284 3273 nimirum
297 3223 363 3271 cum
377 3211 464 3272 ilderc
478 3211 654 3286 argumentis
673 3223 833 3289 nequeant,
849 3213 984 3288 ambigua
1000 3213 1079 3273 ialsie
1091 3211 1145 3270 mi-

96 3303 208 3358 scentes
227 3294 325 3356 multis
345 3295 497 3358 verborum
516 3295 670 3357 involucris
685 3297 820 3372 pestilera
841 3313 893 3358 sua
908 3303 1006 3374 tegmt
1020 3297 1105 3357 eliata
1116 3301 1145 3356 ct

96 3381 178 3456 quasi
191 3381 263 3442 velis
281 3381 453 3457 qmbusdam
470 3381 635 3441 obtendunt.
656 3383 689 3442 lt
703 3393 738 3442 ea
753 3383 777 3443 si
791 3383 916 3443 cenacto
931 3383 1051 3444 artilicio
1066 3383 1098 3446 lu
1113 3399 1144 3443 se

97 3471 278 3540 spectantur,
297 3465 474 3542 ineptissima
494 3483 557 3526 csse
575 3473 740 3528 comuntur.
761 3467 791 3528 ld
812 3469 929 3544 quidem
947 3470 977 3528 in
998 3462 1143 3546 praesenti

97 3547 210 3610 accidit.
226 3551 263 3610 lc
277 3549 370 3626 primo
385 3549 571 3612 falsissimum
585 3551 656 3613 illud
674 3559 717 3614 est
731 3553 807 3630 qnod
821 3555 880 3630 ait,
896 3553 1067 3616 miraculum
1085 3554 1143 3617 rin·

142 3747 153 3796 t
172 3749 542 3800 marmannorum-cruta.
555 3753 602 3806 ut.
614 3755 726 3816 sptem

141 3819 157 3885 ².
173 3825 275 3880 Dalion
285 3825 372 3892 pillau
385 3825 432 3878 Art.
444 3827 563 3888 Iatrocles.
