2767 4492
457 355 532 402 suus
542 355 894 404 mrem-memoratu
1143 345 1198 406 tot

154 441 240 500 teres
254 439 394 514 quaedam
409 439 530 508 inlecta,
547 455 603 498 non
626 440 787 514 mutabitis,
802 440 983 513 necessaria,
999 441 1107 500 nullius
1128 458 1197 516 aug-

153 526 243 584 menti
258 525 413 600 recipiendi
428 540 537 599 capax,
554 524 643 598 brevi,
661 524 762 583 iisdem
776 525 1008 599 perfectionibus,
1026 526 1132 601 quibus
1145 526 1196 585 De

155 626 190 670 us
205 610 316 684 gaudet,
332 615 448 669 ornatos
462 625 525 669 esse
539 610 664 668 deberet.
681 609 739 668 Hoc
754 614 849 667 autem
863 610 992 670 internae
1002 611 1197 686 experientiae

155 710 212 754 non
225 694 335 768 minus,
351 709 438 768 quam
452 694 556 753 rationi
571 698 721 768 repugnat.
738 692 806 760 Quis
820 693 898 750 enim
913 708 971 752 non
989 701 1032 753 est
1047 696 1193 769 conscius,

156 795 186 838 se
200 780 295 838 animo
310 779 352 838 sic
366 779 478 852 instrui,
495 785 526 838 ut
539 777 698 837 innumeris
713 777 919 836 mutationibus
933 781 962 835 et
984 779 1095 839 vicibus
1108 781 1196 839 subii-

155 864 262 923 ciatur?
278 864 345 932 Quis
355 879 412 922 non
424 864 508 922 sentit
519 879 549 922 se
561 863 700 921 limitibus
710 862 810 920 sivein
820 861 1073 935 intelligendosiue
1083 864 1113 922 in
1124 871 1196 924 cete·

154 949 194 1007 ris
209 946 319 1006 viribus
334 947 375 1006 sic
390 947 546 1019 terminari,
558 953 588 1005 ut
604 946 730 1020 undique
739 945 889 1004 obstacula
902 951 931 1004 et
941 944 1048 1004 obiices
1057 947 1196 1007 inueniat?

154 1031 263 1090 Exinde
281 1045 354 1090 vero·
363 1031 492 1090 animum
506 1029 603 1088 linitae
618 1037 647 1089 et
661 1030 852 1104 contingentis
865 1035 985 1088 naturae
999 1045 1062 1090 esse
1075 1031 1196 1090 manile·

154 1117 278 1176 stissime
292 1116 484 1190 consequitur.
500 1115 541 1174 ud
555 1131 618 1174 rern
632 1115 807 1188 Augustinus
823 1119 921 1174 conda
935 1115 1127 1188 ldauicbaeos,
1147 1115 1198 1188 qui

153 1201 185 1260 in
199 1201 331 1261 delirium
345 1201 422 1259 idem
436 1200 609 1260 breiderant:
625 1223 635 1251 ι
649 1200 725 1258 Haec
738 1199 858 1258 mutatio
869 1200 982 1258 animae
992 1199 1115 1258 ostendit
1124 1199 1197 1257 mibi

157 1307 169 1336 α
190 1286 265 1358 quod
280 1285 376 1343 anima
386 1299 444 1343 non
461 1283 591 1343 sitDeus.
606 1284 676 1342 Nam
687 1283 713 1341 si
723 1283 1117 1357 animasubstantiabeiest3
1130 1283 1197 1342 snb

157 1391 168 1421 ι
190 1369 294 1426 euntia
307 1369 357 1427 Dei
371 1368 502 1435 violatur,
521 1364 681 1426 substantia
696 1366 747 1426 Dei
761 1367 910 1440 decipitur,
923 1369 999 1441 quod
1008 1367 1141 1426 nelasest
1155 1368 1196 1426 di·

157 1475 168 1506 «
189 1454 295 1510 cerel.
310 1474 321 1503 »
337 1453 425 1526 Atque
439 1451 556 1511 iterum:
579 1452 662 1511 «Non
677 1457 796 1526 estpars
807 1451 857 1510 Ilei
873 1453 1016 1510 anima...
1030 1451 1108 1518 duod
1118 1451 1144 1508 si
1154 1467 1196 1510 os·

157 1559 168 1587 ι
190 1541 242 1608 set,
259 1551 312 1595 nec
326 1535 459 1594 deiiceret
471 1535 503 1592 in
517 1535 651 1606 deterius,
669 1549 723 1593 neo
738 1537 887 1609 proliceret
901 1535 933 1593 in
947 1534 1061 1606 melius,
1078 1549 1132 1592 nec
1147 1535 1197 1592 ali·

157 1643 168 1673 ι
190 1619 258 1693 quid
271 1619 300 1678 in
317 1619 469 1692 semetipsa
478 1617 523 1676 vel
532 1617 672 1692 inciperet
681 1618 787 1677 babere
798 1617 871 1692 qrrod
883 1633 941 1675 non
951 1617 1084 1689 babebat,
1094 1617 1139 1675 uel
1148 1617 1196 1676 de·

157 1727 168 1756 ι
186 1703 292 1762 sineret
303 1702 408 1762 babere
418 1701 635 1775 quodbabebat,
652 1707 791 1775 qnantum
805 1701 913 1760 adeius
928 1701 1018 1774 ipsius
1033 1700 1195 1760 ellectionos

157 1811 168 1840 ι
189 1788 319 1862 pertinet.
336 1787 425 1854 Quam
440 1801 507 1845 uero
522 1786 603 1844 aliter
617 1801 647 1844 se
662 1801 709 1844 res
723 1785 828 1844 babeat
844 1800 900 1844 non
914 1793 957 1844 est
971 1800 1042 1859 opus
1057 1785 1196 1843 extrinse-

157 1895 168 1923 ι
189 1887 240 1930 cus
254 1871 428 1944 testimonio;
445 1870 575 1944 quisquis
591 1869 777 1942 semetipsum
793 1869 923 1939 aduertit,
945 1869 1073 1941 agnoscit
1088 1870 1138 1925 2.»

188 1955 233 2014 95.
250 1955 324 2014 Alter
339 1971 427 2028 error,
439 1955 508 2013 buic
523 1953 641 2014 omnino
659 1954 830 2025 contrarius,
843 1953 954 2011 animos
968 1953 999 2010 io
1013 1953 1087 2011 filios
1098 1967 1135 2010 cx
1149 1967 1197 2025 pa-

153 2038 280 2098 rentibus
296 2041 412 2098 traduce
427 2039 550 2112 quodam
567 2039 718 2112 propagari
731 2038 829 2110 iunxit,
846 2037 921 2096 unde
942 2037 1194 2096 traducianorum

153 2124 271 2182 ductum
280 2129 324 2182 est
337 2138 450 2182 nomen.
467 2123 557 2181 Huius
571 2123 728 2181 sententiae
741 2121 855 2195 patroni
869 2121 1056 2180 tertullianus
1072 2127 1100 2179 et
1115 2121 1194 2194 Apol·

153 2207 253 2265 linaris
267 2207 396 2280 extitere,
413 2221 503 2280 eaque
518 2206 668 2278 dupliciter
682 2205 802 2278 intelligi
816 2213 923 2279 potest,
940 2211 1080 2279 quatenus
1095 2221 1132 2263 ox
1147 2219 1196 2278 pa·

153 2296 266 2348 rentum
283 2296 332 2348 aut
346 2288 442 2348 animo
457 2294 506 2347 aut
521 2304 637 2363 corpore
651 2290 763 2348 animos
778 2289 903 2348 liliorum
916 2290 1018 2351 deduci
1033 2290 1143 2348 asserit.

191 2374 344 2446 Utrumque
357 2380 453 2432 autern
468 2373 706 2433 absurdissimum
721 2389 783 2432 esse
802 2373 948 2448 probatum.
965 2375 1036 2432 llam
1051 2389 1118 2433 cum
1133 2372 1195 2430 ani-

154 2471 219 2515 mus
233 2461 393 2530 pareutum,
410 2459 648 2532 quemadmodum
663 2458 802 2533 cuiusque
815 2457 949 2532 bominis,
967 2458 1089 2532 simplex
1103 2458 1194 2515 omni-

154 2557 191 2600 no
205 2548 289 2615 atque
303 2543 499 2600 immaterialis
514 2541 567 2616 sit,
593 2549 738 2618 tantopere
758 2549 898 2618 repugnat
916 2543 1046 2600 animum
1069 2541 1194 2599 tiliorum

153 2640 191 2684 ex
205 2625 252 2683 illo
266 2626 378 2700 decerpi
393 2633 421 2685 et
434 2627 521 2686 veluti
537 2628 678 2701 desecari,
696 2633 870 2702 quantopere
886 2627 991 2685 rationi
1010 2624 1192 2698 contradicit,

153 2715 184 2766 ut
206 2709 312 2783 aliquid
333 2711 461 2784 partibus
482 2712 597 2770 omnino
616 2728 717 2770 carens
736 2713 767 2770 iu
785 2710 940 2784 particulos
961 2710 1140 2783 discerpatur
1159 2725 1194 2767 ac

152 2793 327 2853 multimodis
346 2796 525 2855 dilaceretur.
546 2797 602 2854 Nec
625 2797 778 2868 qnisquam
799 2799 899 2866 urgeat
922 2793 1051 2850 animum
1070 2793 1195 2850 liliorum

152 2890 210 2935 non
229 2893 246 2934 a
267 2885 418 2949 parentum
439 2880 536 2936 anima
554 2879 668 2948 divelli,
688 2878 739 2934 sed
760 2877 796 2933 ab
816 2877 917 2934 eadem
935 2875 1052 2949 produci
1073 2879 1194 2932 tantum.

152 2961 279 3030 Namque
294 2961 323 3018 id
337 2963 423 3018 etiam
444 2960 619 3018 absurditate
638 2959 763 3030 laborat,
781 2965 929 3032 propterea
945 2959 1020 3032 quod
1041 2958 1196 3033 spiritualis

153 3041 313 3100 substantia
326 3057 384 3101 non
399 3042 456 3100 uisi
471 3058 509 3100 ex
523 3041 612 3100 nibilo
626 3057 678 3115 per
699 3043 873 3101 creationem
888 3044 972 3102 condi
990 3045 1088 3118 possit.
1104 3043 1196 3111 Quare

154 3125 179 3184 si
195 3125 319 3197 animus,
335 3125 386 3198 qni
401 3124 516 3199 spiritus
530 3135 589 3197 est,
606 3132 793 3198 aparentum
809 3125 913 3186 animis
932 3128 1050 3202 produci
1065 3127 1195 3200 lingitur,

153 3210 256 3268 iisdem
271 3208 314 3268 vis
329 3209 455 3282 creandi,
472 3224 546 3284 quae
560 3209 674 3268 inlinita
688 3215 748 3283 est,
766 3209 907 3269 tribuatur
921 3217 1039 3284 oportet.
1055 3211 1086 3270 ld
1101 3213 1197 3267 autem

153 3299 291 3368 qnantum
306 3293 456 3352 speritate
471 3293 606 3366 discedat,
623 3309 709 3353 nemo
723 3299 766 3353 est
781 3293 831 3367 qui
845 3309 904 3353 non
918 3295 1022 3353 videat.

189 3377 305 3445 Quodsi
320 3393 337 3436 a
352 3383 503 3451 parentum
522 3393 580 3436 non
599 3378 696 3436 anima
711 3379 763 3436 sed
778 3393 895 3451 corpore
915 3377 1067 3436 transmitti
1083 3375 1197 3436 animus

153 3462 277 3521 llliorum
296 3462 414 3534 dicitur,
430 3461 520 3520 mnlto
535 3461 599 3532 plus
614 3461 778 3520 absrnditas
792 3462 938 3521 doctrinae
952 3461 1039 3520 huius
1058 3461 1194 3534 augescit.

153 3545 223 3606 llam
236 3546 285 3620 qui
295 3545 415 3619 intelligi
430 3546 492 3604 sine
502 3551 691 3619 conceptuum
707 3561 803 3620 pugna
813 3551 905 3619 potest
913 3546 1054 3619 quomodo
1064 3546 1194 3605 substan-

153 3629 193 3688 tia
207 3645 265 3688 non
279 3631 371 3690 solum
385 3630 517 3704 simplex,
530 3645 630 3690 uerum
645 3629 733 3689 otiam
747 3630 911 3705 spiritualis,
923 3645 961 3690 ex
976 3645 1105 3705 corpore,
1118 3629 1194 3704 quod

199 3813 209 3858 l
229 3815 304 3873 aptat.
320 3815 375 3876 too,
393 3831 415 3862 n.
432 3817 455 3862 5.

198 3885 214 3932 2
229 3885 319 3936 ibidem.
