2767 4492
536 321 615 367 tonis
634 321 777 367 utrumne
1126 311 1177 371 3t5

138 405 214 468 vires
237 407 376 480 cuiusque
396 405 594 479 maximopere
615 405 780 480 nmpblicat.
795 406 828 463 tlt
842 409 946 478 motus,
963 409 994 464 ut
1011 407 1043 466 in
1061 407 1177 481 bonum,

136 492 178 550 sio
192 491 277 550 etiem
292 491 323 549 in
338 490 448 548 malum
463 489 532 547 terri
547 493 654 562 potest,
672 503 827 547 concursus
836 505 902 548 vero
916 489 1041 563 plurium
1049 491 1133 552 tacite
1142 495 1178 552 ad

134 575 286 633 debiliores
300 573 509 633 conculcandos
529 578 559 630 et
578 571 763 644 proterendos
778 570 901 630 adducit.
920 575 1073 648 Utrumque
1086 576 1177 635 brevi·

135 663 178 717 ter
191 657 365 730 enucleabo,
382 662 533 730 postquem
547 669 714 730 progressus
727 655 822 714 ideam
836 656 975 716 alabaoia
989 660 1177 730 quorumdam

133 741 325 801 liberaverim.

169 825 240 883 Sunt
252 839 310 883 non
321 824 405 897 pauci
414 823 611 896 pantheisticie
620 823 812 881 deliramentis
821 823 933 893 imbuti,
945 823 995 895 qni
1009 829 1118 882 motum
1130 843 1176 900 ge

130 908 253 966 nerabm
268 912 415 980 acceptum
434 921 500 966 cum
514 921 670 981 progressu
689 907 884 978 contundunt,
897 921 941 978 ac,
958 907 1041 965 modo
1057 909 1176 970 societas

130 997 283 1064 utcumque
296 991 439 1058 incitetur,
464 1005 528 1050 eam
542 990 672 1064 progredi
688 989 871 1048 arbitrantur.
893 990 981 1056 Quem
1001 1006 1126 1050 errorem
1146 1003 1176 1052 ut

130 1077 271 1146 tueantur,
287 1074 365 1132 aliud
379 1074 534 1133 absurdum
548 1074 666 1132 addunt:
678 1087 860 1146 progressum
874 1089 937 1132 esse
950 1075 1075 1146 ιιιιιιιι
1093 1082 1175 1134 natu·

129 1161 208 1216 turae
221 1157 375 1230 humanae,
400 1171 434 1216 ae
448 1172 506 1215 non
530 1172 613 1231 posse
637 1157 853 1223 humanitatem,
875 1157 931 1215 nisi
955 1158 1169 1230 progrediendo,

127 1241 246 1300 moveri.
262 1241 295 1298 tt
307 1240 337 1298 id
351 1240 456 1299 mirum
471 1246 514 1298 est
532 1245 707 1313 quantopere
721 1255 739 1298 a
753 1240 871 1298 veritate
885 1240 995 1300 deliret.

164 1324 197 1382 tlt
209 1323 288 1380 enim
302 1323 509 1397 experientiam
519 1324 666 1395 {omittam
682 1337 757 1396 quae
770 1337 855 1396 saepe
876 1324 1051 1382 roubertum
1072 1329 1173 1383 testata

126 1412 170 1466 est
189 1405 347 1478 (siquidem
372 1405 544 1464 cultissimas
565 1405 633 1464 olim
647 1410 747 1478 gentes
761 1421 846 1478 saepo
866 1407 898 1464 in
921 1406 1092 1479 profundam
1109 1408 1172 1466 bar-

125 1490 235 1548 bariem
255 1489 396 1566 corruisse
419 1489 629 1562 oospioimusl;
650 1495 727 1548 certe
749 1489 828 1547 nulla
842 1496 909 1548 eunt
927 1491 1046 1549 rationis
1070 1491 1174 1564 princi-

80 1637 86 1648 ,
126 1572 185 1644 pie,
197 1586 270 1643 uuae
280 1571 394 1631 illorum
405 1572 532 1645 opinioni
542 1573 667 1640 faveant,
678 1572 729 1630 sed
742 1572 770 1630 ei
781 1572 874 1646 potius
882 1573 965 1632 valde
975 1575 1170 1634 adversantur.

127 1656 198 1716 llam
212 1655 265 1714 etsi
277 1655 358 1714 ιιιιιι
367 1655 500 1715 leibnitii
521 1656 639 1714 elietum
642 1671 803 1731 ,praescus
817 1656 951 1728 pecuum
969 1672 1005 1715 ιι
1022 1663 1171 1716 tromooto

126 1737 289 1811 providum
304 1739 343 1797 sit
360 1739 473 1811 futuru
484 1745 578 1797 ιιιιιι
592 1739 622 1798 id
637 1753 695 1797 non
710 1739 788 1797 atiud
801 1739 937 1833 importat
949 1739 1006 1797 nisi
1025 1754 1126 1798 causas
1143 1747 1172 1798 et

127 1821 244 1880 effectus
257 1821 333 1880 inter
348 1837 378 1881 se
392 1823 434 1880 sic
448 1823 589 1893 connecti,
608 1827 637 1880 ut
648 1823 678 1880 bi
693 1837 808 1895 semper
816 1836 846 1880 ιι
858 1822 972 1895 illarum
986 1822 1117 1894 proxima
1132 1823 1173 1880 tli-

126 1904 279 1978 epositione
289 1905 429 1963 rationem
443 1903 489 1963 sui
503 1904 694 1964 sufficientem
709 1905 866 1963 inveniant.
884 1906 917 1962 tt
930 1919 1112 1978 nequaquam
1125 1893 1171 1962 ιι-

127 1986 216 2046 cludit
237 2001 290 2046 neo
313 1989 459 2046 includere
475 1994 566 2060 potest
588 1989 790 2047 necessitatem
808 1989 922 2046 assidue
940 1989 1109 2048 deveniendi
1134 1990 1171 2046 ad

90 2091 95 2100 ·
126 2070 274 2128 meliorem
292 2074 396 2128 statum
411 2071 460 2141 ita,
477 2072 644 2128 uttuturum
663 2077 804 2130 transacto
817 2072 921 2145 iugiter
935 2077 1066 2148 praestet.

80 2183 84 2186 -
160 2154 249 2225 Atque
263 2153 293 2211 id
308 2167 407 2212 verum
421 2158 463 2210 est
476 2152 587 2210 etiamsi
602 2168 620 2210 a
635 2154 765 2213 libertate
775 2155 902 2213 bumana
912 2157 1114 2228 cogitationem
1123 2157 1171 2214 ab·

125 2235 296 2306 strabamus,
314 2250 379 2293 cum
395 2236 500 2308 optime
515 2235 679 2307 contingere
694 2237 783 2308 possit
797 2242 829 2294 nt
848 2253 952 2297 causae
967 2241 1053 2298 etiam
1072 2255 1170 2299 neces-

124 2319 216 2379 seriae
229 2325 344 2392 propter
358 2319 474 2377 etioetus
489 2319 574 2389 vires,
586 2334 660 2390 quae
668 2319 834 2378 assiduitate
844 2323 966 2380 actionis
974 2324 1167 2396 debilitentur,

124 2407 176 2461 aut
187 2408 301 2475 propter
315 2403 372 2460 alia
385 2402 589 2475 impedimenta
603 2416 676 2474 quae
692 2403 764 2460 torte
779 2403 960 2475 intercidant,
985 2407 1103 2464 ellectus
1128 2403 1178 2478 gp·

125 2490 214 2559 gnant
223 2485 386 2545 deteriores.
403 2486 481 2553 Quod
490 2485 675 2545 confirmatur
690 2484 821 2556 analogia
835 2490 954 2542 naturae
964 2501 1125 2560 corporeae:
1138 2490 1169 2547 in

125 2583 182 2641 qua
196 2583 242 2626 res
257 2583 313 2626 non
327 2584 436 2642 paucae
451 2569 547 2627 statim
566 2573 630 2641 post
646 2568 826 2626 nativitatem
846 2573 979 2625 arescunt
1001 2574 1050 2626 ιιι
1068 2571 1168 2642 grada-

126 2653 179 2712 tim
203 2659 443 2728 corrumpuntur,
459 2659 569 2712 ceterae
588 2667 656 2712 vero
676 2667 775 2711 omncs
799 2656 948 2725 postquam
967 2653 1003 2711 ad
1020 2655 1168 2712 maturita-

126 2743 183 2796 tem
206 2739 396 2811 pervenerint,
423 2738 557 2796 continuo
572 2736 727 2807 tabescere,
744 2739 829 2808 atque
849 2735 886 2792 ad
904 2735 1118 2795 dissolutionem
1140 2742 1168 2796 ot

122 2827 243 2878 mortem
258 2820 429 2893 pedetentim
444 2820 588 2879 declinere
602 2820 757 2892 occipiunt

159 2904 230 2970 Ouid
244 2917 312 2961 vero
327 2903 480 2960 dicendum
495 2903 558 2974 erit,
574 2918 600 2961 ιι
592 2902 772 2960 'libertatem
786 2901 933 2974 addamus,
950 2917 1007 2976 qua
1021 2907 1052 2962 ut
1064 2904 1167 2963 indivi-

123 2986 212 3044 dua
190 3000 231 3044 stc
243 2985 329 3044 eliam
343 2985 472 3044 nationes
486 2985 695 3078 quodammodo
710 2991 739 3044 et
753 2991 844 3044 totum
853 2987 1012 3045 humanum
1021 3002 1112 3060 genus
1121 2987 1165 3046 ιι-

124 3069 266 3128 struitur?
280 3069 405 3126 Proiecto
418 3068 583 3126 mutabile'
573 3068 722 3140 ingenium
735 3068 822 3126 buius
837 3083 949 3141 causae,
966 3085 1040 3142 quar
1055 3070 1166 3142 proprie

124 3151 251 3210 actiones
266 3151 391 3209 hominis
405 3150 483 3209 elicit
507 3157 536 3208 et
549 3151 645 3222 ipsum
658 3151 802 3210 initurum
820 3165 970 3209 causarum
993 3153 1181 3224 naturalium,

125 3233 304 3307 aliquatenus
318 3234 488 3304 moderetur,
507 3233 608 3291 thesim
624 3233 852 3293 adversariorum
868 3235 985 3292 omnino
1004 3235 1100 3292 diruit.
1121 3237 1165 3294 Li-

124 3316 219 3374 bertas
233 3317 310 3374 enim
326 3318 452 3374 bumana
465 3322 497 3374 ut
511 3316 542 3374 in
552 3315 669 3387 bonum,
691 3318 732 3374 sic
747 3317 834 3374 etiam
851 3318 882 3375 in
897 3319 1005 3374 malum
1019 3317 1095 3375 flecti
1117 3333 1165 3390 pc

124 3405 187 3471 test3
203 3413 237 3457 ao
251 3398 409 3458 licetbomo
423 3399 579 3458 vinaturae
594 3399 777 3472 perfectibilis
791 3399 838 3470 sit,
851 3404 947 3457 tamen
957 3401 1031 3457 bano
1045 3405 1164 3459 naturae

124 3481 332 3540 ordinationem
346 3497 431 3554 saepe
448 3483 609 3540 frustratur.

161 3565 215 3622 Nec
230 3565 331 3622 melius
340 3564 496 3638 quidquam
510 3564 534 3622 is
549 3563 707 3636 proliceret,
719 3565 769 3636 oui
784 3563 819 3622 ad
830 3565 1026 3623 necessitatem
1035 3581 1163 3638 progres-

124 3663 174 3707 sus
198 3650 332 3708 tuendam
355 3649 483 3709 divinem
507 3650 714 3723 providentiam
737 3652 768 3709 in
791 3651 918 3710 medium
938 3653 1060 3710 alienet.
1087 3654 1163 3712 llaec

125 3733 202 3790 enim
216 3733 282 3792 licet
293 3735 390 3792 omnia
404 3733 613 3805 sapientissime
628 3733 803 3807 disponatac
813 3735 1018 3794 torutertinem
1032 3737 1159 3810 attingat,

921 3901 967 3958 16¹
