2767 4492
519 361 754 408 menstruale
1106 349 1160 415 339

121 447 198 509 iussa
211 459 249 506 ex
261 458 321 506 una
335 445 412 505 orbis
425 448 506 520 parte
520 445 652 504 in‘aliam
666 446 865 520 pervehentur,
876 451 904 508 et
919 448 1019 507 mundi
1031 449 1156 526 termini,

121 537 275 604 utcumque
289 529 390 601 dissiti,
406 545 436 589 se
451 529 549 589 veluti
563 544 654 589 manu
670 530 834 603 contingere
847 537 876 590 et
889 533 1100 605 apprehendere
1119 535 1162 596 vi·

119 615 249 674 deantur.
561 611 565 616 “
1157 641 1161 650 ·

154 697 217 756 235.
233 693 268 756 lli
281 695 381 768 civilis,
398 697 439 754 sic
450 697 538 756 etiam
552 695 785 755 intemationalis
794 696 915 755 sociatos
927 697 1038 756 dnobus
1050 707 1162 763 constat

119 781 280 840 elementis:
294 779 486 838 multitudiue
499 784 528 837 et
538 780 730 837 auctoritate.
744 783 778 837 lt
790 779 945 838 discrimen
957 781 988 838 in
1003 781 1160 856 hoctcerni-

120 865 174 936 tur,
190 864 265 938 quod
279 862 311 921 in
324 863 458 922 societate
480 861 559 922 civili
572 863 724 922 multitudo
738 862 890 921 exhibetur
903 878 921 922 a
938 863 1071 936 familiis,
1087 881 1161 939 quae
1226 909 1230 913 ‚

120 949 233 1020 proprie
247 947 309 1006 eius
331 951 398 1005 sunt
418 952 534 1020 partes,
558 951 657 1006 contra
676 947 707 1005 in
726 947 934 1005 internetionali
952 947 1161 1010 consociatione

119 1030 270 1090 multitudo
289 1029 487 1104 suppeditetur
506 1045 544 1088 ex
557 1030 675 1103 integris
689 1030 832 1102 gentibue,
847 1045 921 1101 uuae
940 1034 1085 1103 tarnquam
1098 1031 1160 1092 eius

117 1115 247 1172 membra
260 1113 484 1172 considerantur.
500 1113 571 1172 ilinc
586 1119 744 1186 emergunt
758 1127 857 1172 omnes
874 1112 1069 1188 ditterentiae,
1086 1129 1161 1188 qnae

119 1197 179 1256 sive
193 1201 324 1270 respectu
338 1197 522 1270 auctoritatis,
535 1197 596 1256 sive
618 1204 752 1270 respectu
766 1203 925 1256 ceteramm
933 1211 1030 1256 rerum
1041 1198 1077 1256 ad
1086 1197 1163 1258 eius-

118 1279 197 1338 modi
211 1279 374 1339 societatem
389 1280 598 1354 pertinentium
618 1281 730 1354 vigent3
748 1295 821 1354 quae
834 1295 935 1339 omues
948 1295 987 1338 en
996 1280 1161 1340 diversitate
1201 1333 1205 1338 Α

119 1359 231 1422 suhecti
245 1364 359 1422 undem
369 1365 515 1424 oriuntur.
527 1365 597 1424 Nam
609 1364 731 1423 subiecti
744 1365 897 1423 diversitas
910 1364 1102 1422 diversitatem
1114 1364 1158 1423 in·

117 1445 196 1504 ducit
208 1445 239 1504 in
260 1447 362 1520 linem3
386 1447 536 1508 diversitas
566 1462 635 1506 vero
658 1448 723 1505 linis
743 1448 937 1506 diversitatem
958 1449 1039 1507 affert
1056 1449 1159 1508 ceteris

116 1529 259 1602 ominbus,
275 1545 349 1603 quae
362 1530 476 1590 nonnisi
498 1529 536 1590 en
550 1531 609 1589 line
627 1545 760 1589 normam
773 1535 802 1588 et
813 1544 979 1588 mensuram
991 1531 1160 1590 desumunt.

152 1611 231 1679 Quod
252 1619 347 1672 autem
365 1629 403 1672 ex
417 1613 579 1672 diversitate
597 1613 718 1672 subiecti
732 1614 798 1672 fluis
815 1613 1011 1684 elevaretur,
1027 1614 1158 1686 explora·

116 1701 178 1754 tum
192 1701 425 1771 compertumque
439 1701 491 1755 est.
504 1697 612 1756 lunctio
626 1697 705 1755 enim
719 1703 748 1755 et
763 1697 884 1755 societas
897 1711 966 1754 cum
978 1696 1008 1754 id
1022 1700 1156 1770 praestet,

116 1784 148 1837 ut
170 1779 331 1839 subiectum
345 1780 500 1854 amplificet
513 1781 609 1854 quoad
626 1781 704 1839 vires
718 1786 746 1838 et
759 1781 855 1840 media
869 1780 975 1853 quibus
992 1780 1155 1852 instruitur3

115 1861 194 1921 lrunc
212 1863 300 1922 tinem
314 1863 409 1936 habet,
426 1867 459 1922 ut
472 1863 615 1936 praesidia
629 1865 769 1938 ampliora
783 1869 812 1924 et
830 1865 933 1922 tutiora
945 1863 1106 1937 suppeditet
1119 1863 1157 1922 ad

114 1959 266 2006 commune
279 1946 388 2005 bonum
403 1947 557 2020 sociorum,
574 1948 650 2006 unde
663 1953 783 2020 constat,
798 1947 901 2006 melius
914 1947 1156 2020 commonendum.

115 2028 186 2086 llinc
200 2029 440 2098 quemadmodum
458 2029 524 2088 linis
549 2031 642 2089 civilis
662 2031 804 2090 societatis
826 2034 871 2090 est
890 2035 924 2090 ut
942 2028 1087 2090 individea
1107 2043 1156 2088 ex·

115 2111 202 2168 ternis
218 2110 354 2168 subsidia
367 2116 470 2181 augeat
487 2113 581 2183 quoad
600 2112 778 2172 indivualem
796 2115 884 2172 tinem
905 2113 1018 2186 plenius
1029 2112 1158 2172 obtinen-

114 2191 199 2265 dum,
211 2192 367 2265 rubeaque
381 2193 606 2252 consideratione
624 2201 740 2253 mutuas
761 2197 926 2255 eorumdem
947 2196 1098 2255 relationes
1112 2210 1157 2255 or·

114 2275 210 2348 dinat;
231 2276 273 2333 sic
284 2275 349 2334 linis
363 2274 504 2333 societatis
514 2275 745 2335 intemationalis
755 2278 786 2334 iu
800 2279 855 2336 lsoc
867 2279 1002 2351 comitur,
1019 2284 1053 2338 ut
1065 2278 1157 2338 diver·

114 2371 162 2417 sae
172 2359 304 2418 nationes
318 2359 451 2417 iuvantur
461 2359 556 2432 quoad
570 2374 691 2432 scopum
702 2360 836 2418 socialem
847 2361 934 2418 totius
947 2367 977 2420 et
985 2361 1158 2421 cumulatius

113 2440 329 2514 adipiscendum
342 2455 447 2515 easqm
458 2442 511 2499 sul>
523 2439 572 2500 tali
584 2447 700 2513 aspectu
712 2442 787 2503 inter
795 2457 827 2500 se
837 2440 962 2500 devincit
969 2447 998 2500 et
1008 2448 1154 2514 temperat.

149 2526 220 2585 ilinc
241 2525 345 2584 iterum
364 2532 482 2599 apparet
504 2540 556 2584 cur
581 2524 728 2584 individua
744 2530 774 2583 et
794 2524 919 2583 familiae
938 2523 1106 2582 maturrime
1123 2525 1156 2583 in

113 2611 278 2670 societatem
291 2609 406 2668 civilem
422 2609 568 2680 coiverint,
595 2623 653 2666 non
669 2609 739 2667 item
752 2609 882 2667 notiones
896 2607 1099 2667 insacietatem
1111 2606 1157 2665 in·

115 2693 340 2753 ternationalem.
356 2693 427 2752 Nam
440 2706 528 2750 causa
542 2691 700 2750 subiective
716 2691 866 2765 impellens
879 2698 910 2749 et
918 2690 1010 2749 veluti-
1023 2689 1156 2749 stimulus

114 2777 207 2850 quoad
222 2776 386 2835 societatem
400 2774 556 2833 ineundum
567 2780 595 2832 et
609 2772 766 2846 indigentia
776 2775 888 2832 externi
899 2773 1013 2846 auxilii3
1026 2787 1083 2846 quo
1094 2787 1156 2832 cer·

115 2863 142 2918 te
150 2864 281 2933 respectu
291 2857 357 2916 linis
370 2857 477 2930 proprii
492 2859 555 2930 plus
570 2857 695 2915 familiae
707 2862 735 2915 et
748 2857 896 2915 individua
909 2857 1058 2930 pulsantur
1067 2871 1155 2930 quam

115 2943 254 3000 nationes.
270 2941 342 2999 latae
363 2940 441 2999 enim
462 2941 549 2998 etiam
568 2953 697 2998 seorsum
714 2944 861 3012 acceptae,
877 2939 979 2998 maiori
1000 2940 1082 3012 copia
1096 2952 1154 2998 me·

114 3025 226 3092 diorum
246 3023 427 3082 instruuntur
445 3027 576 3096 respectu
599 3023 666 3081 linis
682 3022 909 3096 politici,'quam
926 3023 1073 3081 individua
1088 3021 1154 3080 linis

113 3105 304 3166 individualis.
324 3105 366 3164 Ex
384 3121 440 3181 quo
455 3107 562 3165 iactum
582 3111 674 3164 estut
692 3105 855 3178 individua,
876 3111 972 3179 utpote
989 3105 1151 3178 egentiora,

113 3189 249 3263 impulsui
266 3193 386 3250 naturae
399 3190 491 3264 magis
513 3190 616 3248 lesura
631 3189 867 3263 obtemperande
887 3195 987 3248 eontra
1004 3188 1152 3260 nationes,

114 3277 211 3346 utpote
225 3273 321 3332 minus
335 3277 459 3346 egentes,
476 3271 571 3332 eidem
581 3273 767 3332 incitamento
780 3273 863 3345 longe
878 3273 970 3331 serius
984 3271 1154 3345 etpedeten·

116 3354 166 3413 tim
182 3355 325 3415 obediant.

149 3437 255 3497 Deinde
275 3439 307 3497 lit
326 3440 412 3498 etiam
429 3439 616 3499 manifestum
629 3438 843 3499 consociatione
864 3439 920 3497 hec
940 3437 1153 3497 intemationali

113 3521 258 3595 politicam
270 3522 521 3596 independentiam
537 3538 594 3581 non
605 3523 722 3596 aulerri,
734 3523 783 3582 sed
796 3523 889 3596 potius
903 3521 1066 3579 confirmari
1076 3523 1105 3579 et
1118 3520 1155 3578 ad

114 3606 242 3680 proprios
256 3605 354 3665 reduci
369 3605 483 3664 limites.
506 3607 535 3665 Si
551 3605 676 3665 enimin
688 3607 822 3665 societate
836 3603 913 3664 civili
932 3603 1154 3676 summaeque

117 3693 335 3764 congregantur,
352 3690 536 3750 domesticam
551 3690 802 3764 independentiam
819 3689 957 3762 rednent,
973 3688 1084 3748 umetsi
1101 3702 1154 3761 pu·

115 3772 208 3832 blicae
229 3774 388 3834 auctoritati
410 3776 503 3848 quoad
522 3775 674 3834 relationes
688 3774 787 3834 civiles
806 3780 835 3833 et
848 3779 982 3834 exmrnas
998 3771 1153 3833 subiicien-

115 3859 178 3924 tur;
190 3853 220 3914 id
229 3851 319 3917 multo
332 3855 424 3930 magis
436 3855 472 3916 de
485 3854 650 3916 nodonibus
663 3854 757 3942 quoad
770 3851 1008 3915 consociationem
1022 3850 1150 3926 gentium
1212 3853 1220 3862 '
