2767 4492
224 350 280 409 252
670 360 835 405 nannenus

224 454 311 522 atquo
324 445 431 506 idcirco
450 444 702 504 inviolabilitatem
723 444 783 519 regi
798 442 938 517 largitum
960 442 1031 502 illud
1046 444 1142 503 tamen
1155 442 1285 503 mobilis
1371 446 1372 449 ’

225 532 332 592 simum
350 529 460 602 reddit3
481 529 623 604 siquidem
641 545 695 589 rex
711 530 774 588 sine
793 527 970 587 administris
989 528 1062 587 nihil
1076 528 1219 603 imperare
1233 543 1284 601 po·

224 621 294 689 test,
317 613 478 675 administri
501 620 597 673 autem
620 630 658 673 ne
676 619 815 687 punctum
843 612 959 687 quidem
982 613 1151 673 existentiae
1171 617 1281 671 certum
1371 676 1372 697 ἢ

222 700 340 761 frabent.
360 698 493 759 Concedit
502 698 693 774 priucipirim
704 696 860 773 publicam,
879 696 1018 757 nimirum
1028 697 1202 769 exereitum3
1214 712 1283 756 mox
1371 704 1372 763 f

221 801 290 847 vero
299 785 430 845 eamdem
444 782 550 843 elidere
560 782 820 843 conaturiustitnta
834 781 972 842 nationali
991 782 1106 841 militia.
1126 781 1285 840 Proclamat
1371 804 1372 815 κ

222 870 387 929 libertatem
401 868 592 928 conscientiae
609 872 638 927 et
652 868 785 941 rationis3
803 872 928 926 attamen
948 866 1110 927 libertatem
1125 865 1284 925 docendict

222 954 365 1016 educandi
386 959 469 1013 natos
483 952 650 1028 parentibus
667 968 785 1027 prorsus
809 952 919 1012 adimit.
940 952 1041 1011 Sancrit
1054 965 1217 1025 supremam
1232 966 1282 1025 po

221 1044 352 1099 testatem
366 1038 493 1097 residere
507 1038 538 1096 in
552 1037 658 1114 populo
672 1052 794 1111 eamque
804 1036 841 1095 ab
853 1036 915 1111 ips'o
926 1034 956 1095 in
967 1034 1156 1095 electionibus
1168 1040 1282 1094 tantum

223 1118 366 1192 exerceri,
383 1118 581 1177 simulantem
592 1116 731 1179 maiorem
742 1116 839 1191 populi
850 1122 961 1191 partem
973 1116 1125 1176 alerendis
1136 1116 1281 1189 suffragiis
1371 1152 1372 1193 ;

223 1203 363 1265 excludit.
375 1203 599 1262 mechanismum
609 1201 765 1261 introducit
773 1201 828 1261 hoo
839 1201 899 1261 solo
909 1201 967 1260 line
978 1206 1011 1261 ut
1021 1201 1084 1260 iura
1093 1200 1283 1259 indndualia
1371 1250 1372 1271 ,

225 1294 333 1349 certum
350 1287 512 1347 curationem
526 1276 688 1361 accipiantr
708 1292 736 1345 et
746 1291 844 1346 tamen
855 1286 968 1345 nullum
978 1285 1086 1357 estius,
1098 1284 1171 1359 quod
1181 1284 1212 1343 in
1223 1285 1283 1344 dis·

226 1373 336 1435 crimen
352 1371 454 1431 adduci
468 1388 528 1431 non
545 1371 644 1447 possit,
662 1371 687 1431 si
702 1370 807 1431 maiori
825 1386 957 1444 numero,
973 1370 1043 1429 reali
1059 1370 1101 1427 ret
1116 1369 1224 1443 fictitio,
1240 1370 1283 1429 ita

225 1459 346 1532 placeat.
368 1457 422 1517 sed
440 1458 565 1517 nimium
587 1456 841 1531 progrederemur,
860 1456 885 1515 si
904 1470 1003 1516 omnes
1023 1454 1279 1528 contradictiones,

225 1544 330 1617 quibus
346 1544 417 1603 liaeo
431 1543 580 1617 regiminis
595 1544 687 1603 forma
701 1546 810 1615 scatet,
823 1556 976 1603 numerare
989 1539 1136 1601 vellemus.
1148 1540 1281 1608 Quaem·

226 1622 354 1697 unimus,
372 1622 430 1684 sint
443 1622 523 1684 satis.

632 1786 812 1857 ‘metaurus
826 1792 858 1857 r.

379 1960 489 2038 ouibus
501 1965 598 2028 noda
615 1983 737 2029 onosma
753 1976 879 2045 potestas
896 1964 1132 2061 trormmittotur.

267 2134 329 2202 idi).
343 2135 499 2214 imperium
522 2154 560 2199 ex
574 2155 632 2199 uno
645 2139 773 2201 subiecto
794 2138 825 2201 in
843 2138 921 2201 aliud
935 2138 1085 2199 transferri
1099 2138 1211 2213 potest,
1227 2143 1282 2198 aut

229 2218 417 2298 haereditate,
434 2230 485 2284 aut
498 2224 639 2295 electione,
655 2231 705 2285 aut
716 2227 786 2285 trare
800 2226 949 2287 uictoriae.
965 2226 1005 2287 De
1018 2226 1138 2300 singulis
1154 2241 1259 2301 pauca.

266 2309 311 2368 lus
325 2308 549 2369 haereditarium
562 2308 693 2384 habetur,
711 2326 777 2370 cum
791 2325 912 2384 regnum
927 2310 967 2369 ita
982 2311 1166 2369 constitutum
1180 2315 1233 2382 est
1245 2314 1281 2369 ut

226 2389 390 2466 individua,
406 2393 512 2467 quibus
525 2410 659 2468 suprema
679 2400 803 2469 potestas
819 2394 1017 2462 committitur,
1033 2410 1071 2453 eu
1089 2392 1282 2453 determinata

225 2477 337 2537 familia
359 2484 436 2539 certo
458 2479 558 2539 ordine
578 2480 726 2554 designata
747 2482 817 2553 sint,
843 2486 927 2554 atque
945 2479 993 2539 aiii
1010 2479 1074 2538 eliis
1092 2480 1151 2538 rita
1169 2480 1279 2538 iunctis

226 2563 390 2623 succedant.
407 2565 578 2624 innumerae
591 2564 646 2622 hac
661 2565 691 2623 in
706 2580 737 2623 re
753 2566 876 2624 existere
892 2571 1011 2638 possunt
1025 2564 1280 2638 uarietates,quae

223 2661 263 2707 ex
276 2648 454 2707 diversorum
464 2649 634 2722 populorum
648 2649 761 2709 statutis
772 2648 915 2722 pendent,·
929 2664 962 2708 ae
973 2648 1107 2723 proinde,
1124 2662 1189 2707 cum
1201 2663 1217 2705 a
1227 2663 1280 2707 ro-

223 2730 333 2791 luntatc
341 2732 433 2792 libera
442 2734 671 2806 proficiscantur,
680 2733 727 2791 ius
737 2739 858 2792 naturae
873 2734 1167 2807 praetergrediuntur.
1178 2732 1217 2791 Dc
1231 2732 1280 2791 tris

220 2814 310 2887 igitur
328 2817 467 2876 disserere
481 2818 518 2875 ad
536 2834 588 2876 nos
603 2832 661 2876 non
675 2818 817 2891 pertinet;
836 2820 886 2877 sed
902 2818 955 2877 tria
968 2819 1118 2879 dumtaxat
1131 2815 1280 2877 adnotabi-

221 2912 299 2972 mus,
316 2916 389 2974 quae
407 2900 557 2975 principiis
570 2902 751 2961 naturalibus
766 2904 858 2975 magis
873 2908 942 2961 sunt
957 2902 1067 2961 affinia.

259 2983 387 3043 PrImum
401 2989 461 3058 eet,
477 3000 534 3043 non
550 3000 633 3060 posse
646 3000 699 3060 pro
714 2985 804 3045 luhito
819 2986 910 3061 ipsius
925 2987 1097 3061 imperantis
1111 2985 1218 3045 mutari
1231 3000 1280 3044 or-

225 3066 325 3127 dinem
338 3068 540 3143 successionis,
558 3070 582 3127 si
593 3070 670 3143 leges
681 3069 909 3130 fundamentales
923 3070 1003 3143 regni
1013 3070 1121 3144 aliquid
1131 3070 1185 3129 trac
1198 3070 1228 3129 in
1238 3085 1274 3128 re

224 3148 432 3213 determinent.
452 3152 523 3211 llam
543 3153 621 3227 leges
643 3153 785 3213 eiusmodi
807 3154 1018 3213 conditionibus
1037 3154 1208 3228 quibusdam
1222 3154 1274 3211 ad·
1371 3190 1372 3201 ,

224 3236 368 3310 stringunt
386 3236 555 3296 exercitium
569 3252 720 3311 supremae
735 3238 896 3312 potestatis,
911 3243 939 3296 ef
953 3238 1116 3296 subiectum
1130 3237 1277 3296 deliniunt
1371 3272 1372 3311 3

219 3323 257 3382 ad
271 3321 346 3396 quod
363 3320 413 3379 illa
427 3320 570 3396 pertinere
585 3320 698 3380 debeat.
715 3322 747 3381 ln
759 3322 812 3382 troo
822 3338 893 3382 casu
906 3322 1005 3396 populi
1019 3336 1175 3382 consensus
1191 3335 1275 3381 aoce-

221 3408 271 3467 dat
284 3420 401 3465 necesse
416 3410 469 3464 est.

256 3490 374 3562 Deinde,
386 3488 552 3550 etsiratioui
562 3490 766 3565 congruentius
780 3492 858 3551 situt
867 3506 962 3551 mares
976 3492 1126 3551 dumtaxat
1136 3492 1198 3553 iure
1207 3506 1276 3552 eoc-

221 3572 359 3635 cessiouis
368 3579 516 3647 ornentur,
527 3574 652 3634 exclusis
662 3574 806 3649 foeminis,
817 3590 891 3649 quae
906 3582 982 3635 certe
997 3575 1092 3635 minus
1107 3582 1190 3651 aptae
1204 3581 1276 3635 sunt

221 3659 259 3719 ad
274 3664 369 3732 partes
392 3658 552 3732 implendas
570 3657 702 3733 imperii,
719 3665 747 3719 et
767 3660 897 3720 maribus
910 3660 939 3719 vi
954 3665 1075 3719 naturae
1090 3662 1273 3734 subduntur3

223 3748 321 3802 tamen
337 3742 383 3801 ius
396 3746 517 3801 naturae
531 3758 590 3803 non
599 3742 744 3817 prohibet,
765 3744 918 3818 quominus
936 3745 1078 3804 foeminae
1092 3746 1179 3804 etiam
1194 3758 1277 3803 sum·

220 3840 270 3885 ma
283 3829 421 3899 potestate
435 3826 589 3901 potiantur.
601 3828 672 3886 llam
689 3843 813 3903 persona
826 3828 960 3904 publica,
981 3834 1064 3903 prout
1078 3828 1194 3904 publica
1208 3832 1275 3903 est,

222 3922 326 3972 osexu
338 3908 494 3989 eleuauit,
511 3915 541 3973 et
555 3914 667 3997 motum
676 3912 866 3999 capacitatem
877 3913 995 4010 regendi
1004 3913 1216 3991 mortanam
1228 3928 1278 3989 tif
