2767 4492
232 281 249 340 p
430 253 433 256 ’
649 281 853 330 nvrnonucrro

227 387 351 450 persona
364 375 417 445 est,
432 369 608 446 praecisione
622 367 697 426 lacta
711 382 729 426 a
742 371 818 425 stetu
835 363 933 424 sociali
946 363 978 421 in
991 376 1049 436 quo
1061 361 1110 420 ille
1123 367 1273 436 versatur3

228 459 280 518 lus
294 461 389 516 autem
404 463 533 514 naturae
548 451 693 510 hominem
710 450 915 523 contempletur
935 453 1019 522 prout
1036 447 1222 506 relationibus
1237 447 1278 505 ad

230 543 301 601 ulios
316 540 446 600 homines
460 539 489 597 vi
501 535 646 596 Societatis
661 534 855 606 adstringitur.
867 533 913 592 Sic
927 536 1116 606 congruenter
1129 531 1277 590 distinctio

229 626 305 685 iuter
319 629 469 696 utramque
483 620 688 694 conciperetur.
705 619 793 677 Homo
812 616 891 676 eninr
910 631 1012 698 reapse
1034 615 1141 688 duplici
1163 615 1277 672 ratione

230 704 402 767 considerari
416 709 520 780 potest:
536 703 676 777 primum,
694 708 726 760 ut
743 702 874 761 libertate
892 700 1001 774 pollens
1015 705 1045 782 et
1063 699 1099 757 ad
1114 699 1202 757 finem
1222 698 1276 756 ali-

231 807 317 866 quem
331 791 487 862 ordinatus,
500 801 534 846 ac
549 786 666 861 proinde
681 784 850 845 moralitatis
864 800 973 858 capax3
984 784 1066 842 iuxta
1080 797 1166 856 quarn
1177 797 1279 856 opera·

231 882 312 934 turns
325 878 400 932 esset
413 871 526 932 etiamsi
540 870 617 928 solus
638 875 773 928 exsiccet.
791 869 898 944 Deinde
918 868 1020 942 inspici
1035 871 1126 940 potest
1141 871 1224 939 prout
1239 866 1277 924 ad

231 958 392 1017 convictum
406 971 472 1020 cunr
487 957 550 1015 aliis
565 971 583 1014 a
598 959 701 1013 natura
718 954 843 1012 directus
861 958 917 1025 est,
934 967 967 1010 ac
985 951 1105 1025 proinde
1121 949 1276 1008 socialibus

229 1039 418 1101 relationibus
427 1039 597 1098 devincitur.
609 1039 680 1098 Hinc
690 1053 749 1096 non
763 1037 907 1096 immerito
921 1035 1028 1110 duplex
1041 1033 1160 1094 scientio
1175 1034 1278 1095 distin

231 1125 280 1198 gui
294 1129 405 1198 posset:
421 1123 538 1183 moralis
553 1129 581 1182 ct
594 1123 640 1182 ius
654 1129 790 1195 natiuae3
806 1136 929 1196 quarum
943 1119 1072 1193 superior
1086 1119 1213 1177 actiones
1226 1118 1277 1176 ho·

229 1207 317 1266 minis
332 1206 385 1266 suh
404 1206 496 1281 primo
515 1211 650 1280 aspectu,
675 1205 813 1279 posterior
829 1204 883 1263 suh
904 1203 1028 1262 secunda
1050 1202 1277 1261 consideratione

230 1291 393 1365 dirigendas
407 1291 654 1364 contemplaretru.
666 1291 700 1347 dt
710 1290 785 1348 huuc
800 1288 1010 1346 distinctionem
1024 1303 1081 1346 non
1096 1287 1275 1359 adoptamus,

231 1389 297 1432 curn
312 1389 370 1434 non
386 1373 455 1432 satis
468 1373 590 1430 dilucide
605 1387 693 1430 unam
708 1371 888 1444 disciplinam
902 1370 939 1428 ab
954 1370 1010 1428 alia
1029 1370 1222 1442 discriminet;
1239 1371 1277 1428 si-

232 1457 346 1529 quidem
360 1456 417 1531 ipsi
430 1462 510 1528 actus
524 1456 648 1514 hominis
663 1455 777 1514 socialis
795 1454 953 1513 moralitate
968 1453 1174 1526 informantur,
1191 1461 1276 1528 atquc

231 1539 296 1599 ideo
311 1539 365 1600 sarh
379 1540 433 1598 lrac
449 1539 673 1598 consideratione
689 1539 724 1596 ad
740 1537 864 1596 ethicam
879 1538 1029 1612 pertinent.

268 1625 362 1681 litera
376 1623 533 1694 distinctio,
551 1637 638 1696 quam
652 1621 816 1696 probamus,
832 1623 864 1680 iu
877 1637 911 1680 eo
930 1621 1061 1680 collocari
1081 1627 1185 1696 potest,
1201 1625 1277 1697 quod

231 1707 325 1766 ethica
339 1711 435 1764 actum
449 1707 607 1764 humanum
623 1706 860 1765 considerandum
874 1713 1000 1764 assumat
1015 1706 1068 1764 suh
1082 1713 1213 1780 respectu
1227 1723 1276 1782 po·

232 1790 290 1848 tius
308 1790 433 1862 [ermuli
447 1795 475 1848 et
490 1795 521 1848 ut
536 1790 577 1848 ita
591 1789 684 1848 dicam
699 1788 887 1864 qualitativo,
903 1805 953 1850 seu
970 1789 1127 1850 secundum
1142 1792 1277 1850 conditio·

232 1887 284 1931 nes
299 1889 356 1946 aas,
374 1889 445 1946 quas
459 1872 565 1931 lrebere
580 1873 664 1932 debet
679 1874 724 1933 vel
739 1873 844 1932 habere
859 1879 997 1948 potestat
1010 1873 1126 1932 moralis
1140 1880 1169 1933 ct
1185 1875 1277 1935 bonus

233 1955 351 2029 evadat3
368 1955 414 2015 ius
429 1971 496 2015 vero
511 1957 646 2015 eumdem
661 1962 757 2016 actum
775 1963 917 2016 scrutetur
931 1962 1062 2030 respectu
1075 1958 1170 2030 potius
1186 1969 1277 2018 mete

234 2038 309 2098 cicli
329 2043 358 2097 ct
381 2039 475 2113 polius
490 2041 707 2114 quontitotioo,
728 2046 869 2115 quatenus
889 2043 922 2100 in
944 2041 1107 2116 particulari
1129 2041 1277 2116 investiget

234 2121 302 2196 quid
318 2123 354 2180 ad
367 2123 504 2182 iustitiam
516 2126 684 2184 servandam
699 2141 770 2199 opus
785 2126 835 2198 sit;
848 2130 933 2199 atque
947 2125 1011 2184 ideo
1021 2141 1055 2184 aa
1064 2125 1218 2186 dictamina
1231 2143 1276 2186 ra·

235 2205 320 2263 tionis
334 2207 472 2265 naturalis
486 2208 698 2282 complectatur,
710 2209 814 2282 quibus
830 2209 989 2268 consentire
1004 2208 1125 2284 positiva
1138 2210 1277 2283 legislatio

234 2287 337 2362 debet,
355 2295 490 2364 utaequa
504 2291 640 2351 etvalida
654 2293 803 2350 nudentur.
830 2292 874 2351 Sic
896 2293 983 2365 igitur
1006 2292 1149 2354 obiectum
1166 2296 1277 2369 primae

235 2373 371 2434 scientiae
385 2381 459 2436 esset
473 2377 582 2452 bouum
602 2378 759 2451 generatim
778 2377 955 2450 inspectum3
972 2378 1116 2438 obiectum
1134 2381 1276 2440 secundae

235 2457 308 2516 toret
321 2458 437 2518 iustum
450 2459 546 2519 stricte
561 2466 725 2535 acceptum,
741 2465 882 2533 quamnus
896 2461 1096 2534 aequalitatem
1110 2466 1189 2536 ponit
1201 2465 1277 2524 inter

233 2540 407 2602 homines-ct
421 2543 457 2602 ad
470 2559 555 2603 suum
574 2544 677 2617 cuique
695 2543 878 2602 tribuendum
897 2551 1023 2603 manem
1043 2546 1194 2605 illuminat.
1216 2548 1277 2615 Qua

235 2626 399 2696 acceptione
414 2627 459 2686 ius
473 2635 591 2686 naturae
606 2627 720 2686 deliniri
734 2632 843 2700 posset:
861 2629 935 2686 iusti
949 2629 1110 2702 iniustique
1123 2632 1277 2690 octor-olis

235 2709 357 2770 scientio
372 2714 403 2785 ⁴3
429 2712 523 2771 etltica
543 2727 610 2772 vero
637 2711 759 2772 scientio
782 2713 963 2773 moralitatis
987 2716 1135 2774 octiooauo
1163 2714 1276 2774 laomo-

235 2809 359 2854 oorum.
837 2825 844 2834 ·

281 2979 292 3025 l
313 2978 418 3041 Ulpianus
433 2979 626 3044 iorisprudeniiam
644 2985 764 3044 generatim
777 2983 910 3047 descripsit:
926 2984 978 3032 iusti
999 2985 1118 3048 iniustique
1142 2985 1277 3048 seientiam,

234 3053 260 3112 ff.
272 3051 288 3097 2
302 3053 330 3099 dc
343 3055 398 3101 itere
412 3060 433 3100 el
448 3058 549 3104 iustitio.
567 3057 637 3103 ¹iliam
654 3057 801 3106 differentiam
817 3060 874 3118 iuris
886 3061 992 3107 naturalia
1003 3061 1031 3106 ab
1041 3061 1112 3108 ethica
1126 3063 1278 3122 mipnatlle-

234 3128 327 3191 eminus,
343 3133 449 3191 quatenus
467 3129 517 3176 huie
534 3148 573 3194 pro
591 3138 719 3194 argumento
734 3134 792 3196 qnod
810 3139 894 3197 tractet,
913 3135 1023 3182 adscribat
1038 3135 1232 3198 officia-hominis,
1244 3135 1277 3181 illi

234 3219 285 3252 vero
302 3205 366 3268 iura,
382 3219 437 3268 quae
451 3205 495 3252 Deo
511 3211 575 3267 alque
589 3203 673 3253 homini
690 3214 824 3270 competunt.
841 3211 874 3255 Eu
889 3210 936 3256 eins
950 3209 1033 3257 verba:
1054 3232 1062 3253 ι
1082 3211 1101 3256 tt
1117 3210 1157 3258 cite
1172 3211 1209 3256 noi
1227 3225 1278 3256 cre·

237 3298 246 3320 ι
265 3279 337 3326 diurno
352 3285 414 3342 polet·
428 3279 553 3341 consepuire
568 3281 682 3329 lenendoci
699 3289 871 3331 accuratamenlo
885 3301 898 3331 a
913 3284 963 3346 quel
977 3290 1075 3332 concatlo
1091 3286 1127 3331 del
1142 3285 1215 3332 dirilto
1236 3285 1279 3330 elie

237 3373 246 3395 ι
266 3353 288 3399 di
303 3369 367 3416 sopra
382 3353 482 3401 abbiamo
498 3362 631 3421 reeennrto,
650 3359 743 3404 secondo
757 3359 774 3405 il
790 3360 853 3421 quale
868 3359 885 3405 it
899 3359 974 3406 diritto
994 3361 1088 3407 consiste
1103 3360 1127 3405 in
1141 3375 1184 3406 nor
1199 3358 1280 3405 ireoltl

237 3447 246 3469 ι
265 3427 455 3491 eudemonolopicc
476 3430 532 3477 della
553 3431 614 3494 lappe
635 3433 717 3480 morale
732 3441 832 3497 protollo.
851 3434 878 3479 ni
895 3435 934 3482 che
950 3435 1053 3481 discendo
1069 3434 1109 3481 elia
1125 3436 1280 3480 cleremount

237 3521 246 3544 α
265 3503 296 3549 lul
312 3503 389 3550 lucelli
403 3505 421 3549 ri
437 3509 496 3552 noer
512 3506 583 3568 primo
598 3507 707 3555 nell’Eule
722 3512 835 3572 Supremo,
852 3511 910 3556 ende
924 3511 961 3572 poi
976 3526 1004 3556 ne
1018 3511 1146 3572 parteciprn
1162 3509 1193 3571 pti
1208 3509 1281 3554 nonai·

237 3597 246 3619 ι
265 3579 288 3622 ni
305 3579 329 3624 in
344 3577 415 3641 quella
430 3585 498 3628 cleosa
511 3580 550 3627 che
567 3582 594 3628 de
609 3584 639 3629 lui
656 3584 757 3631 ricavouo
773 3586 790 3630 il
804 3585 851 3632 loro
865 3601 949 3648 esaere3
966 3588 1012 3631 cosi
1028 3600 1042 3631 a
1058 3586 1095 3630 noi
1110 3586 1143 3631 sir
1157 3585 1284 3631 neemrio

237 3669 246 3694 ι
266 3651 288 3696 di
304 3653 415 3713 rapionere
432 3655 455 3700 in
471 3655 541 3716 qnest’
551 3671 615 3717 opera
633 3673 676 3704 non
692 3674 757 3704 meno
773 3659 808 3705 dei
825 3660 885 3706 dritti
901 3660 937 3706 uel
952 3676 992 3706 sno
1005 3660 1066 3705 lente
1085 3659 1180 3722 divino,
1197 3658 1284 3706 sabbam

238 3745 246 3772 ι
266 3723 417 3792 lrerumente,
434 3729 474 3776 clio
494 3729 550 3777 nella
568 3731 615 3778 loro
630 3747 709 3778 ιιιιιιιιιι
728 3733 871 3782 derivatione.
888 3735 918 3780 La
933 3734 986 3795 qual
1007 3733 1144 3780 inanimali
1160 3733 1239 3780 vedere
1259 3749 1286 3781 u

238 3819 248 3868 a
267 3799 293 3846 «la
310 3815 354 3849 ιιιιι
368 3811 428 3868 parte
443 3805 555 3856 abbr-meir
573 3809 622 3856 tutti
637 3809 645 3854 i
660 3807 740 3871 diritti,
754 3809 862 3859 ‹lrll’rltra
876 3809 987 3872 distingne
1001 3815 1175 3858 summonte
1195 3809 1212 3856 1²
1221 3809 1287 3857 litiea
