2767 4492
225 307 261 371 ld
669 319 832 367 1111111111

258 407 344 482 Urget
357 409 458 468 eodem
471 408 546 467 loco:
566 427 577 457 1
595 402 624 463 Si
638 417 761 476 quaeras
775 401 890 464 existis
906 399 1089 461 bominibus:
1105 401 1142 460 de
1156 401 1271 476 quibus·

227 518 238 546 «
258 507 327 552 nam
340 492 403 567 lege
417 498 535 552 naturae
551 487 739 563 disponatur?
754 487 956 563 Respondent:
972 487 1008 545 de
1022 485 1074 560 iis,
1091 502 1165 560 quae
1178 503 1229 561 per
1242 501 1273 546 se

226 599 238 631 a
258 583 361 636 natura
377 593 429 636 sua
443 577 561 635 honesta
575 577 605 632 et
620 572 715 646 turpia
728 576 805 630 sunt.
825 572 875 630 Sin
892 569 1013 629 ulterius
1034 585 1169 644 quaeras:
1190 586 1274 646 quae·

226 684 238 714 a
259 677 328 720 uam
342 665 438 721 autem
452 665 519 719 sunt
535 657 585 717 illa
605 671 658 731 per
679 671 711 714 se
726 661 755 714 et
769 671 825 714 sua
844 654 947 714 natura
966 653 1086 713 honesta
1102 654 1146 713 vel
1161 650 1272 728 turpia?

225 768 237 799 ι
258 744 330 804 nibil
344 744 421 803 aliud
434 743 550 816 babent,
568 739 643 816 quud
661 739 866 814 respondeant,
883 753 971 813 quam
986 753 1021 796 ea
1035 738 1071 796 de
1089 738 1194 813 quibus
1211 737 1272 812 lege

226 851 237 881 1
259 829 378 888 naturae
392 827 562 901 disponitur.
581 847 592 876 1
1296 895 1301 902 ¹

259 914 341 987 Resp.
354 911 487 978 Mentitur
496 910 581 985 plane
591 908 801 968 Pudendorllus
811 923 878 968 cunr
892 907 1032 967 cuculum
1047 907 1124 966 huno
1139 906 1272 966 vitiosum

224 995 330 1056 obiicit.
348 995 492 1054 Sententia
506 994 594 1066 enim,
610 1009 698 1067 quarn
712 993 868 1067 sequimur,
886 991 940 1051 etsi
959 996 1065 1051 statuat
1077 991 1171 1065 legem
1189 994 1272 1051 natu·

224 1096 274 1141 rae
287 1081 323 1140 de
337 1080 374 1138 iis
389 1079 548 1153 disponere,
561 1093 635 1152 quae
649 1093 701 1151 per
715 1092 747 1135 se
762 1083 830 1136 sunt
843 1074 966 1134 honesta
978 1075 1024 1134 vel
1040 1074 1142 1149 turpia,
1155 1090 1212 1134 non
1225 1089 1272 1134 re·

224 1164 344 1244 spondet
358 1178 393 1222 ea
407 1177 471 1221 1111
486 1162 606 1220 honesta
619 1161 666 1220 vel
682 1160 785 1235 turpia,
800 1161 836 1218 de
852 1159 957 1234 quibam
967 1159 1030 1232 lege
1043 1165 1162 1218 naturae
1177 1158 1276 1232 dispo·

222 1249 314 1314 nitur;
332 1246 383 1306 sed
397 1262 471 1320 quae
493 1245 650 1305 conformia
667 1250 735 1304 sunt
758 1243 803 1303 vel
825 1243 941 1302 dissona
961 1240 1117 1318 sapientiae
1138 1242 1273 1316 dimas,
1379 1294 1380 1297 ,

224 1339 252 1392 11
265 1331 357 1405 nobis,
374 1331 534 1392 naturalem
549 1345 646 1389 rerum
661 1329 791 1390 ordinem
806 1327 1009 1401 scrutantibus,
1022 1326 1089 1386 talia
1105 1342 1167 1387 esse
1178 1327 1270 1388 mani-
1379 1338 1380 1341 ’

224 1419 373 1477 testantur.
1379 1414 1380 1475 ξ

189 1541 192 1546 -
259 1501 347 1560 lustat
360 1499 499 1573 denique:
519 1522 530 1552 a
547 1499 568 1560 l.
585 1497 715 1558 Admisso
735 1497 790 1555 iiac
812 1497 967 1570 sententia,
982 1497 1013 1555 in
1033 1496 1154 1555 obscum
1171 1497 1270 1555 manet
1379 1494 1380 1535 i

226 1609 238 1638 a
260 1585 380 1660 quinam
393 1584 509 1642 demum
518 1583 576 1642 siut
589 1583 632 1642 illi
648 1580 730 1641 actus
742 1581 771 1639 in
788 1597 822 1640 se
829 1581 921 1640 illiciti
930 1585 958 1639 et
969 1596 1025 1655 quo
1038 1581 1143 1639 iudicio
1153 1579 1190 1638 ab
1205 1579 1270 1639 aliis

226 1691 238 1720 a
259 1667 369 1726 actibus
377 1667 485 1742 liquido
494 1667 736 1739 internoscantur,
748 1680 821 1738 quae
829 1666 900 1723 item
911 1664 983 1722 ratio
994 1664 1030 1723 sit
1040 1665 1170 1738 proxima
1179 1679 1268 1738 quare

227 1775 239 1802 1
259 1749 345 1809 iidem
362 1749 430 1809 tates
446 1751 512 1809 sint.
529 1749 561 1808 ll.
578 1749 701 1818 Quilibet
715 1755 795 1807 actus
814 1749 885 1808 citra
903 1749 994 1821 legem
1010 1753 1077 1807 suut
1092 1748 1207 1807 omnino
1226 1748 1269 1808 in

227 1858 239 1887 ι
259 1834 430 1894 differentes.
448 1835 565 1894 Remota
579 1835 658 1894 enim
672 1835 734 1908 lege
743 1840 905 1893 remoretur
914 1833 1051 1907 quidquid
1060 1838 1102 1892 est
1116 1833 1222 1893 morale
1236 1833 1270 1892 in

227 1943 238 1972 s
259 1924 324 1978 actu
339 1918 397 1977 illo.
417 1941 429 1969 a

178 2035 181 2040 ⁴
258 2006 470 2080 Respondemus
492 2005 694 2064 obscuritatem
716 2004 812 2078 illam,
833 2018 920 2077 quarn
943 2003 1149 2063 Pudendortius
1167 2004 1266 2076 fingit,

223 2091 342 2150 minime
359 2090 449 2164 sequi.
466 2089 592 2150 Rationis
613 2090 690 2148 enim
711 2088 837 2161 lumine,
858 2088 976 2147 naturae
994 2089 1124 2148 ordinem
1142 2093 1268 2148 contem·

223 2175 333 2250 plante,
349 2175 484 2233 docemur
499 2174 568 2248 quid
582 2174 633 2232 lini
648 2179 676 2234 11
689 2179 809 2233 nostrae.
818 2177 936 2232 naturae
958 2173 1125 2247 conveniat,
1142 2172 1210 2244 quid
1224 2186 1268 2229 se-

222 2273 283 2318 cus.
298 2259 387 2318 immo
401 2260 494 2332 potius
509 2259 540 2317 in
559 2258 701 2317 contraria
720 2257 861 2318 sententia
876 2258 911 2316 de
925 2263 1044 2316 externa
1064 2263 1094 2316 et
1112 2255 1269 2315 adventitia

223 2342 380 2404 moralitate
401 2347 516 2401 actuum
537 2341 730 2400 bumanorum
749 2340 820 2399 baec
839 2339 997 2400 obscuritas
1018 2341 1188 2412 haberetur3
1207 2353 1268 2398 non

223 2425 301 2486 euim
316 2425 430 2487 aliunde
445 2430 573 2484 constare
588 2429 699 2499 posset,
716 2424 773 2484 uisi
788 2441 826 2484 ex
843 2425 941 2485 dirim
958 2425 1145 2497 revelatione,
1161 2439 1268 2498 quaen

221 2511 319 2570 multis
339 2525 397 2570 nou
413 2509 590 2578 admittitur,
614 2525 632 2568 a
653 2508 753 2567 multis
775 2509 862 2568 etiarn
882 2509 1074 2583 adulteratur,
1091 2525 1145 2568 nec
1163 2524 1215 2567 nos
1229 2508 1269 2566 ad

218 2594 407 2662 obediendum
426 2595 567 2668 adigeret,
583 2592 638 2650 nisi
654 2593 858 2666 obligationem
871 2594 990 2668 parendi
1003 2593 1060 2653 Deo
1074 2593 1133 2652 iam
1152 2592 1266 2651 anteiri

220 2677 304 2737 nobis
319 2676 493 2737 subaudiret.
509 2676 589 2737 ilatio
608 2682 705 2735 autern
725 2677 857 2750 proxima
880 2677 1047 2739 moralitatis
1065 2675 1268 2735 diiudicandae

221 2769 264 2821 est
277 2761 345 2821 ordo
361 2768 479 2820 naturae
494 2777 511 2819 a
525 2760 623 2819 divina
638 2760 787 2834 sapientia,
799 2761 936 2821 essentias
950 2775 1045 2821 rerum
1059 2761 1191 2830 dictante,
1207 2759 1268 2816 im·

220 2846 338 2919 positus,
355 2850 383 2904 et
397 2845 481 2904 nobis
495 2859 546 2918 per
560 2845 701 2903 rationem
721 2845 899 2904 manifestus.
916 2846 955 2904 ld
971 2847 1089 2904 altorum
1103 2857 1170 2900 uero
1183 2857 1268 2915 repe·

221 2928 308 2987 timus
322 2929 398 3003 quod
413 2936 479 2987 ante
494 2928 630 3000 diximus,
647 2927 785 2988 nimirum
800 2929 824 2987 si
840 2945 891 3002 pro
905 2928 967 3002 lego
982 2928 1155 3001 intelligatur
1169 2925 1265 2998 dispo·

220 3010 285 3070 sitio
300 3027 373 3086 quae
388 3026 405 3069 a
419 3011 508 3071 libera
519 3012 570 3071 1111
583 3012 728 3072 voluntate
742 3015 884 3086 procedat,
897 3014 999 3071 falsum
1014 3027 1076 3072 esse
1091 3016 1156 3069 aute
1169 3010 1267 3083 ipsam

214 3109 321 3153 omnes
336 3098 416 3153 actus
430 3111 460 3154 se
478 3095 675 3153 indifferenter
689 3096 810 3168 habere,
826 3097 944 3170 ipsaque
959 3101 1100 3154 summota
1119 3095 1266 3153 moralita-

222 3183 278 3238 tem
292 3193 407 3237 omnem
421 3179 571 3237 removeri.
588 3179 637 3238 Sin
652 3186 749 3238 autem
763 3181 940 3254 intelligatur
954 3180 1052 3238 divina
1067 3179 1206 3253 sumentia
1219 3192 1266 3236 re·

217 3275 283 3321 rurn
298 3262 435 3322 essentias
451 3264 610 3322 necessario
626 3264 746 3335 dictam,
766 3279 864 3323 cerum
881 3264 1007 3338 proiecto
1021 3265 1076 3322 erit
1090 3269 1155 3322 ante
1169 3263 1267 3336 ipsam

217 3345 290 3403 nibil
306 3346 422 3405 omuino
438 3347 530 3420 quoad
546 3353 691 3405 creaturas
706 3347 794 3405 etiam
811 3347 960 3421 possibiles
978 3348 1089 3422 concipi
1103 3363 1194 3420 posse,
1211 3347 1267 3403 sed

218 3434 328 3488 tautum
343 3430 470 3488 divinem
493 3431 646 3489 essentiam
665 3445 738 3502 uuae
758 3429 795 3487 sit
814 3431 963 3505 exemplar
977 3439 1117 3490 remotum
1133 3429 1268 3488 omniurn

216 3528 312 3572 rerum
328 3513 521 3588 possibilium,
539 3520 567 3573 et
581 3529 654 3589 quac
669 3515 705 3572 od
725 3514 790 3573 illas
809 3516 1009 3590 concipiendas
1023 3516 1137 3574 diuinae
1156 3513 1265 3572 intolli-

218 3597 330 3669 gentiae
344 3597 479 3671 praebeat
493 3599 721 3657 tundamentum.
737 3599 771 3657 tt
784 3598 814 3656 id
828 3614 894 3657 cum
908 3606 1006 3660 nostra
1020 3599 1161 3665 sententia
1174 3599 1263 3658 utini·

217 3693 263 3739 me
278 3687 395 3756 pugnat,
411 3683 462 3742 sed
476 3683 568 3751 amico
582 3683 676 3756 potius
691 3681 806 3742 foedere
820 3684 998 3743 conciliatur.
