<?xml version="1.0" encoding="UTF-8"?>
<!DOCTYPE html PUBLIC "-//W3C//DTD XHTML 1.0 Transitional//EN"
    "http://www.w3.org/TR/xhtml1/DTD/xhtml1-transitional.dtd">
<html xmlns="http://www.w3.org/1999/xhtml" xml:lang="en" lang="en">
 <head>
  <title>
</title>
<meta http-equiv="Content-Type" content="text/html;charset=utf-8" />
  <meta name='ocr-system' content='tesseract 3.04.00' />
  <meta name='ocr-capabilities' content='ocr_page ocr_carea ocr_par ocr_line ocrx_word'/>
</head>
<body>
  <div class='ocr_page' id='page_1' title='image "./institutionesph00libegoog_0210.png"; bbox 0 0 2767 4492; ppageno 0'>
   <div class='ocr_carea' id='block_1_1' title="bbox 213 324 932 391">
    <p class='ocr_par' dir='ltr' id='par_1_1' title="bbox 213 324 932 391">
     <span class='ocr_line' id='line_1_1' title="bbox 213 324 932 391; baseline -0.006 -3"><span class='ocrx_word' id='word_1_1' title='bbox 213 324 265 388; x_wconf 83' lang='lat' dir='ltr'><strong>tos</strong></span> <span class='ocrx_word' id='word_1_2' title='bbox 537 339 747 391; x_wconf 73' lang='lat' dir='ltr'><strong>murmurares</strong></span> <span class='ocrx_word' id='word_1_3' title='bbox 762 337 932 388; x_wconf 76' lang='lat' dir='ltr'><strong>sumasne</strong></span> 
     </span>
    </p>
   </div>
   <div class='ocr_carea' id='block_1_2' title="bbox 155 421 1316 3877">
    <p class='ocr_par' dir='ltr' id='par_1_2' title="bbox 181 421 1262 1599">
     <span class='ocr_line' id='line_1_2' title="bbox 211 421 1262 503; baseline 0.001 -18"><span class='ocrx_word' id='word_1_4' title='bbox 211 439 247 500; x_wconf 92' lang='lat' dir='ltr'><strong>pe</strong></span> <span class='ocrx_word' id='word_1_5' title='bbox 262 431 358 485; x_wconf 88' lang='lat' dir='ltr'><strong>tamen</strong></span> <span class='ocrx_word' id='word_1_6' title='bbox 372 428 550 488; x_wconf 84' lang='lat' dir='ltr'><strong>manifestari</strong></span> <span class='ocrx_word' id='word_1_7' title='bbox 564 431 683 503; x_wconf 79' lang='lat' dir='ltr'><strong>possunt</strong></span> <span class='ocrx_word' id='word_1_8' title='bbox 697 430 725 484; x_wconf 93' lang='lat' dir='ltr'><strong>et</strong></span> <span class='ocrx_word' id='word_1_9' title='bbox 740 441 840 500; x_wconf 81' lang='lat' dir='ltr'>reapse</span> <span class='ocrx_word' id='word_1_10' title='bbox 854 425 1073 485; x_wconf 77' lang='lat' dir='ltr'><strong>manifestantur</strong></span> <span class='ocrx_word' id='word_1_11' title='bbox 1082 423 1128 484; x_wconf 86' lang='lat' dir='ltr'><strong>vel</strong></span> <span class='ocrx_word' id='word_1_12' title='bbox 1138 439 1176 484; x_wconf 87' lang='lat' dir='ltr'><strong>ex</strong></span> <span class='ocrx_word' id='word_1_13' title='bbox 1184 421 1262 499; x_wconf 92' lang='lat' dir='ltr'><strong>prin·</strong></span> 
     </span>
     <span class='ocr_line' id='line_1_3' title="bbox 211 511 1259 589; baseline -0.001 -19"><span class='ocrx_word' id='word_1_14' title='bbox 211 511 294 586; x_wconf 89' lang='lat' dir='ltr'><strong>cipiis</strong></span> <span class='ocrx_word' id='word_1_15' title='bbox 308 514 496 589; x_wconf 85' lang='lat' dir='ltr'><strong>naturatibus,</strong></span> <span class='ocrx_word' id='word_1_16' title='bbox 508 514 553 572; x_wconf 86' lang='lat' dir='ltr'><strong>vei</strong></span> <span class='ocrx_word' id='word_1_17' title='bbox 567 530 605 572; x_wconf 86' lang='lat' dir='ltr'><strong>err</strong></span> <span class='ocrx_word' id='word_1_18' title='bbox 618 512 760 580; x_wconf 82' lang='lat' dir='ltr'><strong>constanti</strong></span> <span class='ocrx_word' id='word_1_19' title='bbox 774 517 970 570; x_wconf 89' lang='lat' dir='ltr'><strong>creaturarum</strong></span> <span class='ocrx_word' id='word_1_20' title='bbox 980 511 1152 584; x_wconf 80' lang='lat' dir='ltr'><strong>operatione,</strong></span> <span class='ocrx_word' id='word_1_21' title='bbox 1166 511 1259 570; x_wconf 82' lang='lat' dir='ltr'><strong>velex</strong></span> 
     </span>
     <span class='ocr_line' id='line_1_4' title="bbox 211 594 1260 672; baseline 0 -18"><span class='ocrx_word' id='word_1_22' title='bbox 211 595 340 670; x_wconf 88' lang='lat' dir='ltr'><strong>ipsarum</strong></span> <span class='ocrx_word' id='word_1_23' title='bbox 355 603 505 671; x_wconf 81' lang='lat' dir='ltr'><strong>structura,</strong></span> <span class='ocrx_word' id='word_1_24' title='bbox 515 599 561 658; x_wconf 86' lang='lat' dir='ltr'><strong>rel</strong></span> <span class='ocrx_word' id='word_1_25' title='bbox 574 596 768 672; x_wconf 81' lang='lat' dir='ltr'><strong>dispositione,</strong></span> <span class='ocrx_word' id='word_1_26' title='bbox 780 595 825 655; x_wconf 81' lang='lat' dir='ltr'><strong>vel</strong></span> <span class='ocrx_word' id='word_1_27' title='bbox 840 596 948 654; x_wconf 91' lang='lat' dir='ltr'><strong>ordine.</strong></span> <span class='ocrx_word' id='word_1_28' title='bbox 957 594 1024 653; x_wconf 86' lang='lat' dir='ltr'><strong>Fine</strong></span> <span class='ocrx_word' id='word_1_29' title='bbox 1035 599 1131 654; x_wconf 90' lang='lat' dir='ltr'><strong>autem</strong></span> <span class='ocrx_word' id='word_1_30' title='bbox 1144 610 1260 669; x_wconf 88' lang='lat' dir='ltr'><strong>perspe-</strong></span> 
     </span>
     <span class='ocr_line' id='line_1_5' title="bbox 212 679 1262 757; baseline 0 -19"><span class='ocrx_word' id='word_1_31' title='bbox 212 687 267 755; x_wconf 85' lang='lat' dir='ltr'><strong>cto,</strong></span> <span class='ocrx_word' id='word_1_32' title='bbox 280 681 322 740; x_wconf 92' lang='lat' dir='ltr'><strong>nil</strong></span> <span class='ocrx_word' id='word_1_33' title='bbox 336 683 440 742; x_wconf 88' lang='lat' dir='ltr'><strong>meiius</strong></span> <span class='ocrx_word' id='word_1_34' title='bbox 454 684 554 743; x_wconf 75' lang='lat' dir='ltr'><strong>habui</strong></span> <span class='ocrx_word' id='word_1_35' title='bbox 567 687 660 757; x_wconf 88' lang='lat' dir='ltr'><strong>potest</strong></span> <span class='ocrx_word' id='word_1_36' title='bbox 668 697 703 741; x_wconf 89' lang='lat' dir='ltr'><strong>ac</strong></span> <span class='ocrx_word' id='word_1_37' title='bbox 717 681 810 754; x_wconf 81' lang='lat' dir='ltr'><strong>magis</strong></span> <span class='ocrx_word' id='word_1_38' title='bbox 820 681 982 740; x_wconf 77' lang='lat' dir='ltr'><strong>conducens</strong></span> <span class='ocrx_word' id='word_1_39' title='bbox 993 680 1029 738; x_wconf 88' lang='lat' dir='ltr'><strong>ad</strong></span> <span class='ocrx_word' id='word_1_40' title='bbox 1041 680 1156 753; x_wconf 89' lang='lat' dir='ltr'><strong>plenam</strong></span> <span class='ocrx_word' id='word_1_41' title='bbox 1167 679 1262 753; x_wconf 84' lang='lat' dir='ltr'><strong>cogni·</strong></span> 
     </span>
     <span class='ocr_line' id='line_1_6' title="bbox 212 765 1262 842; baseline -0.002 -18"><span class='ocrx_word' id='word_1_42' title='bbox 212 765 317 825; x_wconf 91' lang='lat' dir='ltr'><strong>tionem</strong></span> <span class='ocrx_word' id='word_1_43' title='bbox 332 783 443 842; x_wconf 81' lang='lat' dir='ltr'><strong>eorum,</strong></span> <span class='ocrx_word' id='word_1_44' title='bbox 455 782 529 842; x_wconf 91' lang='lat' dir='ltr'><strong>quae</strong></span> <span class='ocrx_word' id='word_1_45' title='bbox 542 783 605 827; x_wconf 90' lang='lat' dir='ltr'><strong>rem</strong></span> <span class='ocrx_word' id='word_1_46' title='bbox 620 766 742 825; x_wconf 84' lang='lat' dir='ltr'><strong>attinent</strong></span> <span class='ocrx_word' id='word_1_47' title='bbox 756 766 786 825; x_wconf 94' lang='lat' dir='ltr'><strong>in</strong></span> <span class='ocrx_word' id='word_1_48' title='bbox 795 781 853 840; x_wconf 92' lang='lat' dir='ltr'><strong>qna</strong></span> <span class='ocrx_word' id='word_1_49' title='bbox 867 765 989 840; x_wconf 82' lang='lat' dir='ltr'><strong>cognitio</strong></span> <span class='ocrx_word' id='word_1_50' title='bbox 999 769 1139 824; x_wconf 87' lang='lat' dir='ltr'><strong>versatur.</strong></span> <span class='ocrx_word' id='word_1_51' title='bbox 1150 765 1193 822; x_wconf 82' lang='lat' dir='ltr'><strong>Ex</strong></span> <span class='ocrx_word' id='word_1_52' title='bbox 1203 765 1262 823; x_wconf 87' lang='lat' dir='ltr'><strong>tine</strong></span> 
     </span>
     <span class='ocr_line' id='line_1_7' title="bbox 211 848 1260 927; baseline -0.001 -19"><span class='ocrx_word' id='word_1_53' title='bbox 211 851 289 909; x_wconf 91' lang='lat' dir='ltr'><strong>enim</strong></span> <span class='ocrx_word' id='word_1_54' title='bbox 303 851 445 911; x_wconf 88' lang='lat' dir='ltr'><strong>iudicium</strong></span> <span class='ocrx_word' id='word_1_55' title='bbox 459 853 565 927; x_wconf 89' lang='lat' dir='ltr'><strong>pendet</strong></span> <span class='ocrx_word' id='word_1_56' title='bbox 577 852 748 910; x_wconf 87' lang='lat' dir='ltr'><strong>mediorum.</strong></span> <span class='ocrx_word' id='word_1_57' title='bbox 761 851 831 910; x_wconf 89' lang='lat' dir='ltr'><strong>Nam</strong></span> <span class='ocrx_word' id='word_1_58' title='bbox 845 865 932 910; x_wconf 89' lang='lat' dir='ltr'><strong>causa</strong></span> <span class='ocrx_word' id='word_1_59' title='bbox 942 849 1079 922; x_wconf 85' lang='lat' dir='ltr'><strong>efficiens,</strong></span> <span class='ocrx_word' id='word_1_60' title='bbox 1091 863 1165 922; x_wconf 87' lang='lat' dir='ltr'><strong>quae</strong></span> <span class='ocrx_word' id='word_1_61' title='bbox 1179 848 1260 907; x_wconf 87' lang='lat' dir='ltr'><strong>intel·</strong></span> 
     </span>
     <span class='ocr_line' id='line_1_8' title="bbox 210 931 1261 1010; baseline -0.001 -19"><span class='ocrx_word' id='word_1_62' title='bbox 210 934 286 994; x_wconf 85' lang='lat' dir='ltr'><strong>lectu</strong></span> <span class='ocrx_word' id='word_1_63' title='bbox 299 941 328 994; x_wconf 89' lang='lat' dir='ltr'><strong>et</strong></span> <span class='ocrx_word' id='word_1_64' title='bbox 341 936 486 996; x_wconf 80' lang='lat' dir='ltr'><strong>voluntate</strong></span> <span class='ocrx_word' id='word_1_65' title='bbox 499 942 644 1010; x_wconf 88' lang='lat' dir='ltr'><strong>operatur,</strong></span> <span class='ocrx_word' id='word_1_66' title='bbox 660 935 735 995; x_wconf 89' lang='lat' dir='ltr'><strong>sicut</strong></span> <span class='ocrx_word' id='word_1_67' title='bbox 747 951 808 994; x_wconf 93' lang='lat' dir='ltr'><strong>nou</strong></span> <span class='ocrx_word' id='word_1_68' title='bbox 821 941 912 1010; x_wconf 87' lang='lat' dir='ltr'><strong>potest</strong></span> <span class='ocrx_word' id='word_1_69' title='bbox 926 933 1083 1010; x_wconf 87' lang='lat' dir='ltr'><strong>quidquam</strong></span> <span class='ocrx_word' id='word_1_70' title='bbox 1097 947 1191 1006; x_wconf 82' lang='lat' dir='ltr'><strong>agere,</strong></span> <span class='ocrx_word' id='word_1_71' title='bbox 1203 931 1261 991; x_wconf 88' lang='lat' dir='ltr'><strong>nisi</strong></span> 
     </span>
     <span class='ocr_line' id='line_1_9' title="bbox 181 1015 1259 1095; baseline -0.001 -18"><span class='ocrx_word' id='word_1_72' title='bbox 181 1067 186 1077; x_wconf 90' lang='lat'><strong><em>.</em></strong></span> <span class='ocrx_word' id='word_1_73' title='bbox 210 1019 298 1078; x_wconf 84' lang='lat' dir='ltr'><strong>tinem</strong></span> <span class='ocrx_word' id='word_1_74' title='bbox 312 1019 438 1094; x_wconf 88' lang='lat' dir='ltr'><strong>aliquem</strong></span> <span class='ocrx_word' id='word_1_75' title='bbox 452 1021 507 1080; x_wconf 88' lang='lat' dir='ltr'><strong>sibi</strong></span> <span class='ocrx_word' id='word_1_76' title='bbox 523 1025 676 1095; x_wconf 90' lang='lat' dir='ltr'><strong>proponat;</strong></span> <span class='ocrx_word' id='word_1_77' title='bbox 692 1020 735 1079; x_wconf 86' lang='lat' dir='ltr'><strong>sic</strong></span> <span class='ocrx_word' id='word_1_78' title='bbox 750 1021 808 1078; x_wconf 87' lang='lat' dir='ltr'><strong>tine</strong></span> <span class='ocrx_word' id='word_1_79' title='bbox 823 1019 1004 1094; x_wconf 85' lang='lat' dir='ltr'><strong>praestituto,</strong></span> <span class='ocrx_word' id='word_1_80' title='bbox 1021 1017 1117 1076; x_wconf 85' lang='lat' dir='ltr'><strong>media</strong></span> <span class='ocrx_word' id='word_1_81' title='bbox 1131 1015 1259 1076; x_wconf 88' lang='lat' dir='ltr'><strong>decernit</strong></span> 
     </span>
     <span class='ocr_line' id='line_1_10' title="bbox 210 1099 1260 1180; baseline -0.002 -18"><span class='ocrx_word' id='word_1_82' title='bbox 210 1118 245 1162; x_wconf 88' lang='lat' dir='ltr'><strong>ac</strong></span> <span class='ocrx_word' id='word_1_83' title='bbox 258 1105 419 1164; x_wconf 89' lang='lat' dir='ltr'><strong>necessario</strong></span> <span class='ocrx_word' id='word_1_84' title='bbox 432 1112 580 1180; x_wconf 89' lang='lat' dir='ltr'><strong>procurat.</strong></span> <span class='ocrx_word' id='word_1_85' title='bbox 597 1105 630 1166; x_wconf 86' lang='lat' dir='ltr'><strong>Ut</strong></span> <span class='ocrx_word' id='word_1_86' title='bbox 644 1105 723 1164; x_wconf 88' lang='lat' dir='ltr'><strong>enim</strong></span> <span class='ocrx_word' id='word_1_87' title='bbox 737 1111 838 1178; x_wconf 88' lang='lat' dir='ltr'><strong>patens</strong></span> <span class='ocrx_word' id='word_1_88' title='bbox 851 1110 903 1177; x_wconf 80' lang='lat' dir='ltr'><strong>est,</strong></span> <span class='ocrx_word' id='word_1_89' title='bbox 920 1103 970 1178; x_wconf 92' lang='lat' dir='ltr'><strong>qui</strong></span> <span class='ocrx_word' id='word_1_90' title='bbox 984 1100 1138 1162; x_wconf 83' lang='lat' dir='ltr'><strong>eiticacitar</strong></span> <span class='ocrx_word' id='word_1_91' title='bbox 1153 1101 1214 1159; x_wconf 91' lang='lat' dir='ltr'><strong>vult</strong></span> <span class='ocrx_word' id='word_1_92' title='bbox 1227 1099 1260 1160; x_wconf 86' lang='lat' dir='ltr'><strong>ss-</strong></span> 
     </span>
     <span class='ocr_line' id='line_1_11' title="bbox 211 1185 1260 1263; baseline -0.001 -18"><span class='ocrx_word' id='word_1_93' title='bbox 211 1202 297 1261; x_wconf 85' lang='lat' dir='ltr'><strong>nem,</strong></span> <span class='ocrx_word' id='word_1_94' title='bbox 313 1189 376 1262; x_wconf 85' lang='lat' dir='ltr'><strong>pari</strong></span> <span class='ocrx_word' id='word_1_95' title='bbox 391 1189 521 1249; x_wconf 87' lang='lat' dir='ltr'><strong>efficacia</strong></span> <span class='ocrx_word' id='word_1_96' title='bbox 542 1190 605 1248; x_wconf 77' lang='lat' dir='ltr'><strong>vult</strong></span> <span class='ocrx_word' id='word_1_97' title='bbox 618 1189 706 1249; x_wconf 89' lang='lat' dir='ltr'><strong>etiam</strong></span> <span class='ocrx_word' id='word_1_98' title='bbox 719 1189 831 1262; x_wconf 83' lang='lat' dir='ltr'><strong>media,</strong></span> <span class='ocrx_word' id='word_1_99' title='bbox 848 1204 921 1263; x_wconf 86' lang='lat' dir='ltr'><strong>quae</strong></span> <span class='ocrx_word' id='word_1_100' title='bbox 935 1187 1094 1248; x_wconf 89' lang='lat' dir='ltr'><strong>conducant</strong></span> <span class='ocrx_word' id='word_1_101' title='bbox 1108 1185 1143 1245; x_wconf 87' lang='lat' dir='ltr'><strong>ad</strong></span> <span class='ocrx_word' id='word_1_102' title='bbox 1161 1185 1260 1244; x_wconf 86' lang='lat' dir='ltr'><strong>finem.</strong></span> 
     </span>
     <span class='ocr_line' id='line_1_12' title="bbox 212 1271 1260 1345; baseline -0.005 -14"><span class='ocrx_word' id='word_1_103' title='bbox 212 1271 303 1339; x_wconf 82' lang='lat' dir='ltr'><strong>Quare</strong></span> <span class='ocrx_word' id='word_1_104' title='bbox 317 1273 383 1334; x_wconf 86' lang='lat' dir='ltr'><strong>finis</strong></span> <span class='ocrx_word' id='word_1_105' title='bbox 396 1289 454 1332; x_wconf 92' lang='lat' dir='ltr'><strong>non</strong></span> <span class='ocrx_word' id='word_1_106' title='bbox 469 1275 553 1333; x_wconf 94' lang='lat' dir='ltr'><strong>modo</strong></span> <span class='ocrx_word' id='word_1_107' title='bbox 570 1289 658 1333; x_wconf 86' lang='lat' dir='ltr'><strong>causa</strong></span> <span class='ocrx_word' id='word_1_108' title='bbox 671 1273 733 1334; x_wconf 79' lang='lat' dir='ltr'><strong>reri</strong></span> <span class='ocrx_word' id='word_1_109' title='bbox 746 1273 872 1332; x_wconf 90' lang='lat' dir='ltr'><strong>nominis</strong></span> <span class='ocrx_word' id='word_1_110' title='bbox 887 1277 938 1345; x_wconf 87' lang='lat' dir='ltr'><strong>est,</strong></span> <span class='ocrx_word' id='word_1_111' title='bbox 955 1271 1157 1332; x_wconf 79' lang='lat' dir='ltr'><strong>verumetiam</strong></span> <span class='ocrx_word' id='word_1_112' title='bbox 1172 1283 1260 1328; x_wconf 89' lang='lat' dir='ltr'><strong>eausa</strong></span> 
     </span>
     <span class='ocr_line' id='line_1_13' title="bbox 211 1351 1262 1431; baseline -0.005 -14"><span class='ocrx_word' id='word_1_113' title='bbox 211 1357 304 1430; x_wconf 89' lang='lat' dir='ltr'><strong>prima</strong></span> <span class='ocrx_word' id='word_1_114' title='bbox 318 1363 361 1416; x_wconf 86' lang='lat' dir='ltr'><strong>est</strong></span> <span class='ocrx_word' id='word_1_115' title='bbox 375 1357 463 1418; x_wconf 89' lang='lat' dir='ltr'><strong>relate</strong></span> <span class='ocrx_word' id='word_1_116' title='bbox 473 1359 508 1417; x_wconf 88' lang='lat' dir='ltr'><strong>ad</strong></span> <span class='ocrx_word' id='word_1_117' title='bbox 519 1358 666 1431; x_wconf 67' lang='lat' dir='ltr'><strong>effectum</strong></span> <span class='ocrx_word' id='word_1_118' title='bbox 683 1373 721 1416; x_wconf 81' lang='lat' dir='ltr'><strong>ex</strong></span> <span class='ocrx_word' id='word_1_119' title='bbox 734 1373 767 1417; x_wconf 92' lang='lat' dir='ltr'><strong>eo</strong></span> <span class='ocrx_word' id='word_1_120' title='bbox 781 1357 923 1431; x_wconf 87' lang='lat' dir='ltr'><strong>siquidem</strong></span> <span class='ocrx_word' id='word_1_121' title='bbox 937 1362 1031 1416; x_wconf 91' lang='lat' dir='ltr'><strong>motus</strong></span> <span class='ocrx_word' id='word_1_122' title='bbox 1041 1355 1134 1415; x_wconf 85' lang='lat' dir='ltr'><strong>omnis</strong></span> <span class='ocrx_word' id='word_1_123' title='bbox 1148 1351 1262 1413; x_wconf 83' lang='lat' dir='ltr'><strong>exordi-</strong></span> 
     </span>
     <span class='ocr_line' id='line_1_14' title="bbox 210 1435 1258 1516; baseline -0.002 -19"><span class='ocrx_word' id='word_1_124' title='bbox 210 1444 265 1512; x_wconf 84' lang='lat' dir='ltr'><strong>tur,</strong></span> <span class='ocrx_word' id='word_1_125' title='bbox 277 1445 306 1499; x_wconf 89' lang='lat' dir='ltr'><strong>et</strong></span> <span class='ocrx_word' id='word_1_126' title='bbox 315 1457 415 1500; x_wconf 90' lang='lat' dir='ltr'><strong>norma</strong></span> <span class='ocrx_word' id='word_1_127' title='bbox 429 1443 627 1516; x_wconf 89' lang='lat' dir='ltr'><strong>suppeditatur</strong></span> <span class='ocrx_word' id='word_1_128' title='bbox 636 1442 673 1501; x_wconf 88' lang='lat' dir='ltr'><strong>ad</strong></span> <span class='ocrx_word' id='word_1_129' title='bbox 682 1457 770 1516; x_wconf 89' lang='lat' dir='ltr'><strong>quam</strong></span> <span class='ocrx_word' id='word_1_130' title='bbox 778 1441 913 1516; x_wconf 80' lang='lat' dir='ltr'><strong>perfectio</strong></span> <span class='ocrx_word' id='word_1_131' title='bbox 923 1445 951 1499; x_wconf 93' lang='lat' dir='ltr'><strong>et</strong></span> <span class='ocrx_word' id='word_1_132' title='bbox 959 1445 1053 1515; x_wconf 84' lang='lat' dir='ltr'><strong>partes</strong></span> <span class='ocrx_word' id='word_1_133' title='bbox 1064 1437 1168 1514; x_wconf 90' lang='lat' dir='ltr'><strong>operis,</strong></span> <span class='ocrx_word' id='word_1_134' title='bbox 1180 1435 1258 1512; x_wconf 92' lang='lat' dir='ltr'><strong>quod</strong></span> 
     </span>
     <span class='ocr_line' id='line_1_15' title="bbox 209 1523 632 1599; baseline 0.007 -18"><span class='ocrx_word' id='word_1_135' title='bbox 209 1523 284 1582; x_wconf 86' lang='lat' dir='ltr'><strong>effici</strong></span> <span class='ocrx_word' id='word_1_136' title='bbox 298 1523 392 1599; x_wconf 82' lang='lat' dir='ltr'><strong>debet,</strong></span> <span class='ocrx_word' id='word_1_137' title='bbox 409 1527 632 1586; x_wconf 79' lang='lat' dir='ltr'><strong>conformentur.</strong></span> 
     </span>
    </p>

    <p class='ocr_par' dir='ltr' id='par_1_3' title="bbox 167 1607 1263 2525">
     <span class='ocr_line' id='line_1_16' title="bbox 249 1607 1263 1684; baseline -0.001 -17"><span class='ocrx_word' id='word_1_138' title='bbox 249 1609 305 1668; x_wconf 91' lang='lat' dir='ltr'><strong>Nec</strong></span> <span class='ocrx_word' id='word_1_139' title='bbox 318 1625 498 1684; x_wconf 90' lang='lat' dir='ltr'><strong>quemquam</strong></span> <span class='ocrx_word' id='word_1_140' title='bbox 506 1615 640 1670; x_wconf 90' lang='lat' dir='ltr'><strong>moveant</strong></span> <span class='ocrx_word' id='word_1_141' title='bbox 654 1611 849 1671; x_wconf 83' lang='lat' dir='ltr'><strong>accusationes</strong></span> <span class='ocrx_word' id='word_1_142' title='bbox 863 1610 928 1670; x_wconf 82' lang='lat' dir='ltr'><strong>illac</strong></span> <span class='ocrx_word' id='word_1_143' title='bbox 947 1609 1122 1670; x_wconf 86' lang='lat' dir='ltr'><strong>cartesianae</strong></span> <span class='ocrx_word' id='word_1_144' title='bbox 1137 1611 1165 1666; x_wconf 90' lang='lat' dir='ltr'><strong>et</strong></span> <span class='ocrx_word' id='word_1_145' title='bbox 1179 1607 1263 1666; x_wconf 85' lang='lat' dir='ltr'><strong>buco·</strong></span> 
     </span>
     <span class='ocr_line' id='line_1_17' title="bbox 194 1689 1263 1768; baseline -0.003 -17"><span class='ocrx_word' id='word_1_146' title='bbox 194 1747 197 1751; x_wconf 83' lang='lat'><em>.</em></span> <span class='ocrx_word' id='word_1_147' title='bbox 213 1694 317 1752; x_wconf 88' lang='lat' dir='ltr'><strong>nianae</strong></span> <span class='ocrx_word' id='word_1_148' title='bbox 332 1693 368 1752; x_wconf 93' lang='lat' dir='ltr'><strong>de</strong></span> <span class='ocrx_word' id='word_1_149' title='bbox 380 1696 543 1768; x_wconf 81' lang='lat' dir='ltr'><strong>arrogantia</strong></span> <span class='ocrx_word' id='word_1_150' title='bbox 556 1696 588 1754; x_wconf 92' lang='lat' dir='ltr'><strong>in</strong></span> <span class='ocrx_word' id='word_1_151' title='bbox 603 1695 710 1754; x_wconf 87' lang='lat' dir='ltr'><strong>tinibus</strong></span> <span class='ocrx_word' id='word_1_152' title='bbox 723 1701 843 1754; x_wconf 91' lang='lat' dir='ltr'><strong>naturae</strong></span> <span class='ocrx_word' id='word_1_153' title='bbox 858 1693 1017 1754; x_wconf 88' lang='lat' dir='ltr'><strong>scrutandis</strong></span> <span class='ocrx_word' id='word_1_154' title='bbox 1032 1708 1065 1752; x_wconf 91' lang='lat' dir='ltr'><strong>ac</strong></span> <span class='ocrx_word' id='word_1_155' title='bbox 1080 1693 1116 1752; x_wconf 88' lang='lat' dir='ltr'><strong>de</strong></span> <span class='ocrx_word' id='word_1_156' title='bbox 1135 1689 1263 1766; x_wconf 89' lang='lat' dir='ltr'><strong>periculo</strong></span> 
     </span>
     <span class='ocr_line' id='line_1_18' title="bbox 214 1775 1263 1853; baseline -0.005 -15"><span class='ocrx_word' id='word_1_157' title='bbox 214 1779 357 1838; x_wconf 87' lang='lat' dir='ltr'><strong>atheismi.</strong></span> <span class='ocrx_word' id='word_1_158' title='bbox 373 1779 434 1840; x_wconf 90' lang='lat' dir='ltr'><strong>Non</strong></span> <span class='ocrx_word' id='word_1_159' title='bbox 450 1781 528 1840; x_wconf 72' lang='lat' dir='ltr'><strong>endu</strong></span> <span class='ocrx_word' id='word_1_160' title='bbox 542 1781 606 1840; x_wconf 91' lang='lat' dir='ltr'><strong>iure</strong></span> <span class='ocrx_word' id='word_1_161' title='bbox 620 1780 733 1839; x_wconf 88' lang='lat' dir='ltr'><strong>macula</strong></span> <span class='ocrx_word' id='word_1_162' title='bbox 746 1780 912 1839; x_wconf 89' lang='lat' dir='ltr'><strong>temeritatis</strong></span> <span class='ocrx_word' id='word_1_163' title='bbox 920 1780 946 1838; x_wconf 93' lang='lat' dir='ltr'><strong>is</strong></span> <span class='ocrx_word' id='word_1_164' title='bbox 957 1777 1126 1853; x_wconf 79' lang='lat' dir='ltr'><strong>aspergitur,</strong></span> <span class='ocrx_word' id='word_1_165' title='bbox 1139 1775 1188 1850; x_wconf 93' lang='lat' dir='ltr'><strong>qui</strong></span> <span class='ocrx_word' id='word_1_166' title='bbox 1197 1790 1263 1834; x_wconf 90' lang='lat' dir='ltr'><strong>cau·</strong></span> 
     </span>
     <span class='ocr_line' id='line_1_19' title="bbox 167 1861 1263 1938; baseline -0.005 -16"><span class='ocrx_word' id='word_1_167' title='bbox 167 1890 170 1894; x_wconf 94' lang='lat'>·</span> <span class='ocrx_word' id='word_1_168' title='bbox 215 1868 242 1922; x_wconf 86' lang='lat' dir='ltr'><strong>te</strong></span> <span class='ocrx_word' id='word_1_169' title='bbox 254 1864 365 1936; x_wconf 86' lang='lat' dir='ltr'><strong>riteque</strong></span> <span class='ocrx_word' id='word_1_170' title='bbox 378 1863 530 1938; x_wconf 83' lang='lat' dir='ltr'><strong>investigat</strong></span> <span class='ocrx_word' id='word_1_171' title='bbox 544 1865 620 1938; x_wconf 94' lang='lat' dir='ltr'><strong>quod</strong></span> <span class='ocrx_word' id='word_1_172' title='bbox 629 1863 704 1923; x_wconf 87' lang='lat' dir='ltr'><strong>Deus</strong></span> <span class='ocrx_word' id='word_1_173' title='bbox 714 1864 774 1938; x_wconf 90' lang='lat' dir='ltr'><strong>ipse</strong></span> <span class='ocrx_word' id='word_1_174' title='bbox 784 1864 950 1938; x_wconf 81' lang='lat' dir='ltr'><strong>investigari</strong></span> <span class='ocrx_word' id='word_1_175' title='bbox 965 1861 1200 1934; x_wconf 77' lang='lat' dir='ltr'><strong>manifestamque</strong></span> <span class='ocrx_word' id='word_1_176' title='bbox 1214 1873 1263 1916; x_wconf 83' lang='lat' dir='ltr'><strong>vo-</strong></span> 
     </span>
     <span class='ocr_line' id='line_1_20' title="bbox 214 1941 1261 2020; baseline -0.002 -16"><span class='ocrx_word' id='word_1_177' title='bbox 214 1944 276 2005; x_wconf 88' lang='lat' dir='ltr'><strong>luit.</strong></span> <span class='ocrx_word' id='word_1_178' title='bbox 293 1947 408 2006; x_wconf 87' lang='lat' dir='ltr'><strong>Occasio</strong></span> <span class='ocrx_word' id='word_1_179' title='bbox 422 1954 518 2007; x_wconf 87' lang='lat' dir='ltr'><strong>autem</strong></span> <span class='ocrx_word' id='word_1_180' title='bbox 534 1949 668 2008; x_wconf 89' lang='lat' dir='ltr'><strong>atheismi</strong></span> <span class='ocrx_word' id='word_1_181' title='bbox 681 1964 740 2007; x_wconf 92' lang='lat' dir='ltr'><strong>non</strong></span> <span class='ocrx_word' id='word_1_182' title='bbox 755 1949 831 2016; x_wconf 88' lang='lat' dir='ltr'><strong>irinc,</strong></span> <span class='ocrx_word' id='word_1_183' title='bbox 843 1947 919 2007; x_wconf 91' lang='lat' dir='ltr'><strong>sede</strong></span> <span class='ocrx_word' id='word_1_184' title='bbox 934 1947 1076 2008; x_wconf 87' lang='lat' dir='ltr'><strong>contraria</strong></span> <span class='ocrx_word' id='word_1_185' title='bbox 1091 1945 1185 2020; x_wconf 91' lang='lat' dir='ltr'><strong>potius</strong></span> <span class='ocrx_word' id='word_1_186' title='bbox 1199 1941 1261 2016; x_wconf 86' lang='lat' dir='ltr'><strong>plri-</strong></span> 
     </span>
     <span class='ocr_line' id='line_1_21' title="bbox 214 2025 1260 2108; baseline -0.003 -20"><span class='ocrx_word' id='word_1_187' title='bbox 214 2030 381 2104; x_wconf 89' lang='lat' dir='ltr'><strong>losophandi</strong></span> <span class='ocrx_word' id='word_1_188' title='bbox 395 2033 527 2092; x_wconf 85' lang='lat' dir='ltr'><strong>methodo</strong></span> <span class='ocrx_word' id='word_1_189' title='bbox 542 2034 667 2093; x_wconf 91' lang='lat' dir='ltr'><strong>timenda</strong></span> <span class='ocrx_word' id='word_1_190' title='bbox 680 2041 737 2108; x_wconf 88' lang='lat' dir='ltr'><strong>est;</strong></span> <span class='ocrx_word' id='word_1_191' title='bbox 754 2033 896 2106; x_wconf 89' lang='lat' dir='ltr'><strong>siquidem</strong></span> <span class='ocrx_word' id='word_1_192' title='bbox 910 2046 1062 2091; x_wconf 88' lang='lat' dir='ltr'><strong>causarum</strong></span> <span class='ocrx_word' id='word_1_193' title='bbox 1071 2029 1201 2088; x_wconf 83' lang='lat' dir='ltr'><strong>finalium</strong></span> <span class='ocrx_word' id='word_1_194' title='bbox 1216 2025 1260 2086; x_wconf 82' lang='lat' dir='ltr'><strong>irr-</strong></span> 
     </span>
     <span class='ocr_line' id='line_1_22' title="bbox 215 2112 1263 2191; baseline -0.003 -19"><span class='ocrx_word' id='word_1_195' title='bbox 215 2113 330 2187; x_wconf 87' lang='lat' dir='ltr'><strong>quisitio</strong></span> <span class='ocrx_word' id='word_1_196' title='bbox 345 2126 509 2189; x_wconf 87' lang='lat' dir='ltr'><strong>supremam</strong></span> <span class='ocrx_word' id='word_1_197' title='bbox 523 2118 678 2191; x_wconf 89' lang='lat' dir='ltr'><strong>quamdam</strong></span> <span class='ocrx_word' id='word_1_198' title='bbox 691 2117 911 2190; x_wconf 83' lang='lat' dir='ltr'><strong>intelligentiam</strong></span> <span class='ocrx_word' id='word_1_199' title='bbox 925 2115 1065 2175; x_wconf 85' lang='lat' dir='ltr'><strong>artificem</strong></span> <span class='ocrx_word' id='word_1_200' title='bbox 1076 2112 1177 2172; x_wconf 88' lang='lat' dir='ltr'><strong>mundi</strong></span> <span class='ocrx_word' id='word_1_201' title='bbox 1187 2117 1263 2186; x_wconf 90' lang='lat' dir='ltr'><strong>pate·</strong></span> 
     </span>
     <span class='ocr_line' id='line_1_23' title="bbox 213 2195 1259 2275; baseline -0.002 -20"><span class='ocrx_word' id='word_1_202' title='bbox 213 2198 296 2272; x_wconf 88' lang='lat' dir='ltr'><strong>iacit;</strong></span> <span class='ocrx_word' id='word_1_203' title='bbox 313 2204 343 2257; x_wconf 88' lang='lat' dir='ltr'><strong>at</strong></span> <span class='ocrx_word' id='word_1_204' title='bbox 356 2200 460 2258; x_wconf 85' lang='lat' dir='ltr'><strong>harum</strong></span> <span class='ocrx_word' id='word_1_205' title='bbox 474 2201 620 2275; x_wconf 83' lang='lat' dir='ltr'><strong>neglectus</strong></span> <span class='ocrx_word' id='word_1_206' title='bbox 629 2217 729 2260; x_wconf 89' lang='lat' dir='ltr'><strong>casum</strong></span> <span class='ocrx_word' id='word_1_207' title='bbox 744 2207 772 2260; x_wconf 91' lang='lat' dir='ltr'><strong>et</strong></span> <span class='ocrx_word' id='word_1_208' title='bbox 782 2201 971 2259; x_wconf 85' lang='lat' dir='ltr'><strong>temeritatem</strong></span> <span class='ocrx_word' id='word_1_209' title='bbox 981 2197 1099 2262; x_wconf 89' lang='lat' dir='ltr'><strong>inducit.</strong></span> <span class='ocrx_word' id='word_1_210' title='bbox 1112 2195 1190 2256; x_wconf 90' lang='lat' dir='ltr'><strong>Unde</strong></span> <span class='ocrx_word' id='word_1_211' title='bbox 1201 2195 1259 2253; x_wconf 84' lang='lat' dir='ltr'><strong>iri·</strong></span> 
     </span>
     <span class='ocr_line' id='line_1_24' title="bbox 214 2283 1261 2360; baseline -0.003 -20"><span class='ocrx_word' id='word_1_212' title='bbox 214 2283 327 2342; x_wconf 84' lang='lat' dir='ltr'><strong>stoteles</strong></span> <span class='ocrx_word' id='word_1_213' title='bbox 342 2289 371 2342; x_wconf 90' lang='lat' dir='ltr'><strong>et</strong></span> <span class='ocrx_word' id='word_1_214' title='bbox 383 2285 470 2358; x_wconf 86' lang='lat' dir='ltr'><strong>Plato,</strong></span> <span class='ocrx_word' id='word_1_215' title='bbox 481 2287 531 2360; x_wconf 89' lang='lat' dir='ltr'><strong>qui</strong></span> <span class='ocrx_word' id='word_1_216' title='bbox 545 2301 647 2345; x_wconf 89' lang='lat' dir='ltr'><strong>causas</strong></span> <span class='ocrx_word' id='word_1_217' title='bbox 661 2285 762 2345; x_wconf 82' lang='lat' dir='ltr'><strong>finales</strong></span> <span class='ocrx_word' id='word_1_218' title='bbox 779 2285 962 2359; x_wconf 83' lang='lat' dir='ltr'><strong>vestigamnt‚</strong></span> <span class='ocrx_word' id='word_1_219' title='bbox 974 2299 1045 2358; x_wconf 92' lang='lat' dir='ltr'><strong>opus</strong></span> <span class='ocrx_word' id='word_1_220' title='bbox 1059 2287 1178 2342; x_wconf 88' lang='lat' dir='ltr'><strong>naturae</strong></span> <span class='ocrx_word' id='word_1_221' title='bbox 1189 2295 1261 2354; x_wconf 89' lang='lat' dir='ltr'><strong>opus</strong></span> 
     </span>
     <span class='ocr_line' id='line_1_25' title="bbox 213 2365 1262 2444; baseline -0.002 -20"><span class='ocrx_word' id='word_1_222' title='bbox 213 2365 416 2442; x_wconf 81' lang='lat' dir='ltr'><strong>intelligentiae</strong></span> <span class='ocrx_word' id='word_1_223' title='bbox 430 2385 492 2428; x_wconf 90' lang='lat' dir='ltr'><strong>esse</strong></span> <span class='ocrx_word' id='word_1_224' title='bbox 501 2371 651 2443; x_wconf 78' lang='lat' dir='ltr'><strong>dixerunt3</strong></span> <span class='ocrx_word' id='word_1_225' title='bbox 666 2369 843 2428; x_wconf 72' lang='lat' dir='ltr'><strong>democritus</strong></span> <span class='ocrx_word' id='word_1_226' title='bbox 853 2375 882 2428; x_wconf 92' lang='lat' dir='ltr'><strong>et</strong></span> <span class='ocrx_word' id='word_1_227' title='bbox 891 2369 1037 2444; x_wconf 83' lang='lat' dir='ltr'><strong>Epicums‚</strong></span> <span class='ocrx_word' id='word_1_228' title='bbox 1051 2367 1101 2442; x_wconf 91' lang='lat' dir='ltr'><strong>qui</strong></span> <span class='ocrx_word' id='word_1_229' title='bbox 1110 2365 1174 2425; x_wconf 90' lang='lat' dir='ltr'><strong>illas</strong></span> <span class='ocrx_word' id='word_1_230' title='bbox 1185 2365 1262 2424; x_wconf 88' lang='lat' dir='ltr'><strong>abie-</strong></span> 
     </span>
     <span class='ocr_line' id='line_1_26' title="bbox 214 2453 1108 2525; baseline 0 -16"><span class='ocrx_word' id='word_1_231' title='bbox 214 2456 326 2525; x_wconf 77' lang='lat' dir='ltr'><strong>garunt</strong></span> <span class='ocrx_word' id='word_1_232' title='bbox 343 2453 491 2511; x_wconf 78' lang='lat' dir='ltr'><strong>fortuitum</strong></span> <span class='ocrx_word' id='word_1_233' title='bbox 505 2460 666 2512; x_wconf 91' lang='lat' dir='ltr'><strong>atomorum</strong></span> <span class='ocrx_word' id='word_1_234' title='bbox 680 2468 852 2514; x_wconf 87' lang='lat' dir='ltr'><strong>concursum</strong></span> <span class='ocrx_word' id='word_1_235' title='bbox 863 2453 1016 2512; x_wconf 89' lang='lat' dir='ltr'><strong>commenti</strong></span> <span class='ocrx_word' id='word_1_236' title='bbox 1032 2457 1108 2512; x_wconf 89' lang='lat' dir='ltr'><strong>suut.</strong></span> 
     </span>
    </p>

    <p class='ocr_par' dir='ltr' id='par_1_4' title="bbox 155 2535 1316 3354">
     <span class='ocr_line' id='line_1_27' title="bbox 249 2535 1261 2610; baseline -0.001 -17"><span class='ocrx_word' id='word_1_237' title='bbox 249 2535 294 2593; x_wconf 80' lang='lat' dir='ltr'><strong>ct.</strong></span> <span class='ocrx_word' id='word_1_238' title='bbox 310 2536 418 2594; x_wconf 85' lang='lat' dir='ltr'><strong>Horum</strong></span> <span class='ocrx_word' id='word_1_239' title='bbox 427 2536 523 2609; x_wconf 87' lang='lat' dir='ltr'><strong>itaque</strong></span> <span class='ocrx_word' id='word_1_240' title='bbox 538 2537 640 2595; x_wconf 84' lang='lat' dir='ltr'><strong>taleam</strong></span> <span class='ocrx_word' id='word_1_241' title='bbox 654 2537 818 2610; x_wconf 92' lang='lat' dir='ltr'><strong>opinionem</strong></span> <span class='ocrx_word' id='word_1_242' title='bbox 832 2537 1002 2610; x_wconf 86' lang='lat' dir='ltr'><strong>reiicieotes,</strong></span> <span class='ocrx_word' id='word_1_243' title='bbox 1020 2537 1055 2595; x_wconf 94' lang='lat' dir='ltr'><strong>de</strong></span> <span class='ocrx_word' id='word_1_244' title='bbox 1070 2551 1174 2595; x_wconf 89' lang='lat' dir='ltr'><strong>causae</strong></span> <span class='ocrx_word' id='word_1_245' title='bbox 1189 2535 1261 2593; x_wconf 86' lang='lat' dir='ltr'><strong>iina-</strong></span> 
     </span>
     <span class='ocr_line' id='line_1_28' title="bbox 214 2613 1259 2694; baseline 0 -19"><span class='ocrx_word' id='word_1_246' title='bbox 214 2617 250 2676; x_wconf 89' lang='lat' dir='ltr'><strong>lis</strong></span> <span class='ocrx_word' id='word_1_247' title='bbox 263 2618 391 2692; x_wconf 87' lang='lat' dir='ltr'><strong>notione,</strong></span> <span class='ocrx_word' id='word_1_248' title='bbox 408 2613 481 2692; x_wconf 85' lang='lat' dir='ltr'><strong>quae</strong></span> <span class='ocrx_word' id='word_1_249' title='bbox 496 2621 568 2679; x_wconf 89' lang='lat' dir='ltr'><strong>scitu</strong></span> <span class='ocrx_word' id='word_1_250' title='bbox 582 2622 744 2680; x_wconf 88' lang='lat' dir='ltr'><strong>necessaria</strong></span> <span class='ocrx_word' id='word_1_251' title='bbox 760 2627 842 2694; x_wconf 86' lang='lat' dir='ltr'><strong>sunt,</strong></span> <span class='ocrx_word' id='word_1_252' title='bbox 858 2619 983 2680; x_wconf 84' lang='lat' dir='ltr'><strong>breviter</strong></span> <span class='ocrx_word' id='word_1_253' title='bbox 1000 2621 1164 2680; x_wconf 88' lang='lat' dir='ltr'><strong>innuamus.</strong></span> <span class='ocrx_word' id='word_1_254' title='bbox 1181 2617 1259 2677; x_wconf 86' lang='lat' dir='ltr'><strong>Finis</strong></span> 
     </span>
     <span class='ocr_line' id='line_1_29' title="bbox 213 2702 1263 2780; baseline 0.001 -21"><span class='ocrx_word' id='word_1_255' title='bbox 213 2702 310 2774; x_wconf 88' lang='lat' dir='ltr'><strong>itaque</strong></span> <span class='ocrx_word' id='word_1_256' title='bbox 324 2702 437 2761; x_wconf 90' lang='lat' dir='ltr'><strong>deiiniri</strong></span> <span class='ocrx_word' id='word_1_257' title='bbox 452 2710 543 2778; x_wconf 88' lang='lat' dir='ltr'><strong>potest</strong></span> <span class='ocrx_word' id='word_1_258' title='bbox 556 2706 589 2764; x_wconf 83' lang='lat' dir='ltr'><strong>id</strong></span> <span class='ocrx_word' id='word_1_259' title='bbox 600 2705 692 2764; x_wconf 80' lang='lat' dir='ltr'><strong>&#39;cuius</strong></span> <span class='ocrx_word' id='word_1_260' title='bbox 713 2706 815 2780; x_wconf 78' lang='lat' dir='ltr'><strong>qratia</strong></span> <span class='ocrx_word' id='word_1_261' title='bbox 831 2705 949 2780; x_wconf 82' lang='lat' dir='ltr'><strong>aliquid</strong></span> <span class='ocrx_word' id='word_1_262' title='bbox 967 2706 1017 2780; x_wconf 72' lang='lat' dir='ltr'><strong>pit,</strong></span> <span class='ocrx_word' id='word_1_263' title='bbox 1038 2705 1082 2765; x_wconf 88' lang='lat' dir='ltr'><strong>vel</strong></span> <span class='ocrx_word' id='word_1_264' title='bbox 1095 2705 1127 2764; x_wconf 85' lang='lat' dir='ltr'><strong>id</strong></span> <span class='ocrx_word' id='word_1_265' title='bbox 1144 2711 1263 2780; x_wconf 80' lang='lat' dir='ltr'><strong>propter</strong></span> 
     </span>
     <span class='ocr_line' id='line_1_30' title="bbox 213 2785 1264 2864; baseline 0.001 -21"><span class='ocrx_word' id='word_1_266' title='bbox 213 2785 293 2860; x_wconf 84' lang='lat' dir='ltr'><strong>quod</strong></span> <span class='ocrx_word' id='word_1_267' title='bbox 311 2785 438 2861; x_wconf 70' lang='lat' dir='ltr'><strong>efficiens</strong></span> <span class='ocrx_word' id='word_1_268' title='bbox 455 2797 607 2864; x_wconf 80' lang='lat' dir='ltr'><strong>operatur.</strong></span> <span class='ocrx_word' id='word_1_269' title='bbox 623 2790 690 2848; x_wconf 85' lang='lat' dir='ltr'><strong>iiius</strong></span> <span class='ocrx_word' id='word_1_270' title='bbox 705 2805 772 2848; x_wconf 82' lang='lat' dir='ltr'><strong>vero</strong></span> <span class='ocrx_word' id='word_1_271' title='bbox 793 2790 954 2849; x_wconf 81' lang='lat' dir='ltr'><strong>causatitcs</strong></span> <span class='ocrx_word' id='word_1_272' title='bbox 968 2791 1000 2848; x_wconf 95' lang='lat' dir='ltr'><strong>in</strong></span> <span class='ocrx_word' id='word_1_273' title='bbox 1014 2791 1068 2849; x_wconf 91' lang='lat' dir='ltr'><strong>hoc</strong></span> <span class='ocrx_word' id='word_1_274' title='bbox 1083 2791 1138 2848; x_wconf 88' lang='lat' dir='ltr'><strong>sita</strong></span> <span class='ocrx_word' id='word_1_275' title='bbox 1152 2794 1213 2861; x_wconf 85' lang='lat' dir='ltr'><strong>est,</strong></span> <span class='ocrx_word' id='word_1_276' title='bbox 1231 2791 1264 2845; x_wconf 93' lang='lat' dir='ltr'><strong>ut</strong></span> 
     </span>
     <span class='ocr_line' id='line_1_31' title="bbox 213 2870 1263 2949; baseline 0.001 -20"><span class='ocrx_word' id='word_1_277' title='bbox 213 2870 319 2930; x_wconf 89' lang='lat' dir='ltr'><strong>alliciat</strong></span> <span class='ocrx_word' id='word_1_278' title='bbox 333 2872 535 2946; x_wconf 89' lang='lat' dir='ltr'><strong>appetitionem</strong></span> <span class='ocrx_word' id='word_1_279' title='bbox 549 2874 662 2948; x_wconf 79' lang='lat' dir='ltr'><strong>agentis</strong></span> <span class='ocrx_word' id='word_1_280' title='bbox 677 2879 761 2948; x_wconf 90' lang='lat' dir='ltr'><strong>atque</strong></span> <span class='ocrx_word' id='word_1_281' title='bbox 772 2874 807 2932; x_wconf 88' lang='lat' dir='ltr'><strong>ad</strong></span> <span class='ocrx_word' id='word_1_282' title='bbox 821 2875 866 2934; x_wconf 91' lang='lat' dir='ltr'><strong>sui</strong></span> <span class='ocrx_word' id='word_1_283' title='bbox 876 2889 1003 2934; x_wconf 90' lang='lat' dir='ltr'><strong>amorem</strong></span> <span class='ocrx_word' id='word_1_284' title='bbox 1016 2873 1170 2949; x_wconf 90' lang='lat' dir='ltr'><strong>pertrahat.</strong></span> <span class='ocrx_word' id='word_1_285' title='bbox 1182 2871 1263 2931; x_wconf 90' lang='lat' dir='ltr'><strong>Unde</strong></span> 
     </span>
     <span class='ocr_line' id='line_1_32' title="bbox 213 2955 1258 3033; baseline 0.003 -20"><span class='ocrx_word' id='word_1_286' title='bbox 213 2955 244 3014; x_wconf 94' lang='lat' dir='ltr'><strong>in</strong></span> <span class='ocrx_word' id='word_1_287' title='bbox 258 2955 361 3031; x_wconf 85' lang='lat' dir='ltr'><strong>tripiici</strong></span> <span class='ocrx_word' id='word_1_288' title='bbox 375 2960 451 3016; x_wconf 89' lang='lat' dir='ltr'><strong>statu</strong></span> <span class='ocrx_word' id='word_1_289' title='bbox 464 2958 640 3018; x_wconf 87' lang='lat' dir='ltr'><strong>considerari</strong></span> <span class='ocrx_word' id='word_1_290' title='bbox 654 2963 756 3033; x_wconf 89' lang='lat' dir='ltr'><strong>potest,</strong></span> <span class='ocrx_word' id='word_1_291' title='bbox 769 2959 906 3018; x_wconf 90' lang='lat' dir='ltr'><strong>nimirum</strong></span> <span class='ocrx_word' id='word_1_292' title='bbox 915 2959 946 3017; x_wconf 93' lang='lat' dir='ltr'><strong>in</strong></span> <span class='ocrx_word' id='word_1_293' title='bbox 957 2957 1122 3033; x_wconf 90' lang='lat' dir='ltr'><strong>actuprimo</strong></span> <span class='ocrx_word' id='word_1_294' title='bbox 1137 2961 1258 3030; x_wconf 83' lang='lat' dir='ltr'><strong>remoto,</strong></span> 
     </span>
     <span class='ocr_line' id='line_1_33' title="bbox 155 3040 1258 3118; baseline -0.001 -18"><span class='ocrx_word' id='word_1_295' title='bbox 155 3096 157 3100; x_wconf 81' lang='grc'>,</span> <span class='ocrx_word' id='word_1_296' title='bbox 213 3054 280 3099; x_wconf 87' lang='lat' dir='ltr'><strong>cum</strong></span> <span class='ocrx_word' id='word_1_297' title='bbox 293 3042 421 3102; x_wconf 90' lang='lat' dir='ltr'><strong>nondum</strong></span> <span class='ocrx_word' id='word_1_298' title='bbox 430 3043 590 3118; x_wconf 87' lang='lat' dir='ltr'><strong>appetitum</strong></span> <span class='ocrx_word' id='word_1_299' title='bbox 604 3049 719 3118; x_wconf 87' lang='lat' dir='ltr'><strong>movet,</strong></span> <span class='ocrx_word' id='word_1_300' title='bbox 737 3043 786 3104; x_wconf 89' lang='lat' dir='ltr'><strong>sed</strong></span> <span class='ocrx_word' id='word_1_301' title='bbox 800 3043 831 3103; x_wconf 92' lang='lat' dir='ltr'><strong>in</strong></span> <span class='ocrx_word' id='word_1_302' title='bbox 845 3060 876 3102; x_wconf 89' lang='lat' dir='ltr'><strong>se</strong></span> <span class='ocrx_word' id='word_1_303' title='bbox 890 3048 922 3102; x_wconf 93' lang='lat' dir='ltr'><strong>ut</strong></span> <span class='ocrx_word' id='word_1_304' title='bbox 935 3043 1091 3110; x_wconf 86' lang='lat' dir='ltr'><strong>bonitatem</strong></span> <span class='ocrx_word' id='word_1_305' title='bbox 1105 3040 1258 3101; x_wconf 88' lang='lat' dir='ltr'><strong>includens</strong></span> 
     </span>
     <span class='ocr_line' id='line_1_34' title="bbox 212 3123 1316 3202; baseline 0.002 -20"><span class='ocrx_word' id='word_1_306' title='bbox 212 3123 376 3200; x_wconf 80' lang='lat' dir='ltr'><strong>inspicitur3</strong></span> <span class='ocrx_word' id='word_1_307' title='bbox 392 3127 424 3185; x_wconf 87' lang='lat' dir='ltr'><strong>in</strong></span> <span class='ocrx_word' id='word_1_308' title='bbox 438 3133 504 3186; x_wconf 89' lang='lat' dir='ltr'><strong>actu</strong></span> <span class='ocrx_word' id='word_1_309' title='bbox 518 3129 612 3202; x_wconf 90' lang='lat' dir='ltr'><strong>primo</strong></span> <span class='ocrx_word' id='word_1_310' title='bbox 626 3128 774 3202; x_wconf 82' lang='lat' dir='ltr'><strong>proximo,</strong></span> <span class='ocrx_word' id='word_1_311' title='bbox 792 3143 859 3188; x_wconf 90' lang='lat' dir='ltr'><strong>cum</strong></span> <span class='ocrx_word' id='word_1_312' title='bbox 873 3129 935 3188; x_wconf 89' lang='lat' dir='ltr'><strong>eius</strong></span> <span class='ocrx_word' id='word_1_313' title='bbox 952 3125 1064 3187; x_wconf 85' lang='lat' dir='ltr'><strong>bonitas</strong></span> <span class='ocrx_word' id='word_1_314' title='bbox 1079 3141 1131 3201; x_wconf 92' lang='lat' dir='ltr'><strong>per</strong></span> <span class='ocrx_word' id='word_1_315' title='bbox 1153 3125 1262 3185; x_wconf 80' lang='lat' dir='ltr'><strong>intelle</strong></span> <span class='ocrx_word' id='word_1_316' title='bbox 1311 3147 1316 3157; x_wconf 91' lang='lat'><strong>·</strong></span> 
     </span>
     <span class='ocr_line' id='line_1_35' title="bbox 215 3208 1260 3287; baseline 0.001 -21"><span class='ocrx_word' id='word_1_317' title='bbox 215 3213 292 3267; x_wconf 88' lang='lat' dir='ltr'><strong>ctum</strong></span> <span class='ocrx_word' id='word_1_318' title='bbox 306 3212 499 3285; x_wconf 76' lang='lat' dir='ltr'><strong>cognoscitur3</strong></span> <span class='ocrx_word' id='word_1_319' title='bbox 515 3212 546 3271; x_wconf 92' lang='lat' dir='ltr'><strong>in</strong></span> <span class='ocrx_word' id='word_1_320' title='bbox 560 3223 627 3272; x_wconf 87' lang='lat' dir='ltr'><strong>actu</strong></span> <span class='ocrx_word' id='word_1_321' title='bbox 639 3215 775 3287; x_wconf 87' lang='lat' dir='ltr'><strong>secundo,</strong></span> <span class='ocrx_word' id='word_1_322' title='bbox 792 3217 935 3287; x_wconf 87' lang='lat' dir='ltr'><strong>cumpost</strong></span> <span class='ocrx_word' id='word_1_323' title='bbox 948 3208 1260 3286; x_wconf 68' lang='lat' dir='ltr'><strong>cognitionem3rolun·</strong></span> 
     </span>
     <span class='ocr_line' id='line_1_36' title="bbox 216 3295 494 3354; baseline 0.007 -2"><span class='ocrx_word' id='word_1_324' title='bbox 216 3297 301 3354; x_wconf 85' lang='lat' dir='ltr'><strong>tatem</strong></span> <span class='ocrx_word' id='word_1_325' title='bbox 317 3300 382 3354; x_wconf 91' lang='lat' dir='ltr'><strong>actu</strong></span> <span class='ocrx_word' id='word_1_326' title='bbox 395 3295 494 3354; x_wconf 80' lang='lat' dir='ltr'><strong>allicit.</strong></span> 
     </span>
    </p>

    <p class='ocr_par' dir='ltr' id='par_1_5' title="bbox 214 3378 1263 3877">
     <span class='ocr_line' id='line_1_37' title="bbox 250 3378 1262 3457; baseline 0.004 -22"><span class='ocrx_word' id='word_1_327' title='bbox 250 3378 291 3436; x_wconf 80' lang='lat' dir='ltr'><strong>Ad</strong></span> <span class='ocrx_word' id='word_1_328' title='bbox 305 3379 366 3437; x_wconf 90' lang='lat' dir='ltr'><strong>eius</strong></span> <span class='ocrx_word' id='word_1_329' title='bbox 387 3378 558 3438; x_wconf 84' lang='lat' dir='ltr'><strong>divisionem</strong></span> <span class='ocrx_word' id='word_1_330' title='bbox 578 3383 655 3454; x_wconf 94' lang='lat' dir='ltr'><strong>quod</strong></span> <span class='ocrx_word' id='word_1_331' title='bbox 677 3383 794 3457; x_wconf 87' lang='lat' dir='ltr'><strong>attinet,</strong></span> <span class='ocrx_word' id='word_1_332' title='bbox 812 3382 981 3456; x_wconf 88' lang='lat' dir='ltr'><strong>dispescitur</strong></span> <span class='ocrx_word' id='word_1_333' title='bbox 996 3382 1017 3441; x_wconf 91' lang='lat' dir='ltr'><strong>l.</strong></span> <span class='ocrx_word' id='word_1_334' title='bbox 1036 3381 1068 3441; x_wconf 94' lang='lat' dir='ltr'><strong>In</strong></span> <span class='ocrx_word' id='word_1_335' title='bbox 1085 3382 1174 3441; x_wconf 88' lang='lat' dir='ltr'><strong>finem</strong></span> <span class='ocrx_word' id='word_1_336' title='bbox 1192 3381 1262 3439; x_wconf 72' lang='lat' dir='ltr'><strong>citi</strong></span> 
     </span>
     <span class='ocr_line' id='line_1_38' title="bbox 214 3464 1260 3540; baseline 0.004 -20"><span class='ocrx_word' id='word_1_337' title='bbox 214 3477 316 3536; x_wconf 82' lang='lat' dir='ltr'><strong>otum,</strong></span> <span class='ocrx_word' id='word_1_338' title='bbox 331 3464 519 3537; x_wconf 76' lang='lat' dir='ltr'><strong>proximum,</strong></span> <span class='ocrx_word' id='word_1_339' title='bbox 537 3471 566 3523; x_wconf 91' lang='lat' dir='ltr'><strong>et</strong></span> <span class='ocrx_word' id='word_1_340' title='bbox 580 3466 801 3526; x_wconf 66' lang='lat' dir='ltr'><strong>intermedium.</strong></span> <span class='ocrx_word' id='word_1_341' title='bbox 818 3468 928 3527; x_wconf 87' lang='lat' dir='ltr'><strong>Primus</strong></span> <span class='ocrx_word' id='word_1_342' title='bbox 942 3473 998 3539; x_wconf 79' lang='lat' dir='ltr'><strong>est,</strong></span> <span class='ocrx_word' id='word_1_343' title='bbox 1015 3467 1065 3540; x_wconf 91' lang='lat' dir='ltr'><strong>qui</strong></span> <span class='ocrx_word' id='word_1_344' title='bbox 1081 3466 1199 3539; x_wconf 86' lang='lat' dir='ltr'><strong>ultimo;</strong></span> <span class='ocrx_word' id='word_1_345' title='bbox 1215 3480 1260 3524; x_wconf 87' lang='lat' dir='ltr'><strong>se·</strong></span> 
     </span>
     <span class='ocr_line' id='line_1_39' title="bbox 216 3547 1263 3626; baseline 0.004 -23"><span class='ocrx_word' id='word_1_346' title='bbox 216 3547 339 3619; x_wconf 83' lang='lat' dir='ltr'><strong>condus,</strong></span> <span class='ocrx_word' id='word_1_347' title='bbox 355 3547 404 3620; x_wconf 93' lang='lat' dir='ltr'><strong>qui</strong></span> <span class='ocrx_word' id='word_1_348' title='bbox 418 3549 548 3621; x_wconf 80' lang='lat' dir='ltr'><strong>proxime</strong></span> <span class='ocrx_word' id='word_1_349' title='bbox 562 3556 590 3608; x_wconf 89' lang='lat' dir='ltr'><strong>et</strong></span> <span class='ocrx_word' id='word_1_350' title='bbox 599 3550 764 3609; x_wconf 90' lang='lat' dir='ltr'><strong>immediate</strong></span> <span class='ocrx_word' id='word_1_351' title='bbox 779 3551 948 3624; x_wconf 82' lang='lat' dir='ltr'><strong>intenditur3</strong></span> <span class='ocrx_word' id='word_1_352' title='bbox 965 3557 1135 3626; x_wconf 88' lang='lat' dir='ltr'><strong>postremus,</strong></span> <span class='ocrx_word' id='word_1_353' title='bbox 1152 3549 1203 3624; x_wconf 88' lang='lat' dir='ltr'><strong>qui</strong></span> <span class='ocrx_word' id='word_1_354' title='bbox 1217 3549 1263 3608; x_wconf 93' lang='lat' dir='ltr'><strong>in·</strong></span> 
     </span>
     <span class='ocr_line' id='line_1_40' title="bbox 219 3631 1262 3712; baseline 0.007 -27"><span class='ocrx_word' id='word_1_355' title='bbox 219 3632 260 3686; x_wconf 91' lang='lat' dir='ltr'><strong>ter</strong></span> <span class='ocrx_word' id='word_1_356' title='bbox 274 3634 426 3704; x_wconf 90' lang='lat' dir='ltr'><strong>utrumque</strong></span> <span class='ocrx_word' id='word_1_357' title='bbox 440 3631 568 3690; x_wconf 88' lang='lat' dir='ltr'><strong>medium</strong></span> <span class='ocrx_word' id='word_1_358' title='bbox 583 3633 680 3692; x_wconf 86' lang='lat' dir='ltr'><strong>locum</strong></span> <span class='ocrx_word' id='word_1_359' title='bbox 695 3640 823 3709; x_wconf 90' lang='lat' dir='ltr'><strong>occupat.</strong></span> <span class='ocrx_word' id='word_1_360' title='bbox 840 3633 872 3694; x_wconf 89' lang='lat' dir='ltr'><strong>il.</strong></span> <span class='ocrx_word' id='word_1_361' title='bbox 884 3635 914 3693; x_wconf 89' lang='lat' dir='ltr'><strong>in</strong></span> <span class='ocrx_word' id='word_1_362' title='bbox 923 3635 1010 3694; x_wconf 87' lang='lat' dir='ltr'><strong>flnem</strong></span> <span class='ocrx_word' id='word_1_363' title='bbox 1021 3634 1221 3712; x_wconf 79' lang='lat' dir='ltr'><strong>principalem</strong></span> <span class='ocrx_word' id='word_1_364' title='bbox 1232 3637 1262 3692; x_wconf 93' lang='lat' dir='ltr'><strong>et</strong></span> 
     </span>
     <span class='ocr_line' id='line_1_41' title="bbox 217 3715 1263 3795; baseline 0.007 -24"><span class='ocrx_word' id='word_1_365' title='bbox 217 3715 426 3788; x_wconf 58' lang='lat' dir='ltr'><strong>occaecatum</strong></span> <span class='ocrx_word' id='word_1_366' title='bbox 443 3715 490 3776; x_wconf 88' lang='lat' dir='ltr'><strong>ilie</strong></span> <span class='ocrx_word' id='word_1_367' title='bbox 505 3717 612 3792; x_wconf 87' lang='lat' dir='ltr'><strong>estqui</strong></span> <span class='ocrx_word' id='word_1_368' title='bbox 627 3718 793 3794; x_wconf 87' lang='lat' dir='ltr'><strong>praecipue,</strong></span> <span class='ocrx_word' id='word_1_369' title='bbox 809 3719 857 3779; x_wconf 86' lang='lat' dir='ltr'><strong>hic</strong></span> <span class='ocrx_word' id='word_1_370' title='bbox 871 3720 920 3795; x_wconf 92' lang='lat' dir='ltr'><strong>qui</strong></span> <span class='ocrx_word' id='word_1_371' title='bbox 936 3720 1104 3780; x_wconf 91' lang='lat' dir='ltr'><strong>secundario</strong></span> <span class='ocrx_word' id='word_1_372' title='bbox 1119 3727 1147 3779; x_wconf 93' lang='lat' dir='ltr'><strong>et</strong></span> <span class='ocrx_word' id='word_1_373' title='bbox 1161 3731 1263 3778; x_wconf 84' lang='lat' dir='ltr'><strong>conco</strong></span> 
     </span>
     <span class='ocr_line' id='line_1_42' title="bbox 216 3795 615 3877; baseline 0 -17"><span class='ocrx_word' id='word_1_374' title='bbox 216 3795 350 3860; x_wconf 83' lang='lat' dir='ltr'><strong>mitanter</strong></span> <span class='ocrx_word' id='word_1_375' title='bbox 363 3799 551 3870; x_wconf 79' lang='lat' dir='ltr'><strong>desideratur.</strong></span> <span class='ocrx_word' id='word_1_376' title='bbox 612 3874 615 3877; x_wconf 21' lang='grc' dir='ltr'>Ι</span> 
     </span>
    </p>
   </div>
   <div class='ocr_carea' id='block_1_3' title="bbox 0 0 1390 4492">
    <p class='ocr_par' dir='ltr' id='par_1_6' title="bbox 0 0 1390 4492">
     <span class='ocr_line' id='line_1_43' title="bbox 0 0 1390 4492; baseline 0 0"><span class='ocrx_word' id='word_1_377' title='bbox 0 0 1390 4492; x_wconf 95' lang='lat' dir='ltr'><strong> </strong></span> 
     </span>
    </p>
   </div>
  </div>
 </body>
</html>
