2767 4492
208 251 227 312 tl
522 263 753 312 utrumnam
770 261 919 308 sorensis

208 366 269 405 oero
280 351 334 405 sili
347 353 453 420 quidem
464 365 520 404 non
533 357 670 417 permixto
681 357 727 406 sed
739 354 844 404 assidue
859 350 1007 416 aspectibus
1025 349 1162 404 obversari
1175 360 1255 420 atque

210 451 269 489 eam
285 437 406 504 conflare
425 441 580 500 machinam
598 441 749 504 inteiliqit,
769 451 836 502 quae
853 439 919 488 doto
939 438 994 500 ipsi
1013 444 1051 487 cst
1070 440 1149 501 quasi
1163 441 1256 490 domus

208 537 289 588 quam
301 523 401 574 nolitet
414 530 440 574 et
450 524 483 574 in
494 538 547 589 qua
559 526 720 575 dominetur.
742 522 816 572 Hinc
836 525 872 572 ad
892 524 948 572 cius
968 525 1156 584 capessendam
1167 525 1254 575 scien-

209 609 278 658 tiam
289 609 348 658 aori
359 609 489 659 desiderio
502 610 693 658 exstimulatur
704 612 729 659 et
738 607 771 658 ab
783 609 912 658 interiore
926 608 1006 657 aditu
1018 608 1054 658 ad
1066 611 1255 671 erumpendum

208 693 292 743 ueluti
305 692 379 755 {oras
391 693 552 744 venementer
567 693 700 743 allicitur.
722 693 829 755 Duplex
848 693 933 755 iqitur
947 693 1079 742 humanat
1093 694 1269 756 repulsionis·

209 777 349 834 umectum,
363 790 447 827 unum
459 791 493 828 ec
504 778 561 828 alio
573 791 674 828 neaom
685 779 718 828 in
730 791 808 841 eoque
821 778 1013 840 quodammado
1027 777 1196 828 convolutum
1208 791 1254 828 sa·

208 863 281 917 istit,
296 874 408 925 quarum
418 863 533 912 aitersm
544 863 576 912 in
587 862 704 912 subiecto
717 864 776 924 ipsc
790 862 926 924 capitonis
937 861 1022 911 titum
1030 867 1081 917 est,
1095 861 1212 912 alterum
1223 863 1254 911 in

209 945 286 995 reios
297 952 376 996 ectro
387 948 509 997 animum
522 947 686 1011 coqr'iantem
698 947 807 1010 positis.

244 1027 298 1081 nn
311 1033 421 1083 tertium
429 1033 541 1089 mandit,
554 1034 612 1083 sine
624 1046 675 1097 quo
686 1033 810 1088 duorum,
824 1045 894 1096 quas
902 1033 1036 1088 dicimus,
1050 1033 1164 1083 scientia
1176 1045 1252 1106 nean·-

211 1129 244 1165 ca
258 1116 480 1179 admodum*ioret
493 1131 540 1167 nee
553 1119 640 1168 animi
653 1119 742 1168 nostri
754 1117 1073 1180 cupiditatemecpleret.
1095 1116 1166 1166 iiam
1178 1119 1254 1167 tomo

210 1212 238 1249 se
250 1207 378 1251 contuens
389 1207 468 1265 atque
482 1203 540 1253 clio
553 1215 620 1266 qnae
632 1203 699 1265 soris
712 1200 922 1267 circumfluunt,
942 1216 974 1253 ea
984 1205 1120 1266 perpetuis
1133 1203 1254 1252 obnoaio

209 1297 263 1335 sese
276 1286 470 1337 mutationibus
483 1292 508 1337 et
521 1286 652 1337 limitibus
665 1288 782 1350 undique
795 1287 977 1336 circumscribi
984 1287 1113 1351 perspicit
1141 1287 1178 1337 lit
1191 1299 1253 1350 quo·

208 1371 285 1419 niam
297 1372 428 1434 quidquid
441 1377 480 1422 est
492 1373 632 1429 eiusmodi,
652 1385 670 1421 a
682 1384 709 1422 se
721 1379 827 1422 castore
838 1383 894 1422 non
907 1384 984 1434 posse
996 1373 1147 1430 diiudicot,·
1157 1374 1195 1422 ad
1207 1386 1253 1422 su-

206 1467 328 1518 premam
340 1458 485 1519 quomdam
497 1461 637 1513 naturam,
652 1457 797 1520 confinium
810 1462 834 1506 st
847 1457 1006 1506 mutationis
1018 1463 1161 1518 expertem,
1180 1457 1253 1519 copi-

208 1542 321 1590 tandam
334 1542 468 1596 evellitur,
489 1555 522 1591 ea
535 1555 588 1604 qua
604 1544 742 1605 utriusque
759 1541 835 1591 illita
849 1542 953 1605 pencris
967 1553 1057 1592 rerum
1068 1540 1162 1605 oripo,
1182 1546 1253 1590 tam-

209 1635 290 1687 quam
301 1636 319 1672 c
332 1637 425 1680 causa,
444 1627 514 1675 unde
528 1623 673 1690 fluxerint,
692 1631 840 1689 repetatur.

245 1708 333 1769 Quare
346 1709 457 1772 onaiqsi
470 1709 652 1774 coqnitionum
663 1717 818 1761 nostrornm
832 1711 972 1768 instituto,
985 1711 1042 1760 trio
1056 1710 1118 1766 illa,
1132 1723 1199 1774 quae
1211 1710 1254 1760 dt-

209 1795 320 1850 cimus,
340 1793 442 1843 obiecto
454 1801 611 1859 emerquntr
629 1807 696 1859 quae
708 1794 741 1845 ol
756 1797 874 1846 lomna
886 1797 1050 1860 capitatione
1065 1797 1188 1859 separari
1201 1795 1253 1844 mi-

209 1877 280 1928 nime
292 1885 415 1942 possunt,
436 1885 462 1930 et
475 1881 512 1930 ad
523 1893 634 1944 quorum
645 1881 851 1946 oestiqctionem
861 1882 1070 1945 postermuham
1084 1880 1254 1943 Metopiqsi·

210 1973 256 2012 cae
265 1975 343 2025 pars,
362 1971 392 2014 ut
404 1970 467 2016 onte
480 1967 629 2022 innuimus,
642 1978 668 2016 se
682 1968 823 2019 convertit.
837 1967 925 2028 Quare
938 1969 1022 2017 etiam
1034 1979 1083 2029 pro
1099 1966 1194 2016 adiecti
1206 1979 1252 2016 oa·

210 2046 307 2098 rietcte
319 2053 372 2099 tres
385 2051 440 2100 eius
452 2053 651 2102 constituendae
666 2060 745 2103 nunt
757 2058 865 2114 partes:
886 2064 1000 2118 quarum
1015 2065 1071 2101 nna
1085 2053 1116 2102 de
1129 2051 1228 2101 mundo
1240 2087 1252 2109 ,

212 2131 300 2183 altero
311 2135 343 2184 dc
355 2137 459 2191 anima,
479 2136 562 2206 tertio
575 2137 606 2186 de
620 2136 675 2186 Deo
687 2139 807 2188 disseret.

245 2216 306 2267 Iam
317 2231 386 2283 aqe,
405 2221 436 2269 in
452 2216 548 2271 horum
558 2223 681 2285 partium
695 2225 877 2280 tractatione,
896 2223 1090 2286 autumantium
1102 2221 1221 2272 ducimur
1234 2233 1253 2272 a

209 2303 318 2360 mundo,
338 2306 513 2368 capitationis
527 2313 634 2357 nostroe
645 2309 750 2370 sequuti
764 2309 893 2356 ordinem.
915 2305 1001 2356 Homo
1015 2309 1095 2364 enim,
1108 2313 1253 2370 antequam

210 2387 246 2437 od
258 2388 343 2439 Deum
355 2391 565 2442 ratiocinatione
575 2397 623 2442 ont
633 2393 669 2442 od
677 2392 798 2440 animum
810 2389 955 2456 reflexione
968 2392 1155 2455 ottinqendum
1166 2403 1193 2441 se
1206 2389 1254 2439 od·

208 2465 317 2536 lunqot,
336 2475 368 2522 in
380 2487 518 2537 corporum
528 2478 697 2539 perceptione
709 2477 852 2526 detinetur.
876 2475 951 2538 Quod
964 2475 1004 2525 lta
1018 2489 1070 2527 esse
1082 2476 1163 2540 focile
1173 2475 1252 2526 dolii

208 2559 255 2620 qui
266 2558 346 2621 probe
358 2561 504 2610 consideret
515 2575 570 2610 non
582 2575 658 2624 posse
670 2575 766 2611 causae
778 2564 906 2611 notitiam
919 2563 1030 2619 haberi,
1049 2563 1105 2611 nisi
1118 2565 1198 2611 antea
1212 2557 1253 2624 c!-

207 2635 305 2703 seotum
315 2646 487 2705 praecesserit
500 2647 689 2709 contemplatio
701 2661 711 2703 ,¹
723 2659 770 2695 nec
780 2658 856 2707 posse
871 2646 1050 2709 eoqnitionem
1062 2643 1193 2711 reflexam
1207 2658 1251 2695 ea-

207 2725 308 2788 escort,
327 2727 382 2776 nisi
395 2729 511 2790 coqnitio
524 2732 626 2780 directa
638 2731 790 2780 onteioerit.
814 2729 880 2780 Cum
893 2732 979 2794 iqitur
994 2729 1065 2780 Deus
1079 2736 1109 2781 ut
1122 2742 1204 2779 causo
1218 2739 1252 2779 ta·

206 2819 295 2859 rerum
307 2817 459 2862 creatarum
471 2817 622 2879 coqnitione
636 2816 802 2872 deducatur,
822 2821 848 2866 et
860 2817 969 2865 animus
980 2820 1070 2865 noster
1084 2814 1195 2863 nonnisi
1209 2825 1249 2862 re·

206 2891 334 2958 flexionis
347 2910 395 2960 ope
405 2903 499 2961 pateat
510 2914 520 2957 ,·
532 2913 690 2964 consequent
704 2907 742 2950 est
756 2907 786 2950 ut
797 2901 880 2962 primi
895 2905 969 2950 actus
983 2899 1157 2962 coqnitiouis,
1172 2909 1252 2962 quarn

206 2991 364 3036 autemus,
377 2981 409 3030 in
422 2985 576 3047 corporibus
587 2987 769 3048 percipiendis
782 2991 964 3048 occupentur,·
978 2986 1025 3034 loe
1038 2986 1110 3034 enim
1119 2981 1251 3033 extribus

206 3060 314 3112 obiectis
327 3067 473 3128 superioris
482 3070 644 3130 partitionis
658 3075 697 3121 est
710 3071 835 3126 tertium,
855 3069 927 3133 quod
940 3068 1040 3119 duobus
1055 3067 1120 3118 alite
1136 3065 1251 3118 exclusit

206 3145 379 3210 relinquitur.

241 3227 316 3283 Haec
325 3234 414 3297 itaque
423 3247 479 3285 non
487 3237 615 3301 iqnodilis
622 3237 807 3303 philosophice
816 3251 881 3302 pars
889 3233 1054 3304 Cosmoloqie
1066 3241 1250 3300 nuncupatur.

205 3311 240 3364 ab
252 3313 362 3374 obiecto,
376 3321 446 3382 quod
458 3323 579 3383 respicit,
595 3335 690 3373 nomen
703 3326 811 3386 adepta.
834 3324 922 3387 Quare
935 3322 1047 3377 describi
1057 3327 1156 3386 potest:
1172 3313 1251 3370 murt·

206 3395 233 3448 oi
248 3399 395 3466 generatim
412 3399 528 3470 inspecti
549 3403 671 3456 scientio.
693 3407 775 3456 Cuius
793 3411 899 3474 quidem
917 3408 1082 3473 definitionis
1095 3420 1149 3456 ooc
1158 3407 1251 3470 prima

206 3495 262 3534 rem
284 3487 433 3548 exprimit,
452 3489 483 3538 in
501 3504 554 3553 qua
572 3493 779 3555 contemplando
795 3493 921 3556 praesens
940 3493 1087 3556 disciplina
1105 3497 1251 3547 ansaturt

208 3569 304 3632 quippe
316 3573 431 3622 mundus
446 3568 548 3638 (praece
562 3573 655 3644 nocp'oe)
674 3578 745 3627 ninii
758 3585 796 3629 est
810 3579 887 3630 aliud
901 3593 981 3643 quam
993 3578 1145 3640 compleant
1157 3575 1251 3627 serien

207 3662 255 3714 que
269 3655 370 3705 entium
384 3670 585 3720 corporeorum,
605 3661 700 3725 quidus
712 3663 899 3726 adspectabilis
913 3665 975 3715 laec
986 3677 1076 3714 rerum
1087 3661 1251 3712 universitas

206 3733 351 3800 conflatur.
372 3739 452 3794 Voces
470 3750 556 3796 autem
569 3748 727 3811 posteriores
741 3749 847 3799 modum
861 3749 1018 3812 explicant,
1038 3762 1089 3814 quo
1108 3747 1159 3797 illa
1177 3745 1250 3796 otie-

205 3823 277 3873 ctum
288 3821 363 3879 istud
374 3829 512 3903 ottinqit.
530 3835 555 3886 et
569 3831 696 3885 terminos
708 3831 803 3900 quidus
816 3835 958 3892 eois-cetur.
979 3833 1146 3898 cormoloqia
1158 3831 1251 3903 enirn,¹
