2767 4492
235 264 270 333 56
675 273 837 329 muman

233 372 259 431 ui
274 373 406 446 possunt:
418 361 526 430 scilicet
539 365 638 444 rpuoad'
646 369 776 428 ordinem
790 365 964 429 obiectivnm
973 363 1043 443 ipsis
1054 371 1274 446 anaturapraa

235 456 378 530 stitutum,
395 455 487 529 quoad
502 453 671 527 subiectum,
688 453 763 527 quod
778 467 878 512 earum
893 457 1051 527 causaest,
1068 454 1164 530 quoad
1181 455 1274 513 termi-

233 555 287 599 uos
302 539 381 612 alios,
398 538 562 614 inquorum
578 538 805 598 emolumentum
818 538 865 597 uel
879 538 1082 598 detrimentum
1092 538 1205 597 cedunt.
1217 538 1273 597 Pri·

232 640 281 684 mo
294 628 426 698 respectu
441 621 634 682 consideratae
648 622 838 682 moralitatem
858 621 1000 696 iuduunt,
1014 623 1139 682 secundo
1158 629 1273 697 aspectu

233 709 415 784 imputahiies
429 708 567 782 evadunt,
585 709 665 768 tertio
680 708 775 767 meriti
789 708 836 766 vel
854 707 985 768 demeriti
1005 707 1151 768 notionem
1165 708 1274 782 ,impor-

233 798 303 852 tant.
320 793 359 852 Do
374 792 494 866 siugulis
508 791 649 867 gradatim
666 791 804 851 dicemus.

268 879 310 950 tt,
327 877 463 952 quoniam
478 893 552 956 quae
567 876 757 936 moralitatem
771 876 902 950 attinent,
916 891 1023 952 magna
1036 876 1206 952 expertein
1219 878 1274 952 pri·

232 977 280 1022 nro
294 962 412 1040 articulo
428 961 652 1038 disputavimus,
668 961 717 1020 hic
736 967 847 1020 tantum
861 977 897 1021 ea
914 963 1121 1036 subiungemus
1140 979 1214 1036 quae
1231 961 1274 1022 ihi

232 1045 338 1106 omissa
352 1051 427 1119 sunl,
440 1051 468 1105 et
478 1046 532 1105 hoc
546 1047 606 1106 loco
619 1046 722 1105 meiius
737 1051 903 1113 tractantur.
919 1047 949 1106 ln
960 1047 1061 1122 primis
1071 1047 1166 1121 itaque
1176 1062 1275 1107 occur·

230 1131 269 1191 ult
283 1139 399 1191 actuum
413 1132 564 1192 moralium
574 1131 698 1206 partitio,
716 1147 790 1206 quae
804 1132 921 1206 quidem
935 1132 1086 1206 multiplex
1100 1147 1164 1192 esse
1173 1138 1273 1207 potest.

230 1217 301 1278 Nom
316 1216 408 1291 primo
424 1221 503 1276 actus
518 1216 640 1275 morales
656 1216 705 1275 alii
719 1222 787 1275 sunt
801 1216 923 1288 imitanti,
940 1217 988 1275 alii
1005 1225 1104 1292 turpes
1122 1217 1173 1291 qui
1188 1217 1275 1275 etiam

229 1301 400 1361 immoratos
415 1301 473 1360 dici
487 1301 586 1360 solent.
603 1301 677 1360 llaec
691 1301 840 1360 diversitas
858 1302 890 1360 in
904 1301 1016 1361 actibus
1034 1302 1168 1360 humanis
1182 1301 1275 1360 consi-

230 1385 359 1458 deratur,
383 1389 468 1459 prout
484 1385 652 1445 relationem
673 1385 888 1446 convenientiae
907 1391 957 1445 aut
975 1385 1184 1461 discrepantiae
1207 1401 1275 1444 cum

230 1469 373 1532 obiectivo,
385 1469 486 1530 ordine
500 1485 598 1529 rerum
612 1475 649 1542 et,
667 1470 741 1544 quod
756 1485 934 1543 consequeus
949 1476 1001 1542 est,
1014 1483 1080 1529 cum
1095 1470 1152 1528 tine
1172 1469 1275 1528 ultimo

229 1554 363 1613 retinent.
380 1555 451 1614 Nam
466 1553 592 1613 actiones
606 1553 681 1628 illae,
693 1569 766 1629 quae
777 1553 921 1612 obiectum
931 1554 1088 1627 respiciunt
1102 1553 1183 1612 iuxta
1196 1553 1273 1612 ordi-

230 1653 298 1698 nem
308 1654 326 1697 a
335 1643 438 1698 nature
447 1638 618 1711 institutum,
631 1637 768 1698 honestae
777 1644 862 1697 erunt
872 1653 906 1697 ac
921 1638 1015 1697 honae
1025 1637 1169 1697 moraliter
1180 1658 1188 1710 3
1199 1653 1275 1712 quae

230 1739 297 1784 vero
312 1740 380 1786 cum
393 1724 492 1784 ordine
506 1729 644 1800 puguant,
661 1723 831 1784 inhonestae
846 1725 987 1784 ueletiam
1000 1739 1114 1799 pravae,
1130 1725 1167 1782 ad
1180 1739 1275 1783 mores

230 1809 307 1882 quod
321 1809 430 1882 attinet,
447 1805 638 1868 habebuntur.
655 1807 763 1867 Deinde
778 1815 859 1867 actus
873 1809 986 1868 honesti
1001 1810 1094 1868 denuo
1105 1809 1194 1867 dividi
1210 1825 1274 1883 pos·

230 1898 297 1953 sunt
310 1893 342 1952 iu
357 1891 545 1968 ottipotort'os
559 1899 588 1950 ot
602 1889 716 1966 liberos,
736 1898 820 1966 prout
835 1909 934 1952 eorum
944 1893 1060 1952 omissio
1074 1893 1152 1952 mala
1162 1892 1274 1952 homini

230 1982 273 2036 cst
293 1977 340 2037 uel
354 1991 445 2036 secus.
468 1976 527 2044 Oua
541 1976 573 2035 in
593 1991 623 2034 re
643 1977 784 2036 memoria
801 1978 990 2051 repetendum
1009 1985 1066 2051 est,
1082 1978 1191 2038 mulum
1209 1993 1274 2038 esse

229 2077 287 2120 nou
301 2075 411 2120 meram
431 2061 610 2134 negotionem
631 2062 681 2120 sed
701 2061 891 2135 privationem
909 2063 994 2136 boni3
1011 2078 1044 2122 ac
1067 2063 1183 2137 proinde
1205 2068 1277 2122 tunc

230 2146 391 2205 subiectum
405 2145 536 2218 intlcere,
552 2161 619 2205 cum
633 2146 664 2203 in
678 2145 740 2220 ipso
756 2145 904 2220 exigentia
919 2147 993 2206 inest
1009 2147 1167 2206 contrariae
1181 2147 1276 2221 peric·

230 2229 341 2294 ctionis.
357 2229 429 2290 ilinc
443 2230 555 2304 quaudo
570 2236 649 2290 actus
665 2230 801 2290 honestus
811 2231 959 2304 omittitur,
975 2231 1212 2305 quinecessarius
1222 2231 1276 2291 ho-

199 2371 205 2378 ,
228 2313 302 2372 utini
316 2317 358 2372 est
368 2319 399 2373 ut
408 2312 439 2373 in
454 2313 553 2373 ordine
565 2330 682 2374 manere
697 2316 798 2389 possit,
815 2316 877 2375 eius
891 2315 1008 2375 omissio
1022 2316 1099 2374 mala
1109 2322 1160 2388 est,
1171 2322 1200 2375 et
1210 2331 1276 2390 pro·

228 2397 296 2456 inde
312 2402 391 2458 actus
407 2403 450 2458 cst
464 2398 656 2473 obligatorius.
674 2399 791 2468 Quando
807 2392 874 2459 vero
888 2399 1125 2474 praetermittitur
1140 2407 1220 2460 actus
1235 2400 1277 2461 si·

229 2497 266 2540 ne
281 2481 339 2542 ulla
353 2482 461 2542 ordinis
476 2482 615 2558 laesione,
632 2485 694 2544 eius
708 2484 825 2544 omissio
839 2485 916 2543 mala
930 2484 987 2544 dici
1009 2485 1127 2558 nequit,
1143 2490 1172 2543 et
1190 2493 1276 2543 actus

228 2563 290 2640 ipse
311 2567 457 2628 innostro
479 2567 532 2627 orit
555 2567 659 2641 lubitu,
683 2568 768 2643 licet,
794 2567 819 2628 si
840 2568 935 2628 ordini
960 2574 1116 2643 congruat,
1142 2568 1275 2628 bonitate

227 2651 350 2714 truatur.-

266 2740 310 2799 31.
326 2739 360 2798 tt
374 2739 452 2800 eninr
466 2755 504 2800 ex
518 2737 553 2800 iis
567 2737 687 2815 actibus,
706 2739 742 2799 ad
757 2755 828 2816 quos
843 2739 1002 2800 exerendos
1016 2755 1073 2799 non
1091 2737 1277 2813 obligamur,

229 2823 385 2886 danturne
400 2823 489 2900 aliqui
503 2825 534 2884 in
548 2841 653 2900 genere
665 2841 779 2885 morum
792 2825 1002 2899 indifferentes;
1024 2841 1062 2884 an
1080 2839 1194 2897 omues,
1216 2822 1277 2883 hoc

228 2906 291 2982 ipso
309 2909 385 2984 quod
400 2910 468 2970 mali
482 2926 540 2969 nou
555 2909 627 2984 siut,
644 2911 713 2970 honi
729 2913 831 2970 erunt?
845 2911 880 2971 Ut
900 2925 1069 2985 responsum
1087 2908 1202 2982 demus,
1219 2923 1272 2967 ne·

229 3006 309 3052 cesse
323 2998 367 3052 est
380 2989 553 3068 distinguere
565 2994 713 3055 actionem·
721 2997 859 3056 moralem
872 2996 908 3056 to
921 2995 1068 3054 obstructo
1078 3010 1130 3053 seu
1139 2994 1173 3052 ta
1181 2993 1277 3068 specto

228 3077 446 3152 consideratam,
462 3077 499 3136 uh
514 3079 624 3140 actione
639 3089 767 3140 concreto
781 3086 906 3156 accepta,
924 3095 984 3153 seu,
1001 3086 1033 3138 ut
1047 3079 1160 3152 dicitru,
1176 3077 1211 3136 ia
1224 3077 1275 3136 in·

228 3157 361 3222 dividuo.
377 3162 575 3223 consideratur
584 3164 657 3224 actio
668 3165 702 3224 o'u
716 3165 872 3238 obstructo,
885 3180 950 3224 cnm
965 3172 1109 3238 spectatur
1119 3165 1151 3222 in
1165 3179 1196 3222 se
1206 3163 1277 3221 iux-

229 3251 258 3306 to
272 3247 415 3309 obiectum
429 3247 577 3308 dumtaxat
592 3251 668 3324 quod
681 3250 806 3326 respicit,
825 3249 1015 3309 abstrahendo
1034 3248 1233 3323 cogitationem
1254 3262 1276 3304 a

225 3475 294 3540 magis
310 3473 337 3526 ad
353 3473 486 3526 voluntatem
505 3474 633 3543 pertinent3
653 3491 678 3526 er
695 3476 743 3543 ipsu
764 3476 824 3527 euim
843 3479 933 3528 omniuo
954 3477 1036 3527 holtem
1055 3475 1114 3542 quod
1135 3477 1181 3540 rint
1200 3473 1280 3539 potius

225 3571 290 3617 quarn
306 3570 350 3602 non
364 3555 417 3602 sint.
436 3556 504 3604 Ceteri
519 3561 592 3603 nutem
606 3555 728 3602 necessario
743 3571 755 3603 a
769 3556 881 3604 voluntate
897 3563 1031 3618 emergentes
1046 3571 1092 3601 uon
1106 3561 1151 3600 tam
1166 3569 1178 3599 ι
1192 3551 1281 3600 voiana

225 3634 277 3693 tato,
293 3647 358 3694 qnam
374 3632 447 3694 potius
461 3647 474 3678 a
489 3637 566 3678 nature
580 3633 717 3680 existentium
730 3633 848 3696 recipiunt.
865 3632 937 3688 Quare
952 3633 1029 3679 saltem
1045 3629 1226 3692 distinguendum
1240 3643 1281 3673 ese

225 3711 258 3751 not
271 3707 296 3752 ao
311 3707 447 3754 dicendumt
463 3713 524 3754 aetus
539 3709 673 3756 nodomarius
691 3709 810 3757 voluntario
825 3715 859 3756 est
872 3709 941 3771 magis
959 3708 1096 3756 voluntarius
1115 3703 1282 3752 considerando

225 3779 360 3829 uoluntatem
374 3788 398 3830 ut
411 3785 543 3842 naturam
557 3788 580 3832 at
593 3789 653 3835 seluo
666 3781 723 3834 lihor
738 3791 771 3834 ut
784 3788 854 3850 magis
868 3783 1005 3836 voluntarias
1019 3781 1179 3833 considerando
1192 3779 1282 3830 rolnn·

226 3859 293 3904 tatem
308 3861 332 3904 ut
344 3862 473 3919 potentium
489 3862 596 3910 urticam.
