2767 4492
231 304 283 380 t58
558 313 787 368 mnirarsrcaa
799 314 950 371 masma

265 402 349 478 desp.
364 401 443 468 Ratio
457 415 509 462 our
522 400 659 478 materiae
674 399 807 473 cogitatio
821 398 989 474 deneganda
999 401 1052 472 ost,
1063 413 1123 460 non
1133 399 1171 466 ad
1184 400 1277 478 iilam,

230 500 317 560 guam
331 485 452 550 bonitius
465 485 556 560 fingit,
573 484 622 544 sed
638 483 674 544 ad
688 483 764 543 banc
778 491 937 558 revocatur,
950 483 1024 558 quod
1039 484 1176 546 materiae
1192 503 1280 568 repu-

229 573 298 647 gnet
319 570 459 644 cogitatio.
478 568 667 638 Quamobrem
681 583 749 628 oum
767 584 817 645 ea,
834 584 908 642 quaa
925 573 1055 646 pugnant
1071 569 1147 633 inter
1169 586 1216 649 se,
1238 588 1279 636 ne

229 651 366 713 diuinitus
386 653 501 727 quidem
515 651 650 725 coniungi
665 653 791 727 possint;
807 652 908 726 nequit
929 652 1054 726 protecto
1074 653 1206 727 cogitatio
1229 656 1278 716 tri-

227 737 279 806 bui
293 738 438 809 materiae,
454 737 524 810 quin
540 737 602 798 eius
617 736 741 798 essentia
755 739 925 799 destruatur.
937 736 1059 800 Lockius
1074 742 1171 800 autem
1185 738 1276 801 simu-

227 819 283 892 late
299 825 326 883 et
340 819 479 881 fallaciter
489 833 505 886 a
516 821 681 894 quaestione
696 819 815 896 abludit,
828 835 895 882 cum
909 819 1003 894 iuquit
1016 819 1122 882 mirum
1138 836 1196 882 non
1210 838 1275 883 esse

227 904 251 978 ai
267 920 313 962 res
326 903 478 983 perfectior
498 904 626 964 subiecto
647 904 776 966 interiori
797 905 927 967 donetur.
943 904 1003 967 Non
1024 903 1102 964 enim
1121 905 1157 963 de
1180 907 1273 983 peric-

227 991 314 1058 ctiore
328 989 464 1066 mtalitate
479 988 639 1062 tribuenda,
653 989 702 1050 scd
713 990 747 1049 de
756 996 855 1052 mumo
866 989 1060 1064 pugnantibus
1075 989 1149 1048 inber
1163 1006 1194 1050 se
1208 992 1272 1054 iun·

226 1072 327 1148 gaudis
341 1067 388 1146 itio
403 1074 505 1148 agitur.
517 1073 595 1142 Quod
610 1073 686 1132 citici
701 1090 801 1134 revera
816 1090 874 1135 aon
888 1079 990 1149 potest,
1002 1073 1058 1137 nisi
1074 1074 1271 1138 contradictio

226 1157 272 1229 pis
293 1156 466 1240 pripcipium
490 1161 639 1219 evertatur.
658 1157 796 1230 Exempla
814 1172 881 1218 vero
901 1158 1081 1232 plantarum,
1099 1165 1127 1216 et
1142 1158 1271 1224 animan-

227 1241 308 1315 uum,
326 1257 399 1318 duae
413 1242 517 1306 iterum
531 1240 673 1316 obtrudit,
691 1242 728 1306 ad
741 1257 803 1302 rem
819 1257 878 1304 non
892 1241 1018 1316 iaciunt,
1035 1246 1063 1300 et
1078 1243 1208 1318 superios
1226 1259 1270 1305 sn

225 1323 286 1387 luta
301 1329 377 1394 sunt.
519 1367 523 1376 ,
798 1358 803 1366 ·
855 1324 859 1329 ’
1136 1323 1142 1334 “

211 1467 214 1472 ,
261 1409 350 1474 0biic.
367 1409 409 1474 tlt.
428 1409 455 1469 Si
471 1411 539 1491 quia
552 1425 635 1476 meos
649 1415 747 1476 nostra
765 1411 915 1484 concipere
929 1411 1032 1486 nequit
1050 1411 1192 1486 quomodo
1206 1427 1267 1477 ma·

226 1493 297 1562 teria
311 1493 430 1568 cogitet,
446 1495 581 1568 continuo
597 1495 696 1560 inferri
711 1495 780 1556 velit
794 1511 830 1554 ne
845 1495 934 1559 Deum
954 1496 1071 1570 quidem
1085 1512 1168 1571 posse
1182 1503 1271 1562 mate

224 1578 285 1642 riae
298 1579 460 1641 facultatem
475 1579 617 1662 cogitandi
633 1579 774 1654 tribuere3
791 1581 999 1654 omnipotentia
1009 1580 1060 1640 lter
1074 1579 1214 1646 limitibus
1227 1582 1269 1642 irr-

225 1662 397 1737 tetligeutiae
412 1669 538 1737 nostrae,
556 1679 629 1743 quae
644 1665 798 1730 admodum
817 1665 899 1724 linita
914 1671 972 1738 est,
992 1669 1181 1727 coerceretur.
1197 1665 1270 1733 Quin

224 1747 310 1808 etiam
321 1747 377 1805 alia
386 1747 536 1824 permulta,
548 1764 621 1822 quae
631 1755 693 1808 rata
703 1757 778 1824 sunt,
791 1750 969 1826 repudianda
983 1755 1089 1808 emant.
1106 1751 1176 1810 Nam
1191 1755 1268 1813 certe

224 1846 282 1896 noa
303 1829 488 1904 intelligimus
509 1849 565 1907 quo
583 1839 665 1908 pacto
685 1835 804 1895 materia
822 1834 913 1908 possit
936 1834 1077 1894 attrahere
1100 1833 1267 1908 materiam,

224 1915 392 1989 praesertim
408 1931 512 1990 magna
527 1918 675 1976 interiecta
689 1918 838 1994 distantia,
850 1933 910 1976 non
920 1917 1105 1992 intelligimus
1115 1932 1170 1989 quo
1185 1922 1270 1998 pacto

221 1999 341 2068 materia
355 2000 459 2060 sentiat
478 2017 564 2076 seque
580 2009 693 2062 moreat
708 2007 757 2063 aut
771 2002 962 2065 substantiam
975 2001 1192 2063 immaterialem
1207 2001 1269 2066 atii-

218 2081 281 2148 ciat
297 2083 333 2152 ab
347 2099 438 2158 eaque
455 2091 612 2145 moveatur.
629 2087 701 2160 Ergo
711 2087 786 2146 Deus
796 2087 936 2160 impertiri
952 2086 1086 2146 materiae
1099 2100 1157 2144 non
1172 2090 1269 2160 posset

222 2167 373 2227 facultates
387 2168 542 2243 eiusmodi,
565 2170 618 2231 troc
639 2177 736 2248 autem
753 2171 947 2246 experientiae
966 2171 1132 2230 reluctatur.
1215 2208 1219 2212 -

268 2253 351 2326 desp.
371 2253 446 2312 Haec
469 2255 589 2318 obiectio
611 2255 723 2318 laborat
747 2256 847 2318 eadem
873 2255 1059 2330 ambiguitate
1081 2259 1111 2313 et
1133 2252 1263 2327 fallacia,

223 2349 309 2416 quam
320 2352 406 2411 supra
420 2339 591 2406 notavimus.
604 2341 663 2400 Non
679 2340 758 2401 eninr
772 2340 840 2416 quia
856 2340 1007 2402 materiam
1023 2339 1195 2412 cogitantem
1210 2353 1268 2396 nou

223 2419 410 2504 concipimus,
432 2423 538 2490 idcirco
553 2439 617 2482 eam
638 2423 804 2498 possibilem
823 2440 882 2483 uon
897 2439 959 2483 esse
979 2422 1119 2496 dicimus,
1136 2423 1186 2482 sed
1200 2421 1268 2496 quia

222 2505 367 2579 cogitatio,
390 2512 484 2581 utpote
502 2523 575 2582 quaa
591 2509 684 2569 activa
703 2515 748 2568 est
764 2513 792 2567 et
810 2508 948 2587 simplex,
968 2508 1143 2582 principium
1160 2506 1269 2572 ibidem

221 2595 370 2654 actuosum
384 2596 412 2654 et
426 2592 550 2670 simplex
562 2592 661 2666 exigit,
678 2591 879 2653 essentialibus
894 2592 1032 2652 materiae
1046 2589 1266 2666 proprietatibus

222 2674 338 2740 omniuo
361 2681 510 2759 repugnat.
530 2677 586 2736 Nec
605 2676 712 2738 idcireo
737 2676 972 2750 omnipotentiam
991 2675 1042 2735 lici
1061 2673 1266 2748 intelligentiae

208 2763 333 2832 ‚nostrae
353 2757 492 2818 limitibus
511 2767 683 2820 codrcemus.
708 2762 779 2826 Nam
799 2761 922 2823 latemur
941 2759 1015 2818 ultro
1035 2759 1125 2818 Deum
1151 2758 1266 2823 efficere

219 2856 303 2915 posse
321 2842 405 2916 plura
423 2859 496 2918 quae
514 2843 628 2918 captum
647 2850 778 2908 nostrum
798 2849 981 2920 exsuperant,
1002 2844 1086 2903 modo
1105 2856 1267 2923 repugnan-

220 2925 289 2996 tiam
306 2926 362 2984 sibi
380 2942 438 2986 aon
456 2927 618 3005 implicent3
640 2935 668 2992 at
686 2931 749 2989 iure
766 2944 905 3002 negamus
924 2929 1001 2988 ellici
1020 2942 1104 3002 posse
1124 2925 1263 2987 divinitus

220 3021 255 3064 aa
270 3023 342 3081 quac
359 3019 519 3088 repugnant
537 3013 691 3080 evidenter.
715 3013 792 3082 Quod
807 3013 886 3072 enim
902 3017 946 3072 est
962 3011 1113 3084 eiusmodi,
1131 3016 1164 3070 ut
1180 3023 1264 3083 saepe

220 3090 400 3167 dictumest,
426 3095 457 3154 iu
478 3096 596 3162 obiectis
616 3097 731 3159 divinae
751 3096 894 3170 potentiae
917 3112 975 3156 nou
1000 3097 1179 3167 continetur3
1205 3107 1266 3153 non

219 3177 287 3256 qnia
305 3177 379 3247 Deus
399 3178 547 3241 delinitam
564 3181 699 3256 virtutem
718 3181 823 3256 babet,
853 3180 903 3239 sed
930 3181 998 3254 quia
1016 3179 1160 3240 obiectum
1187 3175 1266 3241 effici

218 3262 326 3336 nequit.

253 3345 390 3420 Exempla
409 3352 514 3422 autem
534 3363 606 3422 quae
625 3349 746 3409 bactrius
765 3348 918 3422 subditur
937 3349 968 3408 in
986 3363 1066 3414 more
1086 3346 1180 3421 babet,
1197 3359 1265 3403 oon·

217 3437 355 3490 ceumaco
371 3448 428 3491 non
447 3437 523 3491 suut.
546 3433 616 3492 llam
635 3433 671 3490 ad
692 3432 818 3506 primum
839 3433 914 3508 quod
934 3434 1048 3506 attinet,
1070 3431 1123 3492 atsi
1141 3443 1201 3488 non
1220 3427 1263 3491 in·

198 3516 201 3524 ⁴
217 3515 379 3589 telligamus
394 3531 450 3590 quo
465 3521 546 3590 pacto
560 3517 690 3590 materia,
705 3517 762 3575 Deo
777 3518 819 3576 sic
835 3519 956 3590 volente,
973 3517 1124 3579 materiam
1139 3512 1265 3573 attrabat

215 3597 306 3674 (quod
324 3601 537 3660 concedendum
556 3616 729 3661 reverando
749 3602 820 3678 estt3
837 3610 933 3661 tamen
951 3602 1059 3678 optime
1077 3597 1265 3670 intelligimus

216 3681 247 3750 id
266 3699 447 3760 nequaquam
465 3701 636 3760 repugnare,
654 3687 842 3760 supposituri
857 3687 953 3762 aliqua
972 3685 1097 3761 simplici
1114 3698 1188 3759 quae
1202 3696 1265 3740 ma-

216 3766 318 3830 teriam
338 3768 485 3844 iniormat,
501 3776 530 3830 et
544 3783 631 3846 quam
645 3771 861 3846 supponendam
880 3787 942 3831 esse
958 3770 989 3831 in'
1012 3767 1179 3844 corporibus
1193 3764 1266 3827 alias

216 3850 401 3912 ostendimus.
417 3854 542 3939 Alterum
556 3869 623 3924 raro
645 3855 680 3915 de
699 3855 820 3917 materia
840 3855 981 3917 sentiente
997 3871 1032 3922 ac
1052 3870 1084 3916 se
1107 3859 1261 3929 mouente,
