2767 4492
212 281 263 340 156
522 293 749 340 333333333333
762 295 909 339 sarmento
948 335 951 339 .

210 379 314 438 seous‘l
329 377 358 437 Si
372 378 498 451 primum
513 384 655 450 asserent3
673 378 797 437 absurda
811 381 937 454 proiecto
952 381 1110 454 incurrent,
1123 396 1196 454 quae
1211 397 1257 440 su·
1355 401 1359 406 ·

209 479 262 538 pra
285 463 579 522 commemoravimus,
604 462 653 519 Sin
675 462 796 522 alterum
817 465 947 538 malunt3
964 465 1069 523 iterum
1090 464 1257 538 quaerimus

208 553 306 605 utrum
321 547 452 620 cogitatio
472 547 558 605 istaec
581 545 683 604 educta
698 563 715 605 3
729 547 786 606 1133
802 548 920 622 lingitur
935 566 971 607 ex
987 549 1075 607 tundo
1090 549 1152 622 ipso
1168 556 1257 609 mate-

208 632 268 689 riao
283 647 320 690 an
334 646 372 690 ex
387 630 475 689 nihilo
491 635 637 704 procreata
651 635 680 689 et
693 631 840 691 iunctione
856 634 980 707 quadam
996 633 1091 693 eidem
1106 634 1213 692 addita.
1227 634 1257 693 Si

172 769 176 776 .
209 716 351 789 primum,
369 715 525 776 absurdum
542 713 700 788 inducitur,
718 715 856 775 nimirum
871 731 922 776 ens
937 717 1080 791 cogitandi
1095 719 1124 776 vi
1139 717 1257 777 destitu-

211 803 271 858 tum
295 805 378 873 etque
393 800 428 858 ad
443 800 626 872 cogitandum
648 799 732 873 plane
753 800 901 874 ineptum,
923 802 1067 875 cogitandi
1087 808 1258 876 potestatem

209 885 274 942 sinu
293 883 380 942 veluti
395 900 446 944 suo
461 883 614 943 continere.
634 877 681 942 Si'n
698 901 735 943 eu
750 885 840 944 nihilo
859 887 974 945 condita
994 886 1126 960 cogitatio
1150 887 1257 945 dicitur

101 1035 102 1039 ,
210 969 363 1042 atqueenti
377 968 417 1027 1111
432 969 626 1042 superaddita3
641 976 709 1027 tunc
719 969 782 1042 ipsa
796 970 850 1028 erit
865 971 1026 1029 substantia
1040 971 1167 1044 cogitans
1182 987 1256 1047 quae

210 1052 290 1112 alteri
305 1053 427 1112 realitati
441 1054 638 1128 coniungitur,
656 1070 689 1113 eo
705 1055 796 1114 ferme
815 1057 899 1115 modo
915 1072 971 1130 quo
985 1055 1100 1115 animus
1115 1071 1181 1114 oum
1195 1071 1257 1114 eor-

209 1153 277 1216 pore
292 1139 449 1212 copulatur.
468 1140 520 1197 1133
536 1139 612 1196 enim
627 1155 643 1196 c
658 1139 748 1198 nihilo
764 1139 874 1213 educta,
889 1141 1048 1199 substantia
1063 1141 1204 1216 quaedam
1219 1140 1257 1198 sit

210 1229 320 1296 oportet
334 1231 362 1282 et
376 1223 492 1282 nonnisi
507 1223 583 1282 vocis
599 1223 690 1282 abusu
704 1224 877 1284 modificatio
892 1225 1043 1284 diceretur,

540 1393 705 1454 Solvuntur
723 1393 921 1467 difficultates.
1032 1419 1039 1432 ·

244 1562 288 1624 1111.
311 1563 450 1633 Quoniam
468 1563 605 1640 quidquid
631 1565 834 1626 materialistae
857 1565 992 1625 dixerunt
1013 1565 1050 1626 iis
1073 1565 1254 1638 continetur,

210 1649 315 1723 quibus
334 1649 455 1708 Lockius
477 1649 683 1708 dubitationem
699 1667 781 1709 suam
795 1657 895 1710 eontra
910 1650 1140 1726 Stillingtleetum
1154 1666 1258 1724 propu-

209 1735 322 1808 33333
344 1735 406 1794 3133
425 1735 579 1808 praecipua
603 1735 777 1809 sophismata
796 1737 1022 1811 perpendamus;
1046 1753 1118 1810 quae
1140 1735 1257 1795 maioris

210 1818 346 1876 claritatis
359 1819 450 1892 gratia
464 1818 495 1876 in
509 1818 589 1877 varia
606 1828 729 1893 puncta,
748 1820 884 1879 subiectis
903 1821 999 1879 statim
1017 1821 1176 1896 responsis,
1193 1835 1259 1893 par·

211 1902 324 1962 tiemur.
885 1901 891 1920 ‘

247 1985 335 2046 0biic.
353 1988 373 2047 l.
390 1987 465 2048 Deus
481 1989 642 2064 impertitur
658 1990 795 2050 materiae
810 1989 1014 2065 proprietates,
1030 2005 1100 2064 quas
1114 1987 1164 2048 illa
1178 1993 1257 2048 certe

210 2086 267 2130 333
284 2073 466 2146 continebat3
488 2080 597 2132 etcum
612 2075 765 2134 nonnullas
780 2076 842 2134 eius
856 2081 951 2150 partes
968 2080 1045 2133 nrotu
1061 2073 1167 2147 elficit,
1184 2073 1257 2132 alias

211 2157 242 2213 iu
258 2155 342 2214 llores
357 2157 524 2231 plantasque
540 2159 707 2232 conformat,
725 2160 822 2233 eisque
837 2160 1056 2232 vegetationem,
1072 2159 1178 2230 citam,
1194 2156 1257 2230 pul-

211 2240 401 2300 chritudinem
419 2241 532 2313 tribuit;
550 2242 620 2301 alias
636 2243 752 2302 demum
773 2260 860 2302 seusu
878 2251 1013 2317 motuque
1035 2248 1119 2316 auget
1142 2246 1257 2315 sponta-

209 2339 265 2384 neo
281 2326 437 2399 ceterisque
453 2326 606 2394 attributis,
624 2342 697 2400 quae
712 2327 869 2400 elephantis
884 2343 931 2387 ex.
949 2343 991 2400 gr.
1009 2332 1076 2385 sunt
1090 2324 1213 2400 propria.
1226 2323 1255 2382 Si

209 2407 297 2481 igitur
310 2409 415 2482 gratim
431 2426 506 2468 unus
521 2410 640 2469 ulterius
652 2409 710 2482 liat,
721 2412 824 2485 poterit
833 2412 958 2485 prolecto
973 2411 1110 2469 materiae
1124 2408 1256 2493 cogitatio

209 2495 337 2567 ratioque
353 2500 380 2554 et
395 2495 486 2553 libera
501 2493 632 2553 voluntas
648 2496 811 2568 superaddi.
1142 2519 1146 2525 ·

246 2577 327 2650 llesp.
351 2569 452 2637 lilium
472 2595 540 2636 sane
558 2585 602 2646 est
620 2586 728 2652 quanta
743 2579 909 2640 contusione
924 2586 952 2640 et
967 2581 1089 2640 salsitate
1104 2579 1256 2639 difficultas

211 2661 281 2719 haec
296 2667 411 2720 scateat.
428 2664 459 2721 ln
474 2663 593 2736 primic,
610 2663 674 2736 quis
690 2664 829 2722 concessit
844 2666 873 2723 in
889 2665 1038 2739 elephante
1057 2665 1151 2738 ipsam
1167 2669 1256 2720 mate·

210 2745 282 2804 riam
293 2763 344 2820 per
354 2763 384 2806 se
395 2747 564 2806 sentientem
575 2753 603 2811 et
614 2755 707 2806 motus
721 2755 890 2822 spontaneos
905 2751 1109 2822 producentem
1125 2749 1257 2806 ellectum

210 2831 294 2889 31133
305 2832 385 2890 33331
397 2831 428 2890 Et
440 2837 535 2891 tamen
550 2833 671 2892 Lochias
687 2833 807 2892 tidenter
822 2835 947 2891 altirmat
960 2833 989 2892 id
1005 2833 1041 2891 ab
1057 2833 1189 2892 omuibus
1203 2845 1255 2903 pro

210 2921 285 2973 certo
308 2917 417 2974 baberi.
439 2917 498 2984 Qua
513 2917 543 2974 in
559 2932 589 2975 re
605 2917 680 2990 due,
698 2933 771 2992 quae
794 2918 920 2976 manime
946 2917 1146 2990 distinguenda
1169 2919 1254 2986 sunt,

209 2997 312 3056 miscet
332 2999 443 3073 inepte3
460 3001 598 3060 nimirum
614 3003 722 3061 lactum
737 3003 853 3078 aliquod
869 3009 897 3061 et
911 3018 1028 3060 causam
1044 3016 1117 3075 quae
1131 3000 1201 3058 illud
1217 2997 1256 3056 el-

210 3079 297 3139 ficiat.
310 3081 380 3142 Nam
394 3099 495 3141 rernm
509 3085 623 3157 quidem
640 3093 682 3145 ost
697 3104 796 3145 omnes
814 3086 895 3144 lateri
912 3085 1091 3159 elephantem
1105 3088 1134 3142 et
1148 3089 1256 3141 ceteras

209 3165 319 3226 belluas
329 3183 414 3225 sensu
425 3172 560 3241 motuque
571 3177 729 3243 spontaneo
741 3170 863 3243 perlrul3
878 3169 1047 3228 Cartesianis
1057 3168 1194 3240 exceptis,
1206 3166 1258 3237 qui

210 3266 259 3309 eas
273 3257 305 3310 ut
319 3251 466 3310 machinas
482 3253 560 3311 omni
576 3269 662 3312 seusu
677 3254 826 3314 destitutas
848 3254 1022 3327 concipiunt.
1039 3256 1072 3312 lt
1086 3253 1111 3312 si
1126 3247 1256 3324 Epicurei

210 3335 405 3410 detrahuntur,
415 3352 499 3395 nemo
510 3353 638 3412 unquam
650 3338 787 3396 eiusmodi
800 3338 971 3397 sensationis
981 3337 1183 3410 spontaneique
1193 3347 1255 3391 mo-

210 3425 255 3478 tus
269 3436 387 3480 causam
401 3438 439 3480 ex
454 3422 513 3480 sola
528 3421 648 3480 materia
669 3421 793 3494 repetiit.
812 3423 1009 3482 Omnes-enim
1024 3421 1207 3490 existimant,
1228 3421 1258 3476 et

211 3503 295 3562 allata
311 3507 442 3579 superius
456 3505 633 3564 ratiocinatio
648 3504 795 3564 evidenter
809 3507 994 3580 demonstrat,
1011 3507 1105 3564 inesse
1118 3505 1149 3563 in
1163 3500 1258 3561 brutis

209 3587 382 3661 principium
398 3590 514 3664 aliquod
530 3587 718 3647 substantiale
734 3591 851 3649 omuino
866 3592 998 3666 simplex,
1017 3590 1092 3663 quod
1106 3585 1260 3645 materiam

210 3668 346 3730 informat
360 3675 410 3732 sed
424 3691 441 3732 3
455 3674 576 3734 materia
590 3673 813 3734 discriminatur.
830 3675 887 3734 Hoc
901 3676 1090 3749 principium,
1106 3673 1182 3747 quod
1196 3671 1260 3730 ani-

210 3767 288 3811 mam
302 3754 458 3817 belluinam
473 3757 625 3833 appellant,
643 3758 770 3832 unitatis,
787 3775 860 3833 quae
875 3760 1047 3834 conspicitur
1061 3757 1199 3816 inbrutis
1213 3761 1260 3815 est

209 3838 283 3914 tons,
299 3855 336 3900 ex
350 3856 439 3915 eoque
454 3843 629 3928 causationes
643 3848 794 3919 motusque
808 3844 958 3920 spondaei
971 3843 1202 3924 proficiscuntur,
1219 3841 1262 3901 ad
