2767 4492
241 288 288 357 62'
569 293 964 350 unrmnrsmunsrsctmrs

239 391 358 467 quidem
371 402 475 465 sensu,
496 391 637 464 quatenus
652 393 717 446 actu
734 386 764 446 in
778 387 875 444 rerum
895 384 1110 457 productionem
1129 383 1292 447 necessario

238 476 387 551 prosiliat,
408 476 456 535 sed
473 480 612 549 quatenus
631 471 793 530 necessario
815 470 986 528 activitatem
1007 469 1093 528 habet
1107 485 1141 528 ac
1156 470 1215 528 vim
1231 487 1292 530 eas-

242 562 309 621 dem
327 559 513 635 produceodi,
534 557 656 617 subhac
671 562 768 616 lernen
784 555 956 626 conditione,
974 554 997 611 si
1009 554 1086 612 vetit.
1102 553 1182 613 Ratio
1198 561 1293 615 autem
1382 581 1383 584 ¹

241 661 293 706 cur
306 646 380 704 Deus
395 645 431 703 alt
447 645 558 703 actione
580 643 697 718 quidem
712 647 832 700 externa
847 645 1004 712 temperare
1019 644 1123 712 queat,
1144 655 1202 698 non
1223 640 1292 699 item

241 731 278 790 ab
294 732 405 790 actione
418 730 550 801 interna,
571 729 601 786 in
619 733 751 801 promptu
767 731 818 784 est.
839 726 909 784 Nam
924 723 997 782 actio
1012 719 1126 782 interna
1146 725 1293 797 perlectio-

240 827 308 876 nem
323 816 354 877 in
369 816 430 889 ipso
445 815 526 889 ponit
539 819 659 888 agente3
680 817 709 870 at
723 811 797 870 actio
812 813 930 869 externo
951 821 1009 866 non
1030 809 1144 882 proprie
1159 815 1292 882 agentem

240 901 370 975 perlicit,
392 898 442 958 sed
456 899 590 958 effectum
604 897 654 971 qui
668 895 843 970 producitur.
865 894 943 961 Quod
958 893 987 951 in
1002 893 1073 966 ipsis
1087 895 1174 952 etiam
1189 895 1292 954 creetis

241 984 336 1044 causis
350 985 445 1059 aliquo
459 983 544 1043 modo
559 981 742 1055 conspicitur.
760 982 830 1038 Nam
845 978 977 1051 sculptor,
995 991 1041 1035 ox.
1054 991 1108 1050 gr,
1121 991 1187 1035 cunr
1201 978 1292 1037 homi·
1382 991 1383 1014 ¹

240 1087 310 1131 nem
325 1079 375 1130 aut
387 1070 513 1130 belluam
527 1083 670 1128 marmore
680 1067 769 1141 ponit,
787 1064 915 1140 praecise
927 1068 1067 1138 quotenus
1083 1063 1149 1137 agit,
1167 1079 1223 1122 non
1238 1065 1293 1123 sei-

189 1206 193 1220 .
241 1171 327 1232 psum
341 1156 391 1214 sed
405 1155 556 1214 materiam
568 1155 646 1212 illam
656 1151 778 1226 perlicit3
791 1165 824 1209 ac
840 1150 865 1208 si
876 1149 1013 1208 exercitio
1023 1147 1072 1207 ilio
1084 1148 1203 1206 actionis
1219 1148 1247 1206 in
1263 1163 1293 1208 se

242 1239 329 1299 etiam
344 1239 509 1314 perficitur,
529 1239 559 1297 id
574 1239 679 1296 exinde
694 1235 822 1311 procedit
836 1234 912 1308 quod
932 1249 989 1292 nou
1005 1231 1170 1292 immediate
1184 1247 1236 1306 per
1250 1231 1295 1291 e's·
1336 1231 1341 1240 '

243 1324 365 1383 sentiam
380 1329 455 1398 agat,
477 1323 527 1381 sed
540 1337 592 1397 per
606 1328 703 1380 actum
718 1320 755 1378 ab
770 1318 894 1378 essentia
908 1317 1084 1376 distinctum.

252 1429 254 1432 ·
279 1409 421 1468 Perstant:
439 1408 513 1466 actio
527 1421 585 1480 qua
599 1407 673 1464 ileos
688 1409 775 1478 creat,
788 1418 854 1462 cum
870 1403 967 1470 divina
982 1409 1084 1460 natura
1098 1401 1292 1461 conlunditur.

245 1494 317 1566 Ergo
332 1493 459 1566 separari
474 1506 492 1549 a
505 1491 562 1550 Deo
577 1505 636 1549 non
651 1493 760 1563 potest,
781 1488 855 1546 sicut
870 1487 966 1545 divina
982 1486 1120 1560 sapientia
1135 1499 1151 1543 a
1166 1485 1215 1543 liei
1230 1499 1294 1558 ope-

244 1579 355 1636 ratione
370 1576 481 1634 secerni
494 1575 603 1649 nequit.
624 1575 772 1634 Praeterea
791 1587 878 1630 causa
898 1571 1064 1630 relationem
1078 1571 1164 1629 habet
1179 1570 1214 1627 ad
1228 1570 1294 1628 eile-

246 1665 333 1720 ctum.
355 1661 409 1719 Sed
423 1659 498 1718 Deus
512 1665 615 1717 natura
628 1673 682 1716 sua
696 1663 740 1715 est
755 1673 854 1716 cause.
871 1657 942 1730 Ergo
952 1664 1054 1714 natura
1068 1670 1120 1714 sua
1130 1655 1296 1714 relationem

243 1745 331 1804 hebet
346 1745 382 1802 ad
396 1745 539 1802 ellectum.

281 1828 510 1902 Respondemus:
528 1828 623 1902 prima
637 1827 723 1886 huius
738 1824 915 1886 difficultatis
924 1840 991 1902 pars
1001 1825 1198 1900 antiquissima
1212 1827 1255 1883 est
1270 1829 1298 1882 et
1382 1865 1383 1906 q

245 1913 430 1985 iampridem
452 1913 664 1972 ascholssticis
685 1913 818 1970 refutata.
840 1911 930 1978 Quare
953 1910 1107 1969 adversarii
1127 1909 1195 1968 dum
1217 1910 1296 1967 iilam

246 2003 410 2071 opponunt,
431 1997 624 2057 remotissima
637 2001 813 2070 recoquunt,
835 1996 946 2054 silentio
961 1994 1168 2070 praetermissis
1184 1993 1297 2053 solutio·
1314 2031 1317 2036 Δ

246 2081 350 2154 nibus,
373 2097 445 2156 quas
459 2083 587 2142 doctores
602 2082 644 2142 iili
660 2082 818 2142 acutissimi
834 2087 974 2154 etgraves
996 2095 1156 2154 reposuere.
1177 2080 1216 2138 Ea
1231 2095 1298 2137 nem

247 2167 382 2225 evertitur
397 2167 490 2241 iaciie,
507 2167 531 2227 si
547 2169 744 2227 consideretur
758 2167 788 2224 in
805 2167 916 2225 actione
931 2167 1027 2225 divino
1038 2165 1153 2224 creandi
1168 2165 1224 2222 duo
1239 2163 1297 2222 ani·

247 2250 384 2310 madverti
400 2267 502 2326 posse:
522 2253 681 2312 realitatem
697 2254 790 2327 ipsam
805 2269 862 2327 quo
875 2252 924 2310 ilia
939 2257 1066 2324 constat,
1085 2257 1115 2308 et
1129 2250 1297 2309 relationem

247 2335 284 2394 ad
295 2335 439 2395 obiectum
453 2339 627 2410 ponendum.
649 2339 732 2397 Porro
747 2340 850 2397 harum
861 2351 956 2395 rerum
972 2336 1063 2410 prima
1079 2349 1144 2393 cum
1154 2333 1205 2394 liei
1215 2337 1297 2391 natu-

246 2435 280 2479 rc
295 2434 385 2479 unum
400 2421 534 2496 idemque
546 2428 598 2481 est.
619 2423 695 2481 Deus
711 2423 789 2481 eninr
809 2420 1067 2481 modificationibus
1082 2434 1139 2477 non
1153 2418 1295 2490 allicitur,

248 2507 298 2564 sed
319 2506 535 2580 simplicissima
554 2512 664 2566 tantum
686 2507 846 2566 substantia
869 2511 988 2564 constat.
1008 2505 1046 2562 Ea
1068 2504 1186 2578 proinde
1206 2519 1223 2562 a
1242 2502 1298 2561 ileo

248 2587 348 2648 abesse
363 2591 473 2665 nequit.
488 2592 521 2650 lt
535 2591 625 2650 altera
639 2593 809 2664 contingens
825 2597 880 2664 cst3
897 2595 925 2648 et
940 2605 1005 2648 csse
1021 2595 1111 2662 potest
1125 2589 1170 2648 nel
1185 2588 1296 2659 abesse,

247 2677 345 2747 utpote
354 2691 427 2748 quae
437 2676 640 2749 perfectionem
654 2677 685 2735 in
701 2676 758 2734 Deo
773 2676 884 2734 nullam
895 2683 989 2749 ponat,
1007 2675 1055 2733 ned
1066 2678 1228 2747 respectum
1239 2678 1300 2730 tan·

249 2761 310 2816 tum
323 2765 476 2818 externum
490 2761 584 2821 addat.
606 2762 659 2828 Qui
677 2766 826 2834 respectus
847 2760 974 2819 divinam
993 2758 1149 2817 realitatem
1170 2770 1228 2813 uon
1248 2771 1300 2815 ne·

248 2843 373 2903 cessario
382 2844 575 2918 consequitur,
590 2846 640 2904 sed
655 2861 673 2903 a
687 2843 783 2902 divino
798 2844 903 2917 pendet
917 2843 1073 2915 arbitratu3
1090 2840 1232 2914 siqnidem
1246 2855 1300 2899 ex-

247 2927 315 2985 inde
329 2927 419 2986 oritur
431 2929 506 3002 quod
520 2929 613 3000 licus,
636 2930 744 3002 absque
759 2928 817 2987 ulla
832 2928 877 2986 sui
892 2931 1068 2999 mutatione,
1087 2923 1213 3000 simplici
1233 2931 1301 2984 actu

248 3009 402 3069 voluntatis
416 3013 573 3086 eodemque
588 3014 769 3086 sempiterno,
791 3013 931 3071 mundum
948 3012 1079 3087 condere,
1090 3011 1135 3068 uei
1153 3025 1210 3068 non
1231 3025 1300 3068 con-

249 3093 327 3168 dere,
342 3105 428 3168 atque
438 3097 492 3154 hoc
502 3103 627 3171 tempore
638 3099 827 3172 potiusquam
843 3098 899 3156 alio
914 3112 1012 3155 creare
1027 3096 1170 3154 decernat.
1188 3095 1220 3152 ill
1230 3109 1299 3167 quo-

175 3200 179 3206 ·
248 3179 329 3237 niam
346 3179 444 3237 divina
459 3181 532 3239 actio
546 3182 686 3240 rationem
707 3183 858 3241 creationis
877 3198 935 3241 nou
950 3182 1059 3254 induit,
1081 3181 1138 3239 nisi
1159 3179 1301 3238 eiusmodi

250 3264 366 3323 accedat
378 3264 495 3338 relatio;
513 3266 619 3325 idcirco
633 3276 689 3340 est,
710 3273 741 3324 ut
756 3268 924 3341 contingens
939 3267 1046 3324 creatio
1065 3267 1119 3332 sit,
1141 3264 1207 3322 licet
1226 3263 1301 3320 ilaus

249 3347 281 3406 in
294 3363 325 3406 se
339 3349 526 3408 mutationem
539 3352 761 3426 ranetatemque
776 3353 948 3411 intrinsecus
963 3367 1021 3409 noo
1036 3349 1181 3422 accipiat.
1195 3349 1300 3406 Verum

252 3432 325 3527 llaec
338 3434 458 3492 clariora
472 3434 550 3506 lieni,
569 3451 637 3494 oum
658 3437 693 3495 de
708 3437 805 3496 divina
824 3437 953 3496 libertate
968 3427 1053 3509 atque
1067 3431 1301 3492 immutabilitate

249 3519 375 3576 rnuccm
396 3519 573 3577 concilianda
593 3520 786 3595 disseremus3
809 3522 839 3582 in
854 3520 1041 3596 praesensad
1056 3518 1230 3578 contrarium
1245 3517 1320 3580 eri.

249 3601 386 3673 piendum
400 3619 535 3676 errorem,
558 3619 631 3678 quae
645 3605 803 3678 innuimus,
823 3607 880 3665 sint
899 3607 977 3665 satis.
1026 3605 1028 3610 ’
1382 3671 1383 3688 ,

286 3686 327 3742 lo
341 3688 459 3746 alteram
473 3689 625 3748 instantiae
636 3697 745 3763 partem
758 3691 891 3764 perfacile
902 3705 1074 3766 responsum
1084 3695 1136 3749 est.
1153 3689 1223 3747 Nam
1234 3703 1304 3746 cau-
1382 3691 1383 3738 ἓ

252 3781 285 3827 se
298 3769 392 3828 omnis
406 3771 556 3846 dupliciter
569 3773 690 3847 spectari
707 3780 815 3848 potest:
835 3781 867 3834 ut
888 3782 953 3834 actu
973 3791 1082 3851 ponens
1103 3773 1256 3846 effectum,
1275 3777 1306 3832 et
1382 3761 1383 3784 ¹

250 3853 400 3916 ntadeum
409 3858 756 3930 ponendumvlmtantum
764 3859 899 3922 retinens.
912 3861 941 3921 Si
948 3861 1041 3935 primo
1050 3861 1135 3921 modo
1143 3863 1303 3934 spectatur,
