2767 4492
512 331 761 384 smonromou
1108 319 1163 382 itt

114 423 141 481 et
153 419 190 479 od
204 417 371 480 instinctam
393 419 562 494 confugere,
581 421 659 480 idem
668 434 784 496 promus
798 422 841 479 est
855 421 940 494 atqua
954 414 1103 480 hominem
1117 419 1165 478 de

114 506 229 566 siluere
242 506 376 564 rationali
390 505 578 579 certitudine,¹
587 520 645 579 qua
662 509 790 584 ornatur.
810 497 813 507 '

145 590 189 648 ⁸5.
212 589 377 665 llalluppius
392 591 539 650 emsdmat
552 589 770 649 similitudinem
788 590 863 650 inter
884 590 1013 650 loturum
1034 593 1063 650 et
1081 603 1162 664 prae-

112 676 227 734 teritum
243 675 271 734 xi
290 676 484 749 experientiae
504 680 611 734 certam
634 675 754 748 haberi,
775 681 860 749 atque
878 676 942 735 ideo
960 675 1076 752 allatum
1094 675 1165 734 lllud

111 757 255 832 premo
270 768 418 821 transacto
435 761 532 821 simile
546 761 603 820 crit
615 761 783 834 empiricam
797 760 866 818 dlcit
880 775 943 820 esse
973 762 1121 822 verltatem
1138 755 1163 822 ⁴.

111 845 200 912 Quam
215 848 388 906 sententiam
402 848 444 905 sic
457 847 558 905 nititur
573 845 758 921 persuadere:
785 845 878 919 quoad
901 845 1065 920 longissime
1081 863 1164 908 mens

109 939 207 990 nostra
222 932 357 1006 respiciat
369 933 494 1006 spatium
508 932 652 1007 praeteriti
671 931 816 1005 temporis,
837 936 865 989 et
878 931 1047 991 memoriam
1063 934 1163 992 aetatis

108 1017 277 1076 recordetur
289 1017 437 1092 ultimam;
455 1018 529 1077 houd
545 1017 666 1078 dubium
680 1024 741 1089 est,
758 1017 827 1090 quin
842 1017 969 1075 consolat
983 1031 1014 1076 ae
1028 1025 1163 1077 constan·

109 1108 153 1160 ter
166 1103 332 1162 consimiles
341 1102 459 1162 ellecms
472 1103 640 1162 asimilibus
653 1101 748 1161 causis
759 1115 908 1175 expertam
924 1102 1021 1162 luisse.
1040 1102 1120 1162 Unde
1134 1103 1165 1162 in

109 1188 279 1247 continuata
290 1189 366 1248 serie
375 1203 527 1261 annorum,
543 1188 593 1262 qui
606 1187 788 1261 praeteriere,
804 1193 923 1246 naturae
937 1201 1038 1249 cursus
1048 1195 1166 1264 semper

109 1272 166 1332 sibi
180 1274 334 1333 uniformis
349 1279 378 1332 et
391 1279 525 1332 constans
544 1271 684 1346 apparuit.
704 1273 736 1330 ut
754 1285 822 1330 vero
841 1277 931 1330 totum
953 1274 1006 1332 lroc
1030 1279 1164 1348 tempus,

109 1370 289 1430 quamquam
303 1357 489 1433 praeteritum
498 1355 536 1414 ait
542 1360 673 1429 respectu
687 1355 821 1414 instantis
836 1355 866 1414 iu
877 1371 933 1430 quo
943 1371 1022 1415 nunc
1031 1359 1165 1432 vivimus,

109 1447 210 1500 tamen
226 1447 362 1516 tanquam
376 1441 506 1500 futurum
520 1440 694 1500 considerari
709 1439 794 1499 debet
810 1445 941 1514 respectu
958 1441 1043 1514 primi
1056 1441 1166 1501 instau-

109 1528 147 1586 tia
162 1542 202 1585 ex
217 1541 275 1601 quo
289 1525 440 1585 exordium
454 1526 538 1600 cepit.
555 1525 646 1599 ltrgo,
668 1539 734 1584 cum
749 1525 779 1584 in
795 1531 851 1584 toto
865 1525 928 1584 eius
942 1525 1066 1586 decursu
1080 1539 1165 1585 ereu-

110 1615 194 1671 tuum
209 1610 429 1670 similitudinem
443 1625 524 1668 meus
534 1609 761 1685 deprehenderit,
779 1609 935 1670 similitudo
950 1609 1167 1670 interfuturum

111 1701 140 1755 et
153 1701 332 1756 transactum
356 1694 552 1769 experimento
570 1695 626 1754 luit
648 1695 783 1755 obnoxia.
807 1693 916 1754 Veritas
938 1693 1036 1769 tuque
1058 1693 1168 1772 experi-

111 1781 246 1841 menlalis
260 1779 383 1840 dicenda
395 1785 448 1854 est,
465 1785 579 1854 totaque
593 1779 689 1839 Humii
703 1781 762 1858 ruit
776 1779 966 1840 ratiocinatio.

146 1865 222 1926 llaec
237 1866 355 1941 paridem
373 1865 586 1938 meliorasunt3
608 1866 658 1924 sed
672 1881 731 1924 nou
745 1865 862 1925 omnino
882 1865 1069 1924 satisfaciunt.
1094 1865 1166 1924 Nam

112 1951 165 2010 etsl
183 1951 307 2026 probent
326 1951 456 2010 futurum
479 1954 622 2009 transacto
644 1949 733 2009 fuisse
755 1949 918 2024 consimile3
944 1955 1042 2009 uuum
1068 1955 1165 2009 umen

112 2037 247 2112 deinceps
262 2035 418 2096 similitudo
427 2035 500 2094 haec
508 2050 696 2110 permansura
704 2035 750 2104 sil,
762 2049 862 2110 reapse
877 2050 934 2094 nou
950 2035 1059 2110 pmbat.
1072 2035 1165 2109 Repo-

112 2137 181 2181 nere
195 2127 295 2181 autem
313 2125 410 2196 posset
427 2119 517 2180 llume
528 2121 570 2194 (ut
583 2136 684 2180 revera
701 2121 821 2196 reponit,
838 2121 1007 2180 solutionem
1023 2119 1166 2194 llalluppli

111 2208 192 2280 presi
206 2206 406 2282 praesentiens
422 2207 447 2280 2)
461 2221 492 2264 se
507 2205 614 2264 nonde
629 2204 755 2280 quolibet
771 2205 866 2263 lutum
881 2202 958 2279 loqui
973 2205 1023 2286 aad
1038 2205 1167 2279 praecise

112 2289 147 2349 de
160 2291 210 2350 illo
228 2290 303 2365 quod
317 2289 430 2365 pmprie
443 2290 572 2349 luturum
590 2295 642 2359 est,
659 2305 710 2348 seu
724 2289 800 2365 quod
815 2288 1012 2364 phaenomena
1032 2289 1161 2364 respicit,

112 2389 185 2449 quae
200 2376 330 2436 nondum
344 2390 474 2435 euenere.
494 2374 552 2434 lloc
566 2380 642 2435 certe
657 2373 865 2450 experientiam
874 2389 990 2448 pmraus
1001 2373 1133 2432 elabitur.

149 2460 195 2520 86.
215 2461 291 2528 Quae
306 2475 372 2521 cum
385 2461 427 2519 ita
440 2460 512 2533 sint,
529 2461 625 2520 llumii
639 2461 781 2520 cavillatio
796 2459 878 2519 aliter
892 2459 1028 2518 solvenda
1043 2457 1164 2516 videtur.

114 2543 148 2603 lit
161 2545 191 2604 ln
206 2546 308 2620 primis
322 2547 443 2606 observo
457 2561 516 2605 non
529 2545 600 2605 satis
614 2551 746 2605 accurate
760 2545 817 2605 dici
832 2545 974 2620 principia
988 2539 1167 2618 experimen·

115 2630 182 2689 talla
200 2631 357 2690 subaudire
380 2629 597 2690 similitudinem
611 2631 687 2690 iuter
702 2634 877 2690 transactum
891 2636 920 2688 et
934 2629 1073 2688 luturum.
1096 2627 1169 2687 llam

116 2715 273 2776 similitudo
291 2716 363 2775 haec
383 2717 477 2790 potius
495 2717 617 2775 infertur
635 2732 673 2773 ex
691 2717 809 2773 reduto
831 2714 1037 2788 principiorum
1057 2711 1168 2786 experi-

115 2798 295 2860 mentalium.
312 2801 401 2872 Nam,
418 2802 523 2857 statuta
538 2799 657 2856 venmte
674 2811 722 2854 ex.
742 2813 785 2869 gr.
803 2795 887 2854 huius
906 2797 1054 2868 principii:
1071 2794 1168 2852 omnia

115 2884 194 2959 molo
206 2885 321 2956 eduma,
336 2884 399 2941 iure
412 2883 534 2940 infertur
548 2887 681 2954 stuppam
696 2880 876 2938 combustum
892 2879 941 2950 iri,
954 2879 980 2937 sl
995 2877 1056 2951 lgni
1071 2877 1168 2935 admo·
1239 2899 1242 2906 2

115 2975 238 3040 resurr,
259 2981 311 3025 seu
324 2966 453 3023 futurum
475 2965 507 3022 in
519 2965 575 3022 lroc
588 2977 694 3035 genere
708 2959 972 3034 phaenomenorum
995 2959 1088 3020 simile
1107 2960 1169 3018 lore

115 3055 272 3110 transacto.
288 3047 367 3107 ldem
380 3047 426 3105 dic
445 3047 480 3104 de
565 3045 605 3102 ris
619 3045 759 3117 exemplis
782 3060 854 3116 ouae
869 3044 964 3104 afferri
979 3048 1104 3121 possent.
1125 3043 1168 3102 lix
1200 3089 1212 3108 ,

117 3135 225 3210 mribus
239 3133 364 3207 prolecto
379 3129 513 3205 apparebl
530 3127 756 3188 similitudinem
770 3129 845 3189 inter
859 3130 991 3189 futurum
1015 3135 1043 3188 et
1059 3135 1168 3188 transa-

118 3225 198 3280 ctum
221 3216 402 3278 comllarium
415 3231 478 3275 esse
492 3213 699 3290 principiorum
714 3213 1003 3288 experimentorum,
1028 3219 1169 3289 quatenus

119 3305 149 3362 in
164 3321 218 3365 sua
231 3302 416 3378 generalitate
433 3316 517 3362 casus
535 3301 622 3360 etiam
636 3301 796 3375 respiciunt
819 3299 869 3376 qui
884 3300 1011 3359 nondum
1036 3311 1166 3358 evenere.

120 3389 199 3449 llude
212 3388 395 3465 pronuntiata
409 3385 644 3463 experimentalia
662 3390 747 3461 prout
760 3385 796 3446 ad
819 3385 1017 3461 phaenomena
1041 3383 1169 3443 nondum

120 3475 281 3546 praesentia
293 3489 325 3533 se
339 3474 495 3548 porrigunt,
512 3486 571 3531 non
585 3471 773 3546 subaudiunt,
795 3471 845 3531 sed
859 3471 988 3530 inierunt
1007 3467 1168 3529 similitudl·

123 3571 190 3617 uem
203 3559 294 3618 loturi
308 3573 374 3617 cum
390 3562 541 3617 nansacto.

157 3643 216 3702 Hac
239 3644 485 3704 animadversione
500 3643 674 3718 praemissa,
700 3641 822 3702 dicimus
842 3641 918 3700 hanc
933 3639 1166 3713 similituninem,

125 3739 212 3798 quam
224 3730 374 3805 impugnat
391 3729 500 3803 Home,
517 3743 584 3788 cum
596 3743 656 3789 non
671 3726 863 3802 distinguatur
876 3725 913 3784 ab
927 3726 990 3800 ipsa
1003 3723 1170 3788 universali·

170 3912 182 3958 l
202 3917 298 3962 lesmor·
312 3916 339 3962 dt
355 3916 409 3973 Lop.
428 3929 440 3961 e
454 3917 510 3963 Met.
527 3918 580 3961 tom.
597 3915 621 3979 l,
636 3913 677 3962 lar.
693 3913 732 3961 52.

170 3988 188 4040 2
202 3991 258 4038 loco
274 4005 340 4054 snpra
354 3990 430 4054 citato,
445 3994 508 4054 purte
523 3991 548 4054 l,
565 4007 585 4039 c.
603 3990 627 4054 ὅ,
645 3993 680 4037 art
705 3991 728 4036 l.
