2767 4492
218 289 253 356 58
342 315 345 320 ·
588 339 590 344 ,
683 288 812 344 ἱθῦῐθλὲ

216 391 370 466 logismum
390 387 542 446 manifeste
561 382 721 444 resolvitur.
740 381 781 439 dd
794 380 984 440 substantiam
997 379 1076 441 enim
1091 378 1166 456 qued
1181 377 1267 458 perti.

215 479 274 542 net,
286 474 327 534 sic
339 471 476 547 procedit:
492 470 607 530 Planeta
620 468 652 541 A,
665 467 780 542 planeta
792 465 825 538 B,
836 464 950 540 planeta
965 465 995 537 G,
1005 466 1121 540 planeta
1136 466 1170 542 D,
1181 475 1210 528 et
1224 469 1268 529 sic

217 559 253 618 de
267 558 351 624 aliis,
369 563 400 615 ut
413 554 591 629 experientia
605 556 733 624 constat,
750 550 844 609 lucem
859 565 877 607 a
891 550 950 608 sole
964 549 1125 623 recipiunt;
1142 553 1221 625 atqui
1236 555 1268 612 hi

217 648 284 704 suut
297 641 428 717 planetae
443 653 543 698 omues
562 639 704 696 hacenus
722 634 847 708 cognid3
862 649 930 707 ergo
948 633 1080 708 planetae
1101 650 1201 695 omnes
1214 636 1266 696 ira·

216 731 316 786 ctenus
330 725 436 800 cogniti
449 725 544 783 lucem
557 738 575 782 a
590 721 647 782 sole
662 719 814 794 recipiunt.

133 863 136 868 .
252 811 285 870 it
298 811 465 884 plerumque
480 806 577 866 omnia
590 803 774 880 particularia
784 804 1005 878 circumspicere
1013 810 1042 863 et
1050 804 1206 878 periclitari
1214 806 1267 866 im·
1379 856 1380 883 Ξ

215 893 350 968 possibile
364 899 416 953 est.
437 894 515 951 ilinc
530 890 655 950 inductio
675 893 808 948 contenta
820 893 865 946 est
878 889 1093 948 enumeratione
1110 890 1266 965 incomple·
1379 886 1380 899 ³

217 983 255 1050 ta3
272 977 412 1051 siquidem
427 991 485 1035 non
500 976 629 1035 omnium
644 971 871 1048 particularium,
882 973 934 1032 sed
943 973 1145 1032 nonnullorum
1155 978 1266 1033 unium

215 1062 412 1122 observatione
427 1067 477 1120 aut
490 1057 687 1135 experimento
702 1057 811 1117 nititur.
828 1057 904 1116 Haec
918 1058 1007 1116 ctiam
1018 1057 1146 1116 inductio
1159 1058 1196 1116 ad
1208 1058 1266 1132 syl-
1380 1084 1381 1147 q

216 1147 368 1220 logismum
384 1147 499 1205 tandem
512 1145 643 1218 refertum,
661 1142 738 1215 quod
751 1157 803 1216 per
816 1157 847 1200 se
860 1140 988 1214 clarebit,
1000 1140 1026 1199 si
1039 1141 1102 1200 eius
1115 1157 1266 1215 processus

217 1230 317 1290 intime
331 1234 504 1304 penetretur.

248 1315 415 1374 Huiusmodi
429 1314 571 1386 inductio,
589 1327 663 1387 quae
681 1326 740 1370 non
754 1311 786 1370 in
804 1311 934 1369 omnium
952 1311 1003 1369 sed
1021 1310 1182 1383 adquorum
1196 1326 1265 1371 enu-

215 1400 372 1458 meratione
389 1399 542 1470 fundatur,
559 1397 710 1469 diligenter
725 1411 826 1454 cavere
841 1394 976 1452 debetne
994 1399 1100 1452 temere
1114 1394 1264 1468 pauciores
1381 1372 1382 1455 Ῐ

216 1498 298 1542 casus
312 1483 442 1541 observet
457 1497 544 1554 quam
557 1496 610 1554 par
624 1481 661 1538 sit
676 1480 713 1537 ad
728 1479 836 1552 aliquid
850 1478 1007 1551 generatim
1021 1477 1057 1535 de
1070 1477 1205 1536 omnihus
1222 1480 1266 1536 in·

214 1567 373 1625 terendum.
390 1566 467 1623 Tunc
482 1564 560 1623 enim
570 1563 671 1621 vitiosa
680 1565 757 1621 esset
771 1561 906 1634 inductio,
918 1577 936 1619 a
948 1560 1067 1619 verimte
1076 1559 1179 1633 aliena,
1191 1562 1266 1620 etad

214 1648 443 1709 concludendum
456 1647 574 1706 omnino
587 1646 693 1719 impar3
711 1646 816 1720 quippe
830 1660 898 1703 cum
910 1645 942 1703 in
955 1644 1102 1718 sophisma
1115 1644 1264 1718 incideret,

214 1749 270 1808 quo
283 1746 436 1806 perperam
450 1729 487 1789 ab
500 1729 655 1790 individuis
670 1731 708 1790 ad
721 1729 846 1804 speciem
859 1734 888 1788 et
902 1744 920 1788 a
934 1728 1029 1802 specie
1045 1729 1082 1788 ad
1094 1728 1266 1802 genusiltil
1289 1789 1295 1796 ,
1382 1708 1383 1757 ³

214 1817 290 1876 latio.
307 1817 378 1876 Nam
392 1816 445 1874 etsi
460 1815 535 1889 quod
554 1829 705 1874 commune
723 1829 787 1874 esse
805 1813 1002 1880 convincitur,
1017 1813 1096 1873 idem
1109 1812 1266 1872 individuis

215 1899 349 1961 omnibus
363 1899 433 1958 insit
447 1914 564 1960 necesse
578 1904 638 1972 est3
655 1914 714 1957 non
728 1903 824 1958 umen
842 1903 942 1958 contra
960 1896 1036 1971 quod
1053 1896 1208 1956 individuis
1221 1897 1266 1954 in·

214 1988 276 2056 esi,
291 1983 367 2056 idem
387 1983 520 2042 continuo
539 1997 690 2042 commune
708 1999 771 2043 esse
784 1983 972 2042 convincitur.
994 1982 1028 2041 tit
1044 1984 1099 2040 noc
1116 1996 1155 2040 ex
1170 1995 1265 2054 luitpe-

214 2073 307 2126 ctione
321 2066 532 2126 individuorum
546 2072 664 2141 constet,
674 2068 829 2142 requiritur
843 2083 913 2126 sane
927 2065 1267 2140 utostendaturpliaeno-

213 2166 320 2210 menon
334 2150 403 2210 illud
417 2151 447 2210 in
462 2151 615 2212 individuis
628 2153 782 2227 procedere
795 2167 854 2211 non
868 2167 886 2211 a
900 2151 1072 2226 proprietate
1085 2150 1181 2224 aliqua
1190 2149 1265 2220 indi·
1321 2213 1325 2221 ,

213 2235 321 2295 viduali
336 2241 385 2296 aut
403 2236 556 2296 aiortuitis
575 2237 815 2303 circumstantiis,
832 2237 883 2294 sed
902 2251 919 2293 a
937 2236 1108 2310 proprietate
1125 2249 1200 2308 quae
1214 2235 1266 2293 toli

213 2319 318 2394 speciei
333 2320 493 2380 eommunis
508 2321 553 2394 sit;
571 2326 655 2395 atque
669 2321 733 2381 ideo
747 2321 921 2379 inomnibus
930 2319 1085 2378 individuis
1093 2319 1197 2392 vigeat.
1214 2318 1265 2377 Tot

212 2403 299 2476 igitur
312 2404 458 2464 individua
473 2405 632 2464 examinari
642 2404 756 2477 debent,
767 2420 801 2463 ac
816 2403 924 2463 tamdiu
934 2403 1096 2462 observatio
1109 2407 1139 2460 et
1152 2401 1264 2475 experi-

214 2495 314 2548 menta
327 2489 456 2548 iteranda
467 2495 535 2549 sunt
549 2495 633 2562 atque
649 2488 851 2561 continuanda,
862 2489 953 2548 donec
962 2488 1037 2546 adid
1049 2486 1266 2560 liquidodigno-

213 2573 352 2630 scendum
360 2573 551 2646 perveniatur.
563 2573 640 2631 lunc
650 2578 762 2630 tantum
771 2573 948 2631 enumeratio
956 2572 1006 2631 illa
1012 2571 1183 2646 incompleta
1189 2571 1264 2629 indi·

214 2653 365 2712 viduorum
380 2655 426 2713 ius
435 2655 514 2712 dabit
528 2656 564 2712 ad
578 2655 656 2713 idem
665 2656 850 2715 asserendum
859 2657 895 2715 de
909 2661 967 2714 tota
980 2656 1074 2729 specie
1083 2660 1112 2714 et
1125 2655 1163 2713 ad
1171 2655 1265 2728 legem

212 2735 404 2795 universalem
419 2738 633 2811 affirmandam,
650 2755 707 2812 qua
721 2746 857 2813 regantur
871 2740 959 2799 etiam
972 2740 1120 2798 individua
1134 2739 1264 2798 nondum

210 2821 368 2896 observatu
385 2823 675 2896 atqueidinierturvi
685 2824 933 2898 illiusaxiomatis3
949 2824 1064 2884 mem
1074 2823 1263 2899 ccusocpiq·

212 2907 289 2968 uicos
297 2907 408 2967 eosdem
417 2923 530 2983 semper
535 2909 707 2983 producunt
716 2909 839 2984 effectos,
851 2916 901 2970 aut
914 2909 990 2983 quod
1002 2910 1080 2969 idem
1088 2914 1179 2969 sonat:
1191 2907 1265 2982 ope

212 3001 342 3052 caturae
351 3001 422 3052 curti
432 3001 604 3053 constantes.

247 3077 281 3136 Ut
294 3079 414 3152 quisque
428 3077 513 3151 videt,
527 3079 566 3150 ¹in
580 3095 614 3138 eo
628 3093 698 3138 casu
712 3079 839 3138 inductio
853 3079 1036 3138 convolutum
1049 3078 1104 3137 sibi
1113 3077 1265 3151 habetqu-

211 3160 372 3236 logismum,
384 3163 415 3221 in
424 3176 510 3236 quem
525 3162 643 3236 proinde
658 3163 751 3223 evolvi
764 3166 866 3237 potest.
882 3163 953 3222 Huic
965 3163 1044 3221 enim
1052 3161 1264 3221 ratiocinationi

213 3247 389 3318 aequivalet:
411 3248 495 3306 Facta
509 3249 687 3321 experientia
699 3249 894 3308 manifestavit
906 3250 1124 3323 phaenomenon
1137 3248 1161 3306 Β
1175 3249 1206 3306 in
1220 3249 1264 3306 in·

213 3327 345 3396 dividuis,
362 3346 434 3403 quae
449 3331 599 3390 observata
614 3337 689 3405 sunt,
701 3334 854 3405 procedere
868 3349 926 3392 non
942 3349 1042 3393 acasu
1055 3333 1150 3407 aliquo
1159 3337 1209 3391 ant
1224 3347 1264 3392 ex

212 3411 380 3471 individuali
397 3415 521 3486 quadam
534 3415 714 3488 proprietate,
726 3417 776 3474 sed
791 3418 884 3490 alege
897 3418 1022 3477 naturali
1037 3417 1264 3490 autaliquapro

212 3495 332 3570 prietate
347 3497 479 3570 specifica
493 3515 566 3572 quiae
581 3499 715 3557 omnibus
729 3499 884 3560 individuis
899 3502 982 3560 inest.
999 3503 1082 3574 liqui
1095 3501 1263 3574 legesnatu·

213 3595 262 3640 rae
277 3587 343 3640 sunt
357 3587 536 3656 constantes,
549 3587 578 3641 et
592 3583 691 3640 eadem
707 3597 793 3642 causa
812 3584 932 3659 physica
946 3585 1079 3643 emndom
1093 3599 1207 3658 semper
1221 3584 1262 3656 gl-

213 3663 275 3737 gnit
288 3663 429 3724 ellectum.
450 3665 522 3739 Ergo
540 3665 773 3740 quotiescumque
791 3672 921 3727 occurret
938 3668 1118 3727 individuum
1132 3667 1261 3726 eiusdem

213 3747 330 3820 speciei,
348 3763 398 3806 seu
410 3749 571 3822 praeditum
586 3749 685 3809 eadem
700 3751 833 3823 specifica
845 3751 1027 3824 proprietate,
1044 3751 1121 3810 idem
1136 3751 1262 3824 phaeno-

212 3845 318 3890 menon
331 3832 431 3905 procui
444 3833 531 3898 dubio
545 3838 689 3908 exsurget.
705 3834 825 3896 Videant
833 3835 986 3897 laconiam
995 3835 1070 3897 sitne
1078 3836 1126 3898 hic
1134 3835 1263 3911 epilogis

213 3929 278 3982 Illud
293 3931 332 3980 an
347 3931 440 3982 secus.
