2767 4492
236 321 289 383 tel
681 329 844 379 manmena

236 416 388 478 arbitrium
406 415 644 490 determinentur3
664 415 695 474 in
712 416 881 476 monarchia
899 429 967 476 vero
985 429 1046 476 non
1063 415 1217 496 arbitrium
1236 418 1289 476 sod

235 505 283 564 lex
300 503 431 576 imperet,
445 517 520 576 quae
534 501 600 561 licet
614 501 781 562 auctoritate
798 501 937 577 principis
950 503 1010 560 lata
1025 501 1072 574 sit,
1089 507 1201 575 amen,
1218 502 1289 561 dum
1369 490 1370 527 ³

236 593 342 661 manet,
363 587 458 662 ipsam
477 586 615 661 principis
633 587 808 646 voluntatem
827 587 884 647 sibi
904 587 1016 660 subdit,
1039 586 1135 646 ita-ut
1153 587 1190 645 ab
1208 589 1290 648 omni

236 689 354 750 prorsus
367 673 519 732 violatione
532 673 597 732 iura
612 670 756 732 sociorum
776 677 891 733 tutetur.
909 673 1013 732 Poterit
1027 670 1126 745 utique
1143 671 1288 747 princeps,

238 759 387 820 sibonum
407 757 511 817 sociale
525 757 555 816 id
576 757 657 830 ierat,
679 757 773 830 legem
791 758 951 831 generatim
969 757 1116 830 abrogare,
1140 762 1191 816 ant
1208 757 1241 816 in
1260 773 1290 815 a·

238 845 308 906 liam
321 849 501 916 convertere,
517 843 566 901 sed
582 842 672 901 donec
685 839 716 900 id
730 841 789 916 ilat,
807 842 852 901 ios
866 857 924 901 non
938 841 1026 900 babet
1039 841 1196 900 definiendi
1210 841 1292 915 quid·

238 945 326 1005 quem
346 929 422 1003 quod
443 927 605 1002 vigentibus
628 927 741 1001 legibus
762 928 939 987 adversetur.
962 926 1112 986 Societatis
1133 927 1213 986 enim
1232 943 1291 987 nou

239 1014 372 1075 dominus
385 1019 437 1085 est,
455 1013 506 1072 sed
518 1018 624 1086 rectum
640 1018 726 1086 atque
743 1013 780 1070 ad
793 1028 829 1072 ea
847 1018 957 1071 tantum
973 1027 1005 1070 se
1021 1011 1167 1086 porrigere
1184 1019 1289 1086 potest,

239 1100 275 1159 ad
290 1115 364 1174 quae
379 1098 471 1157 civilis
490 1102 614 1172 potestas
629 1096 969 1171 diversisiunctionibns,
988 1112 1061 1170 uuas
1080 1096 1291 1170 complectitur,

241 1201 271 1248 se
286 1184 438 1260 protendit.
455 1185 488 1244 lt
501 1198 564 1242 rem
577 1183 697 1242 delinire
711 1187 811 1241 contra
826 1181 896 1255 legis
910 1181 1119 1256 praescriptum
1132 1179 1170 1238 ad
1184 1180 1294 1240 nuliam

241 1270 417 1330 auctoritatis
438 1269 616 1328 functionem
639 1267 773 1342 pertinet.
798 1267 859 1326 Non
879 1267 996 1341 quidem
1019 1267 1056 1325 ad
1080 1264 1291 1339 legislativum,

241 1355 310 1430 quia
325 1369 383 1414 non
398 1355 529 1414 conditur
543 1368 617 1413 nova
632 1353 695 1427 lex,
713 1368 770 1411 non
785 1367 852 1411 vero
867 1351 903 1410 ad
919 1349 1117 1424 executivam,
1135 1350 1183 1410 cui
1198 1350 1293 1424 potius

245 1442 419 1502 adversatur.
440 1440 511 1513 lirgo
530 1438 691 1512 arbitrium,
710 1437 767 1512 legi
782 1436 964 1506 dissentiens,
981 1435 1136 1512 imperanti
1153 1440 1294 1511 compete·
1369 1508 1370 1527 Χ

241 1541 273 1587 re
293 1525 475 1586 nullomodo
493 1529 594 1600 potest.

278 1613 349 1670 ilinc
370 1616 465 1669 tomen
484 1609 604 1668 minime
623 1608 753 1683 seqnitur
772 1623 830 1668 non
847 1623 932 1683 posse
952 1621 1102 1682 supremos
1120 1606 1296 1681 imperantes

242 1696 313 1770 legis
331 1694 501 1770 quaudoque
518 1693 716 1767 exceptionem
731 1694 834 1766 iacere,
857 1694 918 1752 sive
936 1693 973 1751 ad
991 1691 1227 1752 beneiacicndum
1245 1691 1297 1751 ali-

244 1781 301 1852 cui,
323 1780 382 1838 sive
398 1779 434 1837 ad
449 1793 570 1852 poenam
586 1778 713 1851 aliquam
727 1779 955 1838 condonandam.
972 1767 1044 1837 Nam
1063 1777 1094 1836 id
1110 1776 1220 1851 quoties
1237 1791 1298 1835 non

245 1872 351 1924 temere
372 1865 421 1922 iiat
446 1863 497 1922 sad
521 1861 626 1921 intuitu
648 1861 717 1922 boni
738 1864 900 1923 communis
919 1879 973 1922 nec
994 1862 1084 1922 ullum
1107 1862 1226 1922 alterius
1249 1861 1297 1921 ins

243 1949 355 2020 laedat;
369 1948 465 2020 logum
480 1945 678 2006 observantiae
692 1947 813 2008 minime
823 1948 999 2021 adversatur,
1010 1947 1061 2006 sed
1074 1946 1169 2021 potius
1185 1947 1221 2004 ad
1238 1946 1297 2006 cle·

244 2034 422 2094 mentiamet
441 2030 641 2090 liberalitatem
663 2032 801 2106 principis
826 2033 956 2107 pertinet.
983 2032 1017 2090 Et
1039 2047 1108 2091 sane
1127 2031 1172 2090 vis
1194 2030 1294 2104 legum
1369 2092 1370 2109 2

246 2119 276 2178 in
286 2115 491 2188 boccernitur;
508 2123 540 2174 ut
555 2116 591 2174 ad
602 2115 711 2176 bonum
725 2132 877 2177 commune
887 2117 1046 2176 conlocant.
1062 2117 1091 2176 si
1106 2115 1192 2190 igitur
1206 2117 1296 2190 (quod
1369 2126 1370 2189 ἶ

245 2217 303 2262 non
322 2217 386 2260 roro
406 2201 554 2276 contingit)
577 2201 610 2260 in
628 2208 734 2262 eventu
749 2203 844 2277 aliquo
859 2201 997 2277 peculiari
1018 2201 1127 2262 bonum
1141 2217 1299 2262 commune

246 2288 420 2348 scunarium
437 2287 529 2362 potius
546 2288 687 2361 postulare
703 2289 831 2362 videtur,
853 2287 994 2361 quamsit
1006 2288 1037 2345 id
1050 2287 1129 2361 quod
1142 2303 1160 2346 a
1173 2287 1237 2362 lege
1250 2303 1302 2360 ge·
1369 2358 1370 2365 ἵ

246 2371 367 2431 noratim
388 2372 600 2446 praescribitur,
618 2378 668 2432 aut
687 2374 712 2432 si
729 2374 826 2447 aliqua
840 2373 912 2432 ratio
929 2372 1099 2447 persuadeat
1118 2378 1188 2431 tunc
1204 2372 1303 2446 legem
1369 2394 1370 2451 p

247 2473 305 2517 non
319 2473 382 2518 esse
401 2459 619 2534 applicandam,
643 2465 720 2518 certe
737 2459 864 2533 ipsarum
886 2459 983 2532 legum
1001 2473 1059 2517 nou
1080 2457 1237 2516 materialis
1253 2458 1303 2515 lit·

247 2549 309 2604 tera
327 2545 376 2603 sed
395 2545 551 2618 spiritualis
570 2544 833 2617 intelligentialem
853 2549 883 2602 ut
902 2543 939 2602 iis
959 2544 1121 2618 derogetur.
1143 2545 1176 2602 lt
1193 2543 1223 2601 in
1244 2543 1304 2602 lroc
1369 2578 1370 2603 t

247 2630 375 2702 nullum,
396 2637 428 2688 ut
444 2630 589 2702 diximus,
611 2629 723 2688 iuribus
743 2629 884 2701 aliorum,
906 2643 942 2688 ne
964 2629 1052 2688 unius
1071 2628 1188 2702 quidem
1207 2627 1301 2701 civis,

248 2715 451 2774 detrimentum
465 2715 560 2773 aderri
575 2713 668 2772 debet.
686 2709 844 2773 Gratidcari
860 2714 939 2773 enim
957 2715 1039 2772 altori
1055 2729 1122 2773 cum
1137 2714 1243 2773 damno
1258 2713 1304 2771 al-

249 2799 338 2860 terins
355 2800 494 2859 iniustum
515 2804 574 2871 est,
594 2798 735 2858 iniustum
750 2803 848 2858 anum
866 2814 921 2860 nec
941 2799 1035 2860 littera
1053 2813 1107 2858 nec
1125 2799 1244 2872 spiritus
1260 2796 1304 2858 lc·

249 2899 319 2958 gum
334 2884 442 2942 dictare
461 2897 588 2956 unquam
611 2888 712 2956 potest.

285 2968 378 3027 Altera
397 2968 546 3041 potestatis
565 2969 733 3026 executivae
752 2968 803 3027 dos
825 2970 990 3028 fortitudine
1008 2974 1036 3028 et
1052 2968 1153 3034 robore
1173 2967 1304 3028 continc·

232 3109 236 3118 ,
251 3059 305 3112 tur.
317 3053 547 3123 Facultasenim,
560 3067 633 3126 puae
648 3054 847 3114 executionem
861 3055 986 3129 respicit,
997 3055 1166 3114 eisscacitato
1183 3053 1241 3112 irai
1251 3053 1303 3111 do·
1369 3050 1370 3101 i

249 3139 314 3211 bei,
332 3153 414 3197 secus
429 3153 641 3212 supervacanea
656 3138 729 3198 ioret
748 3144 776 3198 ct
793 3155 866 3199 onus
880 3139 985 3198 frustra
999 3140 1140 3199 additum.
1156 3139 1228 3198 Hinc
1243 3139 1303 3196 diro

250 3225 450 3298 reqrriruntur:
471 3223 596 3304 perlecta
610 3222 806 3284 subordinatio
820 3229 849 3283 et
865 3225 907 3283 vis
922 3224 1059 3284 coactiva.
1076 3224 1301 3298 subordinatio,

251 3307 1304 3384 iuquam,periectarequiritur;siquidemadapplicationemlcomvmpro

252 3394 409 3454 curandam
425 3408 499 3452 unus
513 3407 563 3467 per
577 3409 607 3452 so
623 3408 681 3452 non
695 3394 811 3467 suflicit,
824 3394 875 3452 sed
885 3394 980 3468 plures
994 3396 1179 3467 magistratus
1194 3394 1305 3468 pluras-

250 3495 306 3554 que
320 3478 482 3538 administri
495 3479 649 3538 necessarii
664 3485 742 3553 sunt,
754 3479 934 3553 potissimum
948 3481 977 3540 iu
994 3480 1141 3554 republica
1156 3479 1228 3539 satis
1242 3494 1307 3538 am·

252 3565 315 3639 pia,
338 3579 412 3638 quac
430 3563 460 3622 in
475 3561 602 3622 diversas
616 3563 778 3638 provincias
792 3563 942 3638 dispartita
956 3581 1008 3639 per
1021 3565 1148 3626 diversos
1162 3565 1308 3639 guberna-

254 3643 328 3708 tores
343 3649 460 3722 regitur.
480 3649 535 3706 Hos
552 3648 678 3722 proiecto
697 3650 737 3707 ita
755 3649 927 3710 distribuere
945 3656 975 3710 et
989 3651 1064 3710 iuter
1081 3665 1112 3710 se
1132 3657 1309 3710 connectere

253 3737 378 3807 oportet,
394 3737 426 3792 ut
440 3731 489 3791 alii
504 3733 663 3792 subdantur
677 3734 741 3793 aliis
760 3735 843 3794 iuxta
856 3735 950 3794 varias
965 3735 1222 3796 administrationis
1237 3751 1309 3810 par-

254 3821 306 3888 tos,
319 3820 348 3873 ot
362 3817 397 3874 ad
413 3817 508 3892 aliqua
518 3818 605 3876 veluti
621 3819 715 3894 capita
729 3826 906 3894 revocentur,
918 3821 1170 3896 quaeimmcdiatc
1181 3820 1309 3894 iungan-

256 3907 301 3957 tur
319 3901 421 3960 rectori
436 3901 522 3961 uoico
537 3907 565 3962 ct
580 3919 733 3978 supremo,
752 3922 770 3965 a
789 3921 845 3980 quo
866 3911 961 3967 motos
975 3906 1068 3969 omnis
1088 3910 1117 3966 ct
1136 3905 1192 3967 vitu
1206 3905 1313 3985 laguna
