2767 4492
214 334 266 394 136
650 338 813 386 mensura
840 353 845 360 ·

212 435 322 490 nueret.
338 427 394 492 Neo
408 445 427 490 a
441 425 567 488 carentia
577 425 739 486 evidentiae
747 424 874 498 legitima
882 421 1029 482 excusatio
1037 421 1129 497 repeti
1144 428 1250 499 possen

212 517 277 589 uisi,
296 521 473 590 praepostero
488 512 671 582 ordineretio
686 510 808 569 liniteet
821 507 933 568 veritati
948 507 1073 576 subdita,
1084 507 1115 567 in
1125 510 1252 569 veritatis

212 618 285 676 quiae
307 601 418 660 infinita
433 607 491 670 est,
513 611 680 656 mensuram
702 600 731 655 et
748 594 894 654 dominam
915 600 1106 652 convertatur.
1126 595 1249 670 Veritas,

211 687 235 744 si
247 685 368 758 amplior
383 690 478 744 mente
494 682 621 741 humane
636 686 691 754 est,
704 680 866 739 necessario
879 679 1022 754 duplicem
1036 681 1152 739 modum
1168 681 1253 740 habet

211 787 241 828 so
256 770 349 829 cidem
366 768 582 826 manifestandi.
595 767 672 826 Unus
682 771 727 824 est
740 763 892 837 evidentia,
905 765 1015 838 quoties
1029 765 1167 837 agiturde
1176 766 1253 826 obie-

210 861 270 926 cto,
288 853 363 927 quod
385 855 491 912 mentis
506 859 617 911 creatae
633 850 738 910 limites
752 865 810 910 nou
825 848 953 922 excedit3
970 849 1042 909 alter
1055 857 1098 908 est
1111 865 1193 909 mera
1206 867 1253 910 eu·

209 940 332 1011 moritus,
344 939 455 1012 quoties
472 939 506 995 ilc
521 937 630 996 obiecto
647 936 742 1008 agitur
760 935 836 1009 quod
853 935 930 994 illius
945 935 1036 994 aciem
1050 937 1254 1010 praetergredi-

210 1031 270 1082 tur..
280 1025 310 1082 lu
326 1023 480 1096 posteriore
491 1022 544 1080 lroc
554 1037 621 1080 casu
636 1037 696 1081 uon
710 1021 793 1079 aliter
806 1021 958 1094 procedere
972 1020 1082 1078 Veritas
1095 1026 1197 1094 potest,
1209 1022 1252 1080 ui·

209 1109 234 1168 si
249 1109 378 1181 dogmate
393 1107 565 1178 imponendo
580 1111 609 1164 ct
623 1105 800 1180 exquirendo
821 1121 940 1164 assensu
958 1109 1073 1178 propter
1095 1103 1253 1164 infallibili-

209 1199 295 1252 tatem
310 1208 366 1266 quta
383 1191 474 1263 pollet.
493 1190 533 1249 Eu
548 1189 638 1249 Fides.
651 1191 724 1250 Dum
734 1191 764 1248 id
774 1190 883 1272 Veritas
899 1196 1032 1264 praestat,
1053 1205 1105 1249 suo
1118 1189 1182 1248 iure
1197 1191 1252 1250 uli·

210 1283 273 1350 tur3
293 1275 339 1334 cui
354 1275 490 1349 refragari
504 1291 586 1334 mens
599 1276 707 1350 nequit,
718 1276 789 1349 quin
803 1291 834 1335 se
849 1275 1049 1350 perduellionis
1063 1273 1171 1348 flagitio
1185 1290 1253 1336 con-

210 1363 337 1422 toruluet.

560 1516 695 1590 CAPUT
710 1517 895 1590 TERTIUM

430 1731 471 1779 DE
486 1732 616 1780 OFFlCllS
632 1731 764 1780 HOMlNlS
780 1731 864 1780 nunt
879 1731 1019 1780 sntrsnn.

241 1889 378 1968 Obligatio
392 1895 441 1953 illa
455 1901 583 1970 naturae,
600 1913 657 1971 qua
671 1898 758 1957 lromo
773 1903 905 1972 respectu
921 1898 966 1958 sui
991 1899 1119 1958 actiones
1137 1898 1250 1973 aliquas

205 1979 307 2040 elicere
322 1986 371 2038 aut
385 1980 513 2038 omittere
529 1985 655 2056 leuetur,
680 1983 777 2040 ollicia
797 1983 924 2041 hominis
946 1997 1015 2057 erga
1036 1984 1162 2058 seipsum
1181 1999 1250 2057 sup·

57 2129 61 2138 ,
205 2065 321 2139 peditat.
335 2065 412 2132 Quod
423 2071 517 2122 autom
530 2083 629 2140 reapse
646 2067 755 2126 lromiui
769 2069 838 2126 ortlo
853 2074 973 2127 naturae
983 2068 1138 2142 praecipiat
1151 2073 1183 2124 ut
1197 2069 1250 2125 ali·

99 2152 105 2162 ’
206 2165 262 2222 qua
276 2149 382 2207 officiat
397 2149 440 2207 vel
456 2151 575 2223 omittat,
593 2167 666 2224 quae
681 2153 718 2208 ad
733 2153 828 2226 ipsum
846 2153 995 2211 hominem
1006 2155 1173 2224 referantur,
1183 2166 1248 2224 per-

204 2233 287 2292 facile
303 2235 440 2292 iudieium
450 2241 501 2293 est.
517 2237 662 2294 Nauteam
679 2237 764 2296 lromo
780 2253 921 2311 personae
939 2238 1201 2311 diguitetcornetur
1214 2251 1250 2296 en

203 2327 334 2378 naturam
353 2321 510 2393 susceperit
524 2321 747 2396 perfectibilem3
772 2324 874 2397 aequit
887 2325 1014 2398 prolecto
1030 2323 1113 2381 aliter
1128 2338 1159 2381 se
1174 2321 1250 2380 ordi-

203 2403 310 2462 nationi
326 2405 440 2462 divinae
450 2405 674 2478 accommodare,
685 2406 743 2464 uisi
753 2406 828 2464 lianc
839 2422 908 2465 suae
920 2405 1249 2465 naturaeexcellcotiam

203 2495 365 2546 retenentur
380 2491 582 2562 observetque,
600 2496 685 2562 atquo
701 2491 741 2549 ita
756 2507 786 2550 se
801 2498 881 2563 gerat
903 2491 1062 2564 operando,
1080 2497 1111 2547 ut
1130 2491 1168 2548 ad
1182 2506 1247 2564 per-

203 2572 354 2630 lectionem
369 2573 424 2632 silti
440 2574 613 2646 propositam
629 2577 736 2633 nitatur
762 2577 885 2634 assidue.
903 2576 932 2633 lrl
950 2590 1016 2632 vero
1032 2574 1109 2631 aliud
1126 2589 1185 2632 nou
1205 2581 1251 2634 est

203 2657 368 2730 quidquam,
385 2657 441 2715 uisi
457 2659 564 2716 bouum
580 2660 659 2717 iuxta
679 2660 788 2718 orcliuis
804 2658 1036 2733 praeceptionem
1055 2657 1111 2715 eibi
1125 2658 1198 2716 velle
1212 2674 1250 2717 ac

203 2756 365 2814 procurare,
381 2758 441 2815 seu,
458 2743 522 2801 aliis
537 2742 642 2810 teritis,
659 2759 690 2802 se
704 2745 834 2803 ordinato
850 2758 950 2801 amore
964 2741 1091 2814 diligere.
1108 2741 1248 2809 Quocirca

203 2845 260 2888 nou
276 2831 417 2889 immerito
428 2831 505 2890 dices
517 2833 611 2890 olllcia
622 2833 719 2890 omnia
729 2834 834 2907 quibus
846 2848 913 2906 erga
927 2831 1114 2904 nosmetipsos
1124 2830 1249 2889 adstrin-

201 2915 305 2988 gimur,
319 2917 354 2973 ad
370 2923 476 2975 rectam
493 2917 672 2976 dilectionem
688 2918 825 2989 revocari,
840 2925 925 2990 atque
939 2917 994 2974 lrac
1015 2915 1136 2974 lormula
1150 2915 1249 2989 expri-

201 3000 242 3056 mi
256 3015 352 3072 posse:
368 3001 506 3059 ordinato
518 3016 618 3060 umore
631 3009 656 3059 tc
666 3003 755 3075 alilipe
772 3005 796 3059 ⁴.
814 3003 883 3059 Cum
894 3017 960 3060 vero
974 3001 1093 3066 bonum,
1106 3000 1182 3073 quod
1198 3015 1246 3056 no-

202 3083 247 3141 his
263 3085 401 3157 volumno,
420 3084 464 3142 vol
480 3086 632 3144 existentia
646 3103 709 3145 esso
725 3087 822 3160 possit,
839 3086 884 3144 vel
900 3085 1049 3159 perfectio,
1066 3100 1140 3158 quae
1154 3084 1248 3157 ipsam

204 3179 321 3244 augeat3
338 3171 373 3229 de
389 3175 508 3245 utraque
523 3172 576 3230 lroc
590 3173 682 3245 eapite
699 3173 789 3231 tribus
804 3171 932 3230 articulis
947 3174 1123 3244 eloquemur.

247 3314 258 3359 l
279 3313 335 3361 iliae
352 3315 490 3378 perspicuum
504 3321 537 3363 cel
551 3315 658 3378 quomodo
674 3315 792 3379 amorrui,
810 3315 848 3378 qui
862 3317 952 3362 iunctm
967 3314 1051 3362 homini
1066 3313 1106 3377 osi,
1121 3312 1194 3375 alege
1209 3329 1248 3360 rae·

201 3391 262 3435 lurae
276 3390 421 3452 praecipiatur
436 3405 461 3436 ae
475 3391 529 3452 lepis
543 3391 632 3437 ntulerie
644 3407 691 3438 esse
701 3393 777 3454 possit.
797 3391 843 3437 Non
859 3392 918 3438 euim
934 3391 1040 3452 absoluto,
1052 3397 1117 3454 prout
1130 3389 1247 3450 generalius

200 3465 291 3511 allectus
306 3465 394 3528 quidam
411 3468 545 3514 necessarius
560 3467 680 3530 antilioli,
697 3467 849 3530 praecipilur3
865 3467 903 3513 sed
921 3473 986 3530 prout
1000 3464 1112 3513 reflexioni
1123 3464 1246 3519 subiicitur,

200 3544 222 3586 et
237 3541 295 3588 iuxta
310 3541 407 3588 debitum
423 3542 522 3588 ordinem
564 3543 648 3589 colione
664 3543 791 3603 dirigendus
806 3549 841 3589 est
853 3549 917 3606 alque
927 3541 1114 3589 determinandus.
1132 3538 1191 3584 Unde
1201 3553 1247 3584 uun

202 3619 245 3662 ism
261 3633 329 3682 atuor,
347 3633 411 3681 quam
426 3619 498 3680 polius
514 3619 566 3665 ordo
578 3621 601 3665 in
622 3635 695 3665 aruorc
712 3619 878 3666 constituendus
892 3635 967 3666 revere
978 3619 1119 3682 praecipitur.
1137 3616 1193 3662 ilinc
1208 3629 1251 3678 ep·

201 3698 263 3753 perci
276 3695 342 3740 elium
356 3711 420 3756 quum
432 3694 488 3740 tuale
502 3695 662 3741 Pullcnrlarllus
678 3701 700 3742 el
713 3695 842 3742 Thomasiur
856 3696 979 3742 ciliciorum
993 3695 1076 3740 iontem
1090 3693 1186 3740 hominia
1201 3706 1252 3751 erga

201 3767 297 3828 seipsum
311 3771 334 3816 iu
355 3771 474 3818 sueislilalc
487 3773 607 3834 posuerint.
624 3775 660 3818 Sic
679 3773 739 3819 onim
760 3773 833 3820 ollicie
853 3773 950 3820 hominis
964 3787 1015 3832 erge
1025 3772 1122 3832 seipsum
1136 3769 1164 3815 etl
1179 3767 1252 3814 ottus

199 3841 295 3888 hominis
315 3861 365 3906 erge
384 3845 438 3894 alios
457 3847 607 3910 referrentur-5
625 3847 946 3910 montemmaranum,
972 3847 1054 3910 quippe
1072 3846 1139 3895 homo
1154 3859 1253 3892 mum

201 3919 266 3967 etium
281 3927 380 3988 acceptus
395 3923 520 3972 ordinatum
533 3939 628 3972 eruorem
644 3923 685 3988 ‚siti
703 3925 774 3976 dehet.
1016 3932 1019 3938 “
