2767 4492
413 369 415 372 Ι
498 300 579 347 rums
595 299 738 347 utrumn
1098 288 1148 351 att

102 389 194 464 aliqua
218 386 409 447 determinata
430 400 553 460 persona
570 384 705 457 exigatur
720 385 745 441 t,
770 382 881 457 Contra,
899 392 1027 461 poclum
1046 388 1151 447 sociate

99 490 152 533 nun
166 474 295 548 agnoseit
310 472 366 531 nisi
381 470 502 530 liberam
518 467 724 542 paciscentium
744 466 928 543 voluntatem,
949 485 1004 529 nec
1022 471 1148 531 admittit

99 560 185 619 ullum
200 558 315 617 titulum
329 572 386 633 quo
395 554 649 629 independenlcra
658 567 801 613 consensu
811 552 1003 615 mrdlitudinis
1013 556 1151 632 cuiquam

100 649 238 719 competat
251 644 297 703 ius
312 641 485 715 imperandi.
558 684 569 709 .

132 728 174 789 tt.
192 728 295 787 Snarez
309 727 409 786 statuit
423 739 588 801 supremam
602 726 782 799 potestatem,
798 722 886 782 etiam
897 738 965 783 cunr
975 724 1006 785 in
1019 727 1149 789 multitu·

11 805 12 854 3
100 815 163 875 dine
184 814 299 887 residet,
322 829 385 873 uon
403 828 460 872 csse
474 812 509 870 iu
529 828 563 870 eo
581 810 813 869 immutabiliter
827 814 859 883 ²3
877 826 910 869 ac
925 810 1054 886 proinde,
1076 820 1151 887 post·

101 915 184 973 quam
197 899 229 958 in
246 899 409 958 subiectum
424 897 541 972 aliquod
555 896 776 955 determinatum
787 895 923 955 translata
933 900 986 969 est,
997 912 1055 955 nou
1068 912 1151 973 possa

11 1005 12 1008 ¹
101 983 248 1058 ampliusa
261 983 384 1043 subditis
398 980 490 1056 repeti
507 982 532 1039 ³.
546 980 656 1053 Contra,
671 978 909 1055 pectumroriutc
923 980 1151 1043 comminiscitur
1227 1008 1230 1017 =

101 1082 262 1143 supremam
282 1072 451 1143 potestatem
474 1064 664 1125 essentialiter
684 1071 713 1123 et
733 1064 951 1124 immutabiliter
972 1065 1099 1127 residere
1120 1066 1152 1129 iu

100 1152 290 1225 multitudine,
307 1154 348 1211 ita
363 1158 393 1211 ut
407 1151 445 1211 ab
461 1151 512 1211 illa
525 1150 666 1211 remoueri
680 1154 730 1208 aut
744 1148 863 1209 alienari
877 1155 1012 1226 nequeat.

133 1237 204 1311 Ergo
219 1237 348 1296 doctrina
364 1236 460 1296 Suarii
473 1241 502 1313 et
517 1233 756 1295 scholasticorum
776 1238 888 1293 tantum
903 1234 1046 1309 discrepat
1065 1246 1150 1315 poeto

99 1322 207 1393 sociati,
224 1326 364 1395 qnantum
383 1321 549 1395 discrepant
563 1319 686 1379 rotunda
699 1316 857 1395 onomatis,
872 1323 921 1381 aut
942 1318 1046 1382 melius
1061 1336 1151 1398 quan·

102 1412 159 1465 tum
174 1406 327 1465 altirmatio
342 1422 360 1465 a
374 1407 529 1481 negatione
545 1405 672 1464 dissidet.

136 1490 265 1565 Urgebis:
289 1490 391 1551 saltem
410 1491 541 1552 doctrina
559 1490 653 1551 Suarii
673 1489 806 1551 dissentit
827 1490 863 1551 ab
883 1506 927 1566 ca,
949 1506 1024 1567 qnae
1045 1492 1077 1553 iu
1096 1492 1151 1553 boe

10 1613 11 1642 ;
100 1575 172 1635 libro
186 1576 330 1649 explicata
346 1582 401 1635 est.

136 1663 218 1735 ltesp.
234 1662 350 1721 Etiamsi
360 1654 535 1722 idabsolute
548 1662 675 1735 daretur,
692 1662 764 1737 qnid
782 1662 908 1737 legitime
921 1662 1023 1724 interri
1037 1667 1152 1740 posset?

100 1747 130 1806 ln
144 1746 369 1823 philosophando
384 1763 442 1807 non
458 1747 636 1807 auctoritatis
652 1747 749 1821 ductu,
767 1749 817 1807 sed
832 1756 1067 1822 argumentorum
1083 1766 1153 1825 pou·

91 1833 167 1900 ,dere
185 1832 389 1907 disputandum
403 1838 455 1891 est.
473 1832 603 1891 Ceterum
623 1831 816 1907 discrepantia
829 1832 906 1892 inter
927 1848 980 1893 nos
1001 1841 1030 1893 et
1048 1834 1152 1895 Suurou

101 1926 217 1979 nonest
234 1924 321 1991 unm,
339 1924 475 1992 quantam
493 1917 612 1976 tortasse
626 1916 782 1975 adversarii
797 1909 961 1991 opinentur.
971 1919 1041 1979 Nam
1051 1919 1082 1978 in
1093 1920 1151 1997 pri·

100 2003 156 2062 mis
169 2018 236 2062 cum
250 2002 311 2077 ipso
328 2002 410 2077 plane
424 2002 622 2060 consentimus
643 2000 738 2075 quoad
758 2000 945 2061 rciiciendum
965 2008 1082 2077 pactum
1105 2020 1151 2064 so·
1205 2044 1211 2057 ,

102 2090 174 2149 ciale
189 2090 220 2148 in
235 2104 321 2148 senso
337 2104 354 2146 a
368 2089 514 2148 linusseau
528 2092 615 2159 atque
630 2102 648 2143 a
663 2088 887 2161 protestantibus
898 2090 1051 2151 adstructo.
1068 2091 1153 2151 Dein·

100 2175 137 2234 de
151 2173 345 2233 consentimus
360 2171 447 2231 etiarn
464 2170 558 2244 quoad
573 2170 716 2244 originem
731 2173 878 2245 potestatis
892 2189 910 2233 a
923 2174 979 2233 ileo
1003 2180 1151 2252 tamquam

101 2260 138 2317 ab
153 2264 267 2317 anctore
282 2261 411 2327 naturae,
429 2260 458 2313 et
472 2254 626 2313 ridiculum
641 2248 836 2315 commentum
847 2256 974 2331 plebeiae
987 2262 1153 2323 otoimtetis

103 2343 134 2417 (il
149 2342 248 2416 popolo
259 2340 392 2413 serrano)
408 2339 483 2398 inter
497 2338 621 2412 ineptius
635 2339 834 2398 emundamus.
846 2341 967 2401 'lantum
982 2346 1094 2405 cumde
1105 2363 1154 2420 po-

104 2427 212 2487 tcstatis
228 2424 464 2485 determinatione
479 2424 573 2497 quoad
588 2422 732 2497 peculiare
747 2423 909 2482 subiectum
929 2426 1033 2501 agitur,
1058 2430 1155 2505 aliqua

101 2513 263 2573 differentia
277 2517 333 2585 est3
350 2526 423 2586 qnae
437 2510 461 2568 si
477 2524 535 2567 non
549 2508 664 2583 penitus
678 2506 767 2575 demi,
784 2507 886 2565 saltem
900 2508 936 2566 ad
952 2510 1088 2571 minimos
1099 2520 1154 2573 tor-

101 2599 196 2657 miuos
217 2597 314 2657 reduci
339 2601 439 2671 potest.
456 2596 587 2671 Numer
605 2607 663 2652 una
685 2596 765 2666 perte
787 2608 840 2651 nos
860 2592 985 2653 latemur
999 2594 1154 2669 aliquando

102 2684 268 2757 contingere
282 2697 364 2757 posse
379 2686 410 2739 ut
425 2679 586 2739 subiectum
601 2676 777 2737 aucmritatis
793 2676 999 2740 determinetur
1012 2694 1049 2737 ex
1064 2680 1154 2741 libero

102 2783 261 2840 consensn3
278 2782 344 2826 cum
359 2764 492 2823 uidelicet
507 2763 687 2838 casualiquo
702 2760 828 2821 familiae
849 2760 893 2821 rel
913 2762 1062 2823 individua
1080 2766 1156 2825 inter

102 2870 134 2913 se
144 2854 261 2911 omniuo
276 2849 496 2923 independentia
505 2855 534 2907 et
544 2855 629 2907 antea
640 2847 718 2907 trullo
733 2846 880 2906 communi
890 2848 1006 2908 vinculo
1017 2849 1090 2910 iuris
1101 2852 1153 2911 ad-

101 2938 202 2997 stricta
214 2937 245 2994 in
265 2935 429 2993 societatem
443 2933 627 2993 conveniunt.
642 2934 686 2991 Er
700 2932 757 2991 alia
775 2948 842 2991 vero
856 2938 935 3007 parte
950 2934 1055 2995 suarez
1069 2936 1154 2996 nobis

8 3019 14 3030 '
102 3021 234 3082 concedit
247 3019 401 3095 aliquando
415 3018 577 3078 subiectum
588 3018 642 3076 boc
652 3016 838 3099 determinari
848 3032 886 3077 ex
895 3017 959 3079 inre
969 3018 1064 3096 aliquo
1075 3036 1156 3096 prae·

102 3106 230 3180 volente,
247 3104 390 3181 siquidem
404 3102 534 3180 agnoscit
548 3102 663 3162 iustum
683 3102 806 3163 titulum
820 3118 877 3179 quo
892 3103 1012 3165 societas
1027 3106 1157 3182 quaudo-

151 3279 163 3325 l
186 3298 195 3321 ι
215 3280 346 3339 soutinperc
365 3282 438 3341 polest
457 3281 483 3324 ul
495 3275 620 3339 respublica
634 3290 673 3339 per
693 3275 776 3323 iustum
791 3275 873 3325 bobum
893 3277 1024 3327 subiicistrrr
1040 3314 1046 3326 .
1065 3314 1071 3326 .
1090 3314 1096 3327 .
1115 3315 1120 3326 .
1137 3286 1160 3328 ot

106 3377 115 3399 .
135 3361 189 3403 tune
200 3356 248 3421 lpus
263 3367 367 3403 reamur
382 3356 470 3404 terem
481 3358 504 3400 st
517 3364 657 3401 cessurum
674 3352 814 3401 collectioni.
831 3374 839 3395 .
857 3356 891 3403 ι),
907 3358 961 3415 209,
977 3356 994 3403 1,
1011 3356 1035 3419 5,
1052 3372 1071 3402 e.
1089 3358 1113 3420 a,
1130 3356 1157 3421 g,

101 3436 125 3481 d.
144 3434 245 3481 Iterum:
271 3453 280 3475 ι
305 3432 338 3478 sb
353 3432 397 3478 elio
409 3432 504 3478 bebents
523 3435 652 3494 potestatem
667 3433 689 3476 el
703 3429 792 3477 titulum
808 3430 890 3477 iustum
909 3436 981 3496 potest
997 3432 1035 3479 teli
1051 3436 1158 3497 potestate

105 3510 217 3574 eprireri
237 3513 260 3557 et
278 3510 302 3557 iu
318 3508 414 3574 aliquem
432 3506 598 3576 perseueraret
619 3510 720 3558 reustum
740 3506 862 3559 transferri.
883 3528 892 3553 ι
917 3511 971 3577 De(-
990 3510 1059 3559 Fttrt
1081 3510 1098 3559 l,
1121 3508 1154 3575 t,

105 3586 251 3649 ωῆ55
374 3627 377 3638 ,

152 3662 278 3722 2Delep.
297 3662 313 3707 l.
330 3662 355 3725 il,
372 3678 391 3708 e.
408 3662 432 3726 ll,
449 3660 476 3727 5
494 3662 517 3708 t.

151 3736 167 3781 t
182 3737 296 3784 hostete
311 3741 417 3801 potestate
431 3738 455 3783 in
470 3752 552 3800 nepem,
563 3752 603 3801 per
619 3738 681 3785 iliam
701 3738 759 3803 (rer)
773 3738 868 3787 eifleilur
884 3739 983 3804 superior
1007 3740 1073 3789 etium
1086 3756 1156 3803 repro

104 3831 114 3853 ι
132 3812 192 3873 quod
203 3813 264 3860 illem
275 3814 343 3877 dedit,
361 3816 413 3878 quie
426 3814 500 3862 dendo
515 3814 576 3862 iilam
590 3831 614 3863 se
628 3815 722 3863 subiecit
737 3820 759 3864 el
774 3816 841 3879 priori
856 3818 957 3867 libertate
973 3817 1075 3883 priserit.
1095 3838 1104 3861 ι
1124 3820 1159 3869 De

100 3890 157 3949 Lep.
176 3887 193 3933 l.
208 3890 233 3953 5,
248 3906 267 3937 c.
284 3892 308 3954 d,
324 3890 349 3957 5.
367 3892 390 3938 d.

924 3972 959 4032 12
