2767 4492
196 238 231 311 lt
457 269 464 274 ·
520 301 525 313 ,
636 256 797 310 maneum

105 407 110 416 ,
195 347 229 407 at
243 361 312 407 saue
327 345 392 422 orris
403 349 446 407 est
462 343 532 406 adeo
546 360 564 405 a
577 345 686 404 rulime
701 346 821 419 alienus,
840 343 890 419 qui
903 359 963 404 non
976 343 1081 404 sentiat
1093 341 1240 405 insontem

196 431 334 504 occidere,
352 447 410 491 non
425 445 538 490 servare
556 429 652 503 iidem,
672 434 805 503 parentes
819 435 869 488 aut
881 429 971 488 Deum
986 435 1177 503 contemnere,
1194 429 1240 488 ius

195 515 320 574 alienum
333 515 453 590 eripere,
470 514 562 588 turpia
578 528 639 573 esse
650 527 701 587 per
716 523 756 587 se,
773 519 858 587 atque
872 513 912 572 ila
930 513 1002 572 utin
1015 511 1091 572 bona
1106 520 1136 573 et
1151 513 1241 574 hone·
1270 569 1273 573 .

195 605 239 658 sta
253 599 420 658 commutari
434 613 490 658 uon
505 597 631 672 possint?
648 597 753 656 Contra
766 613 834 656 vero
848 597 930 656 alteri
943 597 1123 670 beneiaoere,
1138 611 1241 672 paren·

196 683 272 742 tibus
286 683 489 756 obtemperare,
502 682 591 740 Deum
607 681 712 754 colere,
731 687 806 740 stare
828 681 929 754 pactis,
945 690 974 740 et
992 687 1087 759 cetera
1099 681 1241 740 eiusmodi

195 768 237 827 ita
249 773 316 826 sunt
327 768 429 826 deeora
444 773 472 825 et
485 767 613 838 honesta,
629 771 661 826 ut
674 764 706 824 in
722 765 798 823 mala
812 765 940 824 converti
954 780 1070 838 prorsus
1084 770 1237 840 nequeant.

230 852 346 924 Deinde,
357 855 496 926 quomodo
506 856 602 924 posset
611 849 708 907 divina
727 847 858 908 voluntas
870 849 1027 908 bonitatem
1041 850 1087 910 rel
1100 849 1241 908 malitiam

196 935 354 996 actionibus
367 934 517 1011 impartiri,
534 934 590 992 uisi
604 939 669 992 aute
685 931 887 994 subaudiretur
905 932 1014 993 bonum
1027 950 1090 993 esse
1110 940 1140 993 et
1152 934 1240 992 bone·

195 1026 270 1079 stum
293 1019 349 1078 beo
368 1017 552 1093 praecipienti
575 1033 685 1093 parere,
705 1024 788 1093 turpe
802 1024 831 1078 et
850 1018 981 1079 illicitum
993 1017 1145 1077 reluctari?
1159 1018 1240 1077 Certe

193 1105 250 1164 nisi
260 1105 291 1164 id
304 1103 499 1178 subandiatur,
523 1103 598 1163 aetio
611 1103 741 1163 mauebit
758 1102 925 1162 indifferens
939 1103 1025 1162 etiam
1039 1108 1103 1178 post
1116 1102 1167 1162 ilai
1180 1102 1240 1161 ius·

194 1205 258 1250 sum
280 1188 326 1248 rel
346 1187 575 1262 prohibitionem.
600 1188 671 1261 Ergo
696 1187 904 1246 Pmeudomos
918 1187 973 1246 sibi
991 1187 1165 1246 contradicat
1187 1201 1239 1246 ne·

194 1293 272 1338 cessa
287 1282 342 1351 est,
360 1291 426 1336 cum
441 1281 565 1350 nequeat
580 1277 729 1336 adstruere
743 1276 872 1335 divinam
887 1277 1060 1336 voluntatem
1072 1281 1104 1335 ut
1113 1275 1238 1353 primam

192 1363 318 1422 radicem
333 1361 482 1422 atlantem
500 1361 682 1434 moralitatis,
702 1361 760 1420 nisi
775 1360 912 1436 impliiite
926 1361 1057 1418 admittat
1072 1360 1181 1434 aliquid
1193 1375 1239 1419 re·

193 1447 290 1521 periri,
307 1445 382 1520 quod
406 1449 471 1506 aute
490 1445 609 1506 liberam
624 1445 675 1505 llei
689 1445 864 1519 roluntatem
879 1444 988 1503 bonum
1006 1449 1060 1503 aut
1072 1443 1184 1503 malum
1200 1443 1239 1503 sit

193 1537 297 1591 natura
312 1546 373 1590 sua.

228 1615 328 1688 lertio,
345 1615 430 1674 bomo
444 1619 546 1673 natura
557 1630 610 1677 sua
622 1613 712 1675 linem
727 1612 853 1689 aliquem
867 1613 1170 1688 praestitutumbabet.
1185 1613 1238 1674 lte

191 1703 299 1773 pugnat
309 1699 386 1758 enim
400 1691 514 1759 dir'inae
532 1699 689 1774 sapientiae
704 1706 736 1759 ut
752 1716 799 1760 res
814 1699 927 1774 proprio
942 1699 999 1758 line
1012 1703 1118 1772 careat,
1139 1703 1189 1757 aut
1203 1697 1236 1756 fi-

190 1796 259 1840 nem
268 1782 372 1842 babeat
386 1799 454 1842 suae
468 1787 588 1841 naturae
601 1783 788 1854 contrarium.
806 1783 972 1856 Cumigitur
986 1783 1034 1841 bie
1045 1782 1112 1841 linis
1121 1788 1237 1842 natura-

193 1865 260 1924 liter
273 1865 384 1926 bomini
398 1866 565 1943 conveniat3
582 1867 750 1926 naturaliter
768 1868 856 1926 etiam
870 1868 898 1926 ei
913 1866 1046 1926 convenit
1059 1882 1090 1925 se
1104 1867 1238 1926 adfinem

189 1949 271 2010 illurn
289 1965 463 2024 promovere,
473 1956 557 2024 atque
570 1966 603 2009 ea
612 1951 715 2011 sectari
729 1967 802 2025 quae
826 1951 863 2010 ad
877 1951 1009 2012 eumdem
1022 1949 1238 2024 adipiscendum

193 2033 302 2094 iuvant.
314 2035 382 2092 lum
402 2038 514 2109 quoque
529 2036 702 2094 couveniens
715 2036 826 2096 homini
841 2039 884 2094 est
897 2041 1006 2094 ceteros
1021 2034 1169 2108 appetitus,
1185 2033 1238 2108 qai

193 2118 255 2178 eius
265 2118 438 2178 voluntatem
449 2120 486 2177 ad
500 2119 556 2178 alia
575 2118 651 2180 bona
665 2120 716 2178 lini
733 2119 876 2196 coenaria
889 2120 1047 2195 pelliciunt,
1063 2119 1234 2192 refraenare,

194 2208 223 2261 et
237 2217 386 2277 supremae
401 2201 443 2261 illi
458 2203 626 2277 appetitioni
647 2203 823 2264 submittere.
840 2205 1006 2280 Oppositum
1023 2222 1092 2266 vero
1112 2205 1235 2277 efficere,

192 2287 399 2346 inconveniens
408 2287 518 2346 bomini
532 2303 566 2348 ao
577 2293 658 2362 turpe
671 2290 734 2348 erit.
745 2289 875 2363 inspecta
889 2288 977 2363 igitur
990 2297 1092 2350 natura
1104 2288 1239 2361 bominis,

196 2369 292 2444 aliqua
310 2369 532 2446 comperiuntur,
549 2387 621 2446 quae
636 2365 730 2431 eidem
745 2373 908 2433 necessario
916 2373 1103 2447 conveniunt,
1120 2373 1176 2432 alia
1186 2387 1236 2432 au·

193 2459 250 2513 tam
269 2469 342 2528 quae
352 2455 512 2539 necessario
522 2455 693 2530 decrepant.
706 2457 766 2517 blon
779 2457 867 2530 igitur
879 2473 895 2516 a
907 2457 998 2516 libera
1011 2458 1062 2517 bei
1077 2458 1233 2530 voluntate;

192 2539 337 2614 multoque
351 2539 446 2600 minus
461 2540 497 2599 ab
516 2539 574 2600 ullo
592 2540 648 2601 alio
665 2540 796 2602 mutabili
817 2541 969 2616 principio,
983 2543 1075 2604 omnis
1089 2543 1237 2602 actionum

192 2622 383 2684 bumanorum
393 2625 538 2685 moralitas
553 2625 666 2700 pendet.

594 2795 773 2858 Paoeosmro
791 2796 834 2858 lv.

191 2956 347 3020 dationum
366 2961 575 3023 humone-root
597 2966 755 3026 moralitas
768 2967 940 3035 latmoda'oto
952 2967 1056 3043 pendet
1080 2967 1117 3026 ab
1132 2967 1237 3027 ordino

245 3043 379 3104 obieetiuo
393 3062 496 3104 aarum
509 3063 562 3122 por·
576 3049 724 3108 rationem
738 3051 933 3126 apparationem
947 3052 1073 3112 mediate
1082 3059 1182 3111 autom
1195 3051 1233 3110 ob

245 3128 348 3189 ordine
361 3127 480 3190 dtvoinoe
493 3133 654 3207 sapientiae
668 3142 695 3194 et
709 3133 847 3210 bonitatis
863 3137 889 3194 t,

227 3295 377 3379 Probatur
391 3301 495 3374 primo
510 3317 593 3376 pora.
617 3303 757 3378 Gaiusque
778 3304 853 3366 entis
878 3309 946 3364 tune
967 3305 1060 3366 bonae
1079 3311 1129 3364 aut
1141 3304 1235 3364 malae

192 3388 260 3440 aunt
273 3383 460 3458 operationes,
484 3400 550 3444 cum
574 3393 736 3460 congruunt
751 3389 796 3447 vel
811 3390 974 3464 discrepant
988 3396 1116 3462 naturae,
1133 3403 1190 3465 qua
1203 3387 1236 3445 ii-

190 3461 239 3523 lud
250 3471 368 3526 oonstat.
387 3467 421 3526 lt
434 3468 528 3543 homo,
541 3469 572 3529 in
587 3467 727 3545 quantum
741 3473 836 3548 bomo,
853 3474 1000 3534 rationalis
1014 3481 1058 3534 est
1073 3489 1107 3550 aa
1125 3473 1235 3533 maone

234 3648 245 3693 l
261 3650 370 3700 linealiter
380 3667 394 3700 ι
403 3667 467 3702 moro
477 3655 589 3705 nominata
600 3661 645 3722 ast5
657 3675 705 3708 mor
714 3664 786 3707 raum
797 3675 873 3721 praem
886 3663 938 3721 γ’ρος
952 3657 1095 3707 multifariam
1110 3658 1180 3721 roupi
1194 3672 1235 3705 ro-

187 3721 226 3773 lu.
238 3723 293 3771 Nun
307 3724 331 3772 in
346 3725 505 3789 significatione
520 3731 626 3780 latissima
640 3740 759 3798 usurpatur
771 3736 800 3783 ad
815 3734 950 3783 innuendam
965 3735 1132 3784 inelinrtionem
1147 3749 1173 3781 ax
1187 3735 1239 3796 ipat

188 3803 267 3850 utilit
280 3800 378 3867 inlitum,
390 3811 479 3870 proptor
492 3823 558 3872 quun
570 3823 606 3861 ras
620 3811 709 3876 pararis
723 3810 751 3861 ad
765 3812 848 3862 similer
862 3816 923 3864 retur
936 3812 972 3864 rol
986 3813 1094 3862 modona·
1104 3808 1236 3877 impellitur.
