2767 4492
506 333 584 380 rurus
602 334 744 381 aaronis
892 384 896 397 ,
1093 328 1146 387 237

105 422 177 483 ιιιιο
192 420 252 493 bie,
266 419 408 479 distractis
423 420 554 493 organis,
571 419 675 495 quibus
686 420 775 480 animi
792 422 897 483 iunctio
912 424 943 483 in
959 438 1076 500 corpore
1088 426 1144 485 bu·

104 523 189 567 mano
204 505 386 578 alligabatur3
403 520 462 563 non
477 504 592 564 aliunde
605 504 692 563 vitam
708 506 785 563 illam
805 508 947 605 explicare
961 518 1071 585 posset3
1087 512 1144 572 nisi

104 610 141 651 ex
155 592 320 650 attractione
335 590 540 649 molecnlamm
556 591 715 664 ceterisque
730 590 838 650 viribus
858 594 916 652 sive
931 594 1068 655 elrvmicis
1083 598 1143 657 sive

103 676 242 752 physicis,
258 690 331 749 qnae
345 676 376 735 in
390 674 527 735 membris
541 675 598 735 illis
617 675 754 734 emortuis
769 678 979 750 superfuerunt.
995 681 1040 739 Sic
1055 682 1144 755 plrilo

104 761 202 835 sopbi,
218 753 372 835 dequibus
391 759 549 833 loquimur,
565 760 698 819 detractis
713 762 852 821 concretis
869 762 1036 823 differentiis
1055 768 1109 824 et
1101 783 1143 825 rn-

102 847 200 911 ribus‚
223 860 296 920 qnae
319 844 495 903 auctoritatis
519 845 704 904 subiectum
696 861 727 904 m
747 846 880 905 societate
899 848 1141 926 determinabant;

102 948 160 991 non
180 931 266 990 aliam
284 930 346 989 eius
366 944 483 989 causam
498 929 528 988 in
544 930 724 989 multitudine
746 931 795 989 illa
815 932 957 991 abstracta
975 935 1139 1009 reperiunt,

103 1016 160 1076 nisi
174 1016 348 1075 voluntatem
362 1010 390 1073 et
403 1030 574 1073 eonsensum
585 1016 708 1088 partium
719 1017 905 1089 singularum.
921 1018 1143 1079 atvelrementer

77 1133 79 1139 ·
101 1107 206 1161 errant.
227 1099 600 1173 Namquemadmodumris
619 1102 761 1196 operatrix
783 1102 1045 1161 inhomincudulto
1066 1104 1158 1177 aliud¹

101 1202 158 1246 non
174 1193 230 1258 est,
242 1186 299 1243 nisi
311 1184 436 1243 evolutio
447 1184 575 1243 eiusdem
589 1186 678 1243 animi
686 1202 767 1259 ,quo
779 1186 873 1260 prima
884 1188 1010 1261 corporis
1025 1188 1142 1251 humani

100 1271 250 1331 delineatio
264 1270 418 1328 informata
431 1276 492 1342 ιιι,
506 1272 619 1329 tametsi
633 1276 747 1343 propter
766 1271 1010 1344 imperfectionem
1025 1290 1143 1347 organa·

99 1373 165 1416 rum
179 1372 237 1414 ιιοιι
252 1360 311 1414 tota
319 1354 522 1427 exercebatur
539 1356 580 1414 sic
590 1358 744 1415 austeritas
755 1357 867 1415 socialis
882 1373 939 1415 non
954 1358 1031 1416 aliud
1043 1374 1143 1419 revera

100 1448 142 1500 est
160 1456 247 1515 qoam
265 1440 382 1499 ulterior
402 1400 553 1513 explicatio
569 1442 791 1514 praecedentia
783 1443 868 1511 ruris,
891 1442 964 1515 quod
986 1444 1142 1505 multitudi-

99 1542 166 1584 nem
186 1527 243 1584 iam
268 1533 333 1584 ante
355 1524 464 1584 unitate
485 1525 624 1598 donabat,
649 1542 824 1600 quamquam
844 1526 880 1586 ob
899 1528 1142 1602 imperfectionem

98 1612 234 1670 materiae
252 1627 311 1670 non
325 1625 439 1669 omnem
453 1626 535 1668 suam
552 1610 609 1669 vim
623 1611 826 1671 manifestaret.

133 1697 164 1755 ln
178 1711 292 1755 summa
301 1711 403 1769 corpus
412 1696 558 1769 politicum
568 1711 626 1754 non
636 1696 692 1754 ictu
704 1697 778 1755 oculi
788 1698 931 1771 conditum
944 1700 992 1757 sed
1002 1696 1141 1773 gradatim

98 1781 251 1841 succrescit
265 1797 302 1838 ex
317 1781 421 1839 minori
437 1781 569 1839 societate
579 1826 586 1854 ,
598 1797 672 1854 quae
687 1798 725 1841 ex
737 1782 846 1841 familia
858 1784 886 1842 in
902 1784 1024 1857 pagrum,
1042 1801 1079 1844 ιιι
1093 1802 1141 1860 pa·

97 1882 132 1939 go
142 1867 172 1925 ιιι
183 1866 293 1938 urbem,
310 1881 346 1924 ex
362 1864 433 1924 urbe
447 1865 477 1923 in
492 1866 668 1939 provinciam
682 1874 711 1925 et
729 1868 840 1926 tandem
858 1868 889 1927 ia
902 1876 1015 1927 statum
1029 1872 1141 1944 proprie

96 1951 204 2010 dicium
220 1952 404 2025 pmgreditur.
421 1952 451 2010 ln
463 1952 617 2011 homnibus
632 1952 710 2012 hisee
725 1954 856 2027 passibus
875 1956 953 2029 prior
967 1957 1138 2015 consociatio

97 2038 252 2110 amplificat
266 2053 334 2096 sane
349 2038 473 2109 seipsam
488 2042 517 2095 ei
531 2051 619 2096 novas
633 2038 784 2097 relationes
800 2039 874 2097 inter
887 2040 1018 2099 membra
1036 2042 1141 2115 quibus

97 2131 221 2196 constat,
237 2124 354 2193 evolvit3
372 2128 401 2180 at
415 2136 562 2194 nunquam
578 2123 717 2195 principio
732 2124 828 2198 alique
842 2132 972 2184 concreto
987 2128 1096 2185 ordinis
1111 2134 1139 2186 et

96 2208 215 2266 unitatis
229 2206 401 2273 destituitur,
408 2205 465 2262 nisi
477 2218 544 2263 casu
555 2206 660 2279 aliquo,
673 2208 723 2279 qui
738 2216 868 2281 praepter
883 2226 1046 2283 processum
1057 2218 1138 2271 natu·

96 2308 144 2350 rae
159 2298 210 2349 ιιι.
227 2293 298 2348 Nam
313 2288 474 2348 subiectum
489 2304 602 2361 semper
616 2290 731 2363 aliquod
746 2298 853 2365 exstat,
870 2294 945 2365 quod
961 2296 996 2353 ad
1011 2296 1140 2355 ordinem

78 2374 271 2441 ,multitudini
288 2372 511 2447 impartiendum
526 2389 646 2447 eamque
661 2375 759 2434 sociali
779 2378 885 2435 unitate
896 2379 1057 2439 donandam
1073 2398 1140 2454 prae

95 2461 197 2521 ceteris
214 2459 337 2519 excellit.
355 2460 482 2518 lamvero
498 2474 582 2517 nemo
598 2476 656 2517 non
671 2460 749 2517 videt
764 2460 922 2521 subiectum
939 2465 1140 2536 huiusmodia

94 2562 151 2621 quo
166 2544 359 2619 imperfectior
374 2542 561 2602 societasiam
578 2551 644 2603 ante
658 2544 880 2618 gubernabatur,
893 2548 1085 2620 praevaleniia
1099 2551 1139 2607 iu·

93 2630 136 2689 ris
152 2631 275 2704 gaudere
290 2627 320 2688 in
335 2627 518 2687 multitudine
533 2635 664 2707 respectu
677 2628 786 2688 ordinis
799 2630 972 2703 producendi
988 2631 1077 2703 quoad
1090 2648 1138 2691 no·

95 2730 162 2773 ram
177 2715 314 2785 formam,
327 2728 414 2787 quam
428 2714 580 2772 multitudo
590 2714 641 2772 illa
654 2713 765 2773 sensim
774 2713 930 2773 siuasensu
944 2713 1045 2773 induit.
1057 2716 1139 2775 idest

92 2800 180 2872 igitur
197 2799 298 2858 titulus
316 2814 368 2856 cur
382 2799 486 2857 ceteris
500 2799 689 2871 praeferatur,
707 2804 820 2872 propter
835 2800 1025 2858 conditionem
1046 2800 1138 2873 ipsam

92 2900 149 2958 qua
163 2889 292 2942 concrete
307 2881 439 2940 aflicitur.
455 2883 561 2954 imme,
578 2884 602 2940 si
617 2900 663 2941 res
678 2884 777 2941 intime
792 2886 991 2957 perpendatur,
1008 2885 1056 2943 illa
1072 2887 1134 2959 ipsu

92 2968 163 3026 iuris
179 2966 376 3042 praevalentis
390 2982 440 3041 per
455 2983 486 3028 se
501 2968 698 3027 auctoritatem
712 2969 857 3027 constitnit
870 2985 920 3043 pro
936 2986 1008 3028 nora
1024 2972 1132 3044 forma,

90 3055 122 3113 iu
137 3068 221 3126 quam
235 3053 355 3111 societas
372 3054 533 3113 successise
548 3068 577 3111 se
592 3054 724 3126 explicat.
736 3055 891 3113 frictorilas
902 3056 979 3113 enim
990 3056 1066 3114 alind
1077 3072 1134 3115 non

90 3147 133 3199 ιιι
149 3138 319 3213 quidquam,
334 3138 391 3197 nisi
404 3139 448 3197 ius
461 3138 582 3210 ponendi
593 3140 721 3198 ordinem
736 3140 766 3199 in
777 3140 966 3199 multitudine.
981 3142 1134 3215 Utcumque

90 3225 178 3297 igitur
191 3222 344 3283 multitudo
360 3224 500 3295 varietur,
512 3223 558 3282 ius
573 3222 642 3282 illud
658 3225 733 3282 idem
748 3240 799 3297 per
814 3242 843 3285 se
859 3232 968 3298 manot3
983 3234 1011 3285 et
1027 3232 1135 3285 tautum

89 3324 178 3368 noras
196 3308 270 3366 vires
288 3308 380 3366 exerit
394 3315 423 3365 et
436 3308 517 3367 noris
533 3308 702 3367 muneribus
718 3316 879 3382 exercetur,
896 3317 980 3384 prom
994 3326 1083 3369 norae
1095 3327 1137 3369 re-

94 3393 214 3452 lationes
229 3392 390 3466 explicatae
405 3399 472 3451 sunt
485 3392 516 3451 in
531 3408 648 3468 corpore
663 3394 759 3452 sociali
775 3394 849 3468 quod
864 3394 1045 3453 informabat.

128 3479 201 3537 Hinc
221 3477 246 3537 si
264 3476 442 3551 primitivum
458 3494 575 3551 germen
590 3485 760 3553 quaeratur,
779 3496 816 3537 ex
831 3496 887 3553 quo
900 3479 999 3539 ordine
1019 3484 1137 3540 naturae

87 3564 206 3637 politica
221 3568 345 3637 potestas
361 3563 501 3635 originem
515 3564 612 3635 ducit,
636 3564 704 3623 illud
720 3564 833 3623 nonnisi
849 3565 879 3622 in
894 3563 956 3638 ipsa
971 3564 1136 3623 auctoritate

91 3646 248 3706 domestica
269 3647 435 3721 reperietur.
458 3648 535 3707 Sicut
555 3649 632 3707 enim
652 3648 760 3707 familia
779 3648 871 3707 adbuc
889 3648 1083 3723 independens
1097 3664 1139 3709 se-

84 3748 152 3791 men
166 3739 216 3793 cst
231 3733 354 3792 civitatis
369 3734 497 3804 futurae,
515 3748 549 3791 ac
564 3732 737 3791 famulomm
753 3738 781 3791 ιι
795 3734 989 3807 operariorum
1004 3734 1138 3792 comitatu

86 3818 152 3877 iam
167 3819 331 3879 societatem
345 3819 499 3893 quamdam
513 3817 629 3891 praebet
643 3818 805 3877 inchoatam
822 3824 850 3877 et
864 3819 950 3877 veluti
966 3818 1135 3893 vagientem

84 3899 127 3962 sic
139 3902 357 3986 paterfamilias,
379 3903 428 3977 qui
447 3902 475 3966 ei
488 3901 659 3977 dominator,
671 3918 730 3963 non
744 3902 827 3966 modo
842 3904 1008 3965 auctoritato
1020 3910 1140 3978 paterna
