2767 4492
126 369 130 376 .
218 307 253 376 to
545 303 779 374 unrmn'vsmsa
792 305 938 374 marmora

303 413 397 482 Quare
411 408 498 473 etiam
512 413 655 487 quaedam
667 429 746 472 nunc
761 417 836 472 artes
851 411 1047 487 expoliuntur,

301 501 384 558 Nunc
398 498 486 558 etiam
500 503 671 572 augescunt,
688 513 766 580 nunc
781 497 877 557 addita
890 497 1013 570 navigiis
1028 503 1095 556 sunt

302 583 401 656 blulta3
417 583 502 642 modo
516 583 642 657 organici
656 583 774 645 melicos
788 597 924 659 peperere
937 597 1054 642 sonores
1069 583 1098 640 ⁴:

247 755 336 832 Atque
349 753 404 813 hoc
413 753 494 830 ,quod
508 768 546 814 ax
559 752 679 814 historia
692 759 755 813 tum
773 752 894 828 positivo
910 757 970 812 turn
992 751 1125 826 negative
1145 751 1262 811 demon-

213 835 376 911 stravimus,
392 837 530 898 scientiae
541 839 687 898 naturales
702 838 776 897 mira
785 837 966 897 confirmant.
978 837 1049 896 Nam
1062 851 1101 895 en
1110 835 1264 910 geologicis

213 920 460 1004 observationibus
471 929 591 996 constat,
608 923 726 998 globum
741 927 923 997 lemaqueum
936 935 1073 993 magnam
1084 919 1210 994 aliquam
1220 935 1263 979 re·

212 1007 387 1067 volutionem
397 1006 538 1066 subivisse
548 1009 557 1080 (
564 1023 637 1082 quae
648 1022 715 1066 cum
724 1007 837 1068 Noetico
851 1004 959 1064 diluvio
969 1005 1031 1063 iuro
1042 1005 1243 1078 confunditur)
1252 1049 1263 1077 ,1

213 1094 299 1165 atque
313 1106 351 1149 ex
364 1090 474 1165 ipsein
487 1097 612 1165 statum,
637 1093 724 1164 quem
748 1105 826 1149 nunc
851 1094 1033 1162 contuemur,
1056 1090 1262 1162 propemodum

212 1174 373 1234 emersisse.
389 1175 465 1235 llaec
480 1176 661 1249 catastrophe
673 1191 706 1234 ac
722 1174 870 1234 subversio
885 1175 922 1232 ad
935 1187 1027 1246 pauca
1039 1172 1075 1231 ab
1090 1172 1158 1231 binc
1172 1171 1262 1231 millia

212 1273 353 1317 annorum
364 1259 427 1332 (ex.
438 1274 482 1333 gr.
492 1264 617 1333 quatuor
626 1258 672 1318 vel
687 1259 830 1333 quinque)
841 1258 1009 1332 regreditur,
1021 1261 1106 1331 prout
1115 1273 1151 1315 ex
1166 1257 1262 1316 obser·

211 1343 375 1402 vationibus
388 1343 521 1417 plurimis
537 1343 683 1418 colligitur
697 1349 725 1402 et
739 1343 899 1417 generatim
913 1341 1023 1415 geologi
1039 1341 1220 1401 consentiunt
1234 1343 1260 1401 2.

209 1427 260 1486 ills
273 1427 388 1502 positis,
404 1428 505 1500 quaeri
523 1433 616 1502 polest
633 1432 731 1486 utrum
752 1433 864 1501 praeter
883 1426 994 1486 divinas
1012 1426 1121 1486 litteras
1140 1441 1175 1484 ex
1198 1425 1261 1484 aliis

209 1511 388 1584 argumentis
407 1526 487 1570 mere
506 1511 688 1571 naturalibus
708 1511 824 1586 probari
844 1511 934 1586 possit
955 1515 1020 1570 ante
1036 1511 1110 1568 banc
1130 1515 1262 1569 catastro-

208 1594 298 1668 pbem
310 1594 443 1654 homines
457 1595 606 1656 extitisset
620 1596 835 1670 Respondemus
851 1595 1033 1668 affirmative,
1046 1595 1096 1654 sed
1109 1595 1150 1654 ita
1165 1601 1265 1653 tamen

209 1684 314 1738 utnon
328 1679 484 1739 admodum
496 1681 647 1754 propagati
661 1680 771 1740 luerint
786 1685 814 1740 et
829 1684 1036 1754 consequenter
1049 1695 1107 1739 non
1121 1689 1261 1738 remotam

208 1763 297 1822 nimis
312 1763 468 1823 habuerint
481 1765 632 1838 originem.
649 1765 721 1824 Nam
736 1781 774 1825 ex
787 1781 846 1825 una
859 1771 940 1840 parte
954 1765 1029 1839 quod
1044 1765 1175 1823 homines
1188 1763 1261 1823 estl-

202 1848 299 1906 'terint
318 1852 445 1922 tempora
463 1847 542 1909 illius
565 1849 779 1925 subversionis,
800 1851 947 1909 evidenter
959 1853 1039 1923 patet
1053 1865 1088 1908 ex
1110 1848 1261 1908 traditione

210 1933 283 1990 tanti
293 1936 414 1992 eventus
428 1948 501 2008 quae
516 1935 594 2006 apud
608 1950 708 1994 omnes
723 1941 822 2008 gentes
838 1939 951 1994 servato
965 1939 1023 2006 'sst3
1040 1933 1115 2008 quod
1125 1939 1201 1992 certe
1210 1948 1261 1992 ex·
1283 1935 1287 1939 '

207 2014 309 2089 plicari
323 2030 381 2074 non
393 2022 503 2090 posset,
520 2017 545 2076 si
559 2032 644 2077 nemo
659 2019 742 2076 testis
757 2017 833 2077 illius
855 2017 1049 2092 superfuisset.
1067 2017 1109 2074 En
1122 2017 1179 2075 alia
1193 2031 1260 2076 vero

206 2103 289 2173 parte
303 2099 380 2173 quod
392 2100 435 2159 illi
448 2100 580 2160 homines
588 2117 649 2161 non
662 2101 786 2161 mullum
798 2109 866 2162 tunc
881 2101 979 2161 diffusi
989 2107 1086 2160 essent
1101 2117 1188 2175 super
1205 2107 1258 2160 ter-

207 2197 287 2255 ram,
302 2184 457 2244 manifeste
474 2185 597 2245 interlin
611 2201 649 2245 en
666 2187 810 2261 paucitate
828 2187 1017 2261 reliquiarum
1032 2192 1061 2245 et
1074 2187 1259 2261 vestigiorum

209 2267 413 2343 bumanorum,
426 2284 502 2344 quae
510 2270 698 2345 reperiuntur
706 2272 738 2330 in
748 2272 868 2331 terrenis
884 2278 949 2330 ante
963 2271 1103 2330 diluvium
1114 2271 1259 2332 autetiam

208 2367 248 2411 ex
257 2352 365 2412 diluvio
379 2354 523 2427 formatis3
535 2370 603 2413 com
618 2360 718 2414 contra
732 2356 869 2429 reliquiae
880 2360 974 2415 certae
988 2356 1171 2415 inveniantur
1183 2355 1257 2414 mul·

206 2441 302 2496 tanim
319 2436 479 2498 bestiarum
493 2438 554 2498 sive
569 2439 748 2498 terrestrium
763 2439 822 2498 sive
837 2439 1038 2513 innatanliuna,
1055 2455 1109 2499 nec
1124 2455 1182 2499 non
1197 2439 1258 2514 plu·

205 2520 347 2580 rimarum
360 2522 534 2596 plantamm.
545 2522 605 2582 Hoc
619 2530 696 2582 certe
710 2523 849 2597 explicari
863 2539 921 2583 non
935 2531 1031 2598 posset
1040 2524 1065 2583 si
1080 2524 1195 2598 copiosa
1206 2524 1256 2582 bo

205 2604 319 2662 minum
329 2605 481 2664 multitudo
490 2606 600 2680 ubique
611 2617 717 2665 terram
728 2608 933 2682 inhabitasset3
945 2609 1178 2682 siquidembomo
1187 2623 1258 2680 prae

89 2731 94 2740 .
207 2687 311 2747 ceteris
325 2689 519 2748 animantibus
534 2690 666 2764 propriae
682 2691 851 2752 existentiae
864 2693 984 2766 vestigia
1002 2693 1147 2768 relinquit.
1163 2692 1257 2768 Etiam

205 2771 238 2829 in
252 2772 426 2847 regionibus,
438 2773 489 2832 ubi
504 2774 665 2833 silvestrem
680 2775 770 2833 vitam
785 2776 852 2850 agit,
869 2775 1055 2846 inveniuntur
1069 2791 1154 2850 opera
1172 2775 1254 2848 artis,

204 2864 239 2917 ut
252 2872 334 2916 arma
348 2873 386 2916 ex
398 2857 543 2932 lapidibus
558 2857 688 2917 confecta
703 2864 732 2918 et
746 2859 862 2920 similia.
878 2861 912 2920 Ut
925 2861 1055 2920 omittam
1070 2875 1177 2919 vanum
1192 2873 1256 2918 esse

205 2942 281 3014 quod
295 2941 426 3000 nonnulli
434 2942 543 3015 meunt,
555 2942 695 3002 nimimm
705 2959 769 3002 ossa
779 2944 908 3004 humana
916 2945 1000 3004 citius
1011 2945 1156 3018 comumpi
1166 2959 1256 3018 quam

204 3041 271 3085 ossa
288 3025 452 3099 brutomm,
473 3025 549 3100 quod
568 3027 747 3102 experientia
761 3043 821 3089 non
839 3029 975 3103 probatur
990 3031 1079 3089 immo
1093 3029 1188 3104 potius
1202 3029 1256 3088 im·

204 3109 353 3185 probatur.
368 3110 505 3185 'lampone
522 3110 612 3185 igitur
630 3112 731 3173 diluvii
752 3113 863 3188 species
881 3115 1008 3174 bumana
1021 3130 1081 3174 non
1098 3114 1255 3173 admodum

203 3192 426 3267 diffundebatur,
437 3199 522 3268 atque
533 3194 598 3254 ideo
608 3209 667 3255 non
680 3197 835 3257 admodum
848 3198 1037 3272 multiplicata
1052 3203 1126 3272 erat;
1139 3203 1168 3258 et
1177 3197 1255 3272 quod

204 3291 382 3352 consequens
396 3284 511 3338 estnon
524 3278 613 3338 nimis
628 3279 777 3354 antiquam
791 3281 917 3342 iactabat
930 3283 1080 3356 originem.

240 3363 353 3422 semoto
366 3361 483 3437 diluvio,
495 3363 528 3421 in
543 3364 673 3438 terrenis,
690 3379 764 3437 quae
779 3366 918 3425 tertiaria
934 3366 1124 3442 appellantur,
1141 3372 1173 3426 ut
1187 3371 1256 3426 sunt

204 3447 352 3507 arenariae
365 3463 401 3506 ac
414 3462 533 3508 marnae
548 3447 799 3523 subappenninae,
809 3450 1002 3512 inveniuntur
1021 3451 1173 3525 conchylia
1193 3456 1255 3509 tana

247 3590 258 3636 l
279 3594 313 3638 De
327 3594 423 3642 Nalm
438 3606 521 3640 msa
535 3593 575 3639 lib.
594 3593 618 3656 a,
635 3607 657 3639 v.
675 3592 723 3639 525
739 3597 761 3640 ol
775 3609 821 3658 seq.

248 3666 263 3710 2
279 3667 335 3714 vido
350 3684 406 3730 quaa
420 3668 462 3716 huc
478 3669 506 3716 ds
521 3685 545 3716 ra
561 3669 647 3715 erudite
660 3668 765 3717 dimersit
775 3672 799 3717 P.
812 3672 929 3719 Priscian
939 3675 962 3720 S.
974 3673 993 3719 1.
1005 3673 1096 3720 Annali
1107 3673 1166 3720 delle
1175 3673 1258 3718 Selen-

200 3755 226 3788 ae
245 3743 354 3800 religioso
368 3743 412 3792 vol.
428 3744 458 3807 11,
476 3744 551 3791 fascic.
570 3744 614 3807 v1,
630 3745 701 3791 laad.
721 3747 798 3793 limma
813 3747 865 3794 doll’
875 3749 981 3811 opinions
996 3749 1032 3795 del
1048 3749 1089 3808 sig.
1108 3749 1255 3802 baccorum.

199 3816 280 3864 confer
298 3819 364 3865 eliam
387 3821 497 3880 egregium
518 3819 616 3867 ciusdem
639 3821 734 3868 auctoris
756 3821 904 3887 opusculum,
922 3825 957 3870 cui
973 3823 1065 3870 titulus:
1085 3823 1257 3871 Intellectum

198 3893 472 3947 crescendumque
487 3897 664 3959 emutio,
681 3898 775 3946 Ancbra
791 3898 826 3946 lo.
845 3899 955 3948 Bimatra
968 3899 1086 3948 Plancum
1101 3901 1123 3944 S.
1140 3899 1159 3944 Ι.

1359 583 1382 768 l
