2767 4492
222 393 285 493 130Ι
481 419 485 432 ’
663 438 825 490 nunueurs

221 531 396 603 servandae3
414 531 461 589 sod
480 529 544 589 inde
560 529 742 603 desumptam
758 533 818 596 est,
835 527 909 601 qrrod
923 522 971 586 hic
985 523 1078 584 cullas
1093 518 1210 584 omnino
1223 536 1271 583 re·

219 618 349 690 quiratnr
362 621 394 674 ut
409 617 511 687 iromo,
529 618 613 689 prout
628 614 741 673 socialis
756 617 818 686 est,
836 611 926 671 iteum
942 612 1015 670 colat
1030 612 1113 686 eique
1129 609 1269 683 obsequa-

220 705 275 759 tur.
290 701 380 768 Quare
391 699 510 759 obiectio
524 715 561 758 ex
575 699 723 758 Thomasio
737 699 903 772 deprompta
916 710 969 754 nos
983 695 1088 754 directe
1102 711 1159 754 nou
1176 695 1267 768 irnpe—

219 785 262 842 tit.
280 785 394 858 Deinde,
411 799 551 858 negamus
567 784 683 842 omnino
699 783 863 861 societatem
880 797 929 857 per
944 797 974 840 se
989 785 1018 839 ot
1032 780 1193 839 necessario
1208 795 1268 838 non

220 868 294 926 laedi
311 869 389 928 cultu
405 869 545 928 exteriore
561 875 713 928 summoto.
735 869 804 927 dam
825 869 887 942 ipsc
900 867 1068 925 Thomasius
1086 865 1187 923 asserit
1201 865 1268 922 lun-

220 954 387 1012 domentum
404 957 497 1014 omnis
513 954 693 1028 obligationis
708 961 736 1012 et
751 953 872 1011 liduciac
885 956 1003 1010 mutuae
1014 966 1076 1009 csse
1093 950 1200 1009 cultum
1217 949 1268 1008 lici

220 1039 320 1097 saltem
336 1041 479 1100 internum
496 1042 521 1099 l.
538 1041 610 1112 Ergo
625 1055 692 1098 cnm
711 1039 832 1097 societas
851 1037 913 1095 sino
933 1035 1105 1109 obligatione
1119 1041 1147 1093 et
1162 1036 1269 1093 llrlnoia

217 1129 319 1182 mutua
332 1125 489 1184 subsistere
503 1129 636 1199 nequeat,
652 1141 704 1198 per
719 1140 750 1182 se
764 1130 792 1181 et
803 1120 964 1181 necessario
974 1121 1035 1179 eius
1046 1120 1201 1179 fundamen
1207 1124 1269 1177 tum

187 1205 195 1215 '
218 1207 370 1269 obssrmare
385 1215 428 1284 et,
446 1215 587 1284 qnantum
601 1225 693 1283 capax
708 1213 769 1282 est,
787 1223 953 1282 promovere
968 1206 1061 1265 debet.
1078 1205 1110 1264 lt
1124 1206 1269 1279 quomodo

218 1293 314 1352 fulciri
329 1301 358 1353 et
377 1295 540 1368 promoveri
556 1311 573 1353 a
588 1295 722 1354 socictate
738 1298 830 1368 potest
844 1293 938 1351 callus
952 1293 1083 1351 internus
1097 1291 1159 1348 sine
1173 1297 1270 1349 exter·

218 1379 277 1436 no?
289 1379 378 1438 immo
395 1381 537 1453 quomodo
552 1386 681 1438 constare
694 1379 807 1453 publice
818 1383 908 1453 potest
916 1384 1014 1436 utram
1024 1375 1100 1434 cives
1111 1375 1191 1435 illurn
1204 1391 1268 1448 pro·

220 1471 395 1538 sequantur,
414 1466 528 1523 necne?
549 1465 677 1524 Ceterum
700 1466 723 1523 si
740 1466 863 1523 Societas
882 1479 934 1537 pro
954 1465 1011 1522 line
1030 1461 1118 1520 habet
1134 1461 1270 1518 ordinem

215 1561 355 1606 exernnm
371 1550 471 1608 morali
481 1549 580 1608 ordine
590 1549 776 1608 informatum
789 1595 795 1622 ,
808 1549 949 1623 quomodo
960 1545 1106 1620 negligere
1116 1549 1210 1620 potest
1219 1545 1267 1618 id,

220 1633 296 1704 quod
312 1633 427 1692 moralis
443 1633 550 1693 ordinis
567 1639 652 1708 caput
667 1640 710 1693 est
724 1641 752 1693 et
766 1633 963 1708 principium‘.t

252 1717 293 1774 ld
308 1717 429 1778 alterum
443 1719 586 1792 dicimus,
604 1719 750 1778 hominem
766 1719 796 1777 in
811 1719 944 1777 societate
958 1733 1015 1777 non
1032 1716 1147 1792 propria
1161 1721 1268 1776 natura

214 1800 330 1873 spoliari
345 1803 394 1860 sed
408 1803 558 1861 dumtaxat
573 1817 683 1862 noram
698 1805 865 1863 relationem
880 1803 1021 1876 induere3
1044 1805 1133 1861 immo
1148 1803 1185 1860 ad
1200 1817 1267 1861 earn

216 1883 371 1944 ineundam
386 1887 492 1945 idcirco
507 1888 535 1945 vi
551 1894 670 1946 naturae
688 1889 818 1963 propelli,
831 1888 974 1948 ulmellos
984 1905 1042 1962 qua
1053 1889 1137 1946 homo
1148 1893 1268 1962 estper·

217 1969 346 2043 ssciatur,
358 1986 391 2029 ao
401 1971 513 2030 facilius
530 1972 566 2029 ad
580 1973 667 2031 linem
677 1989 746 2032 suae
756 1981 875 2033 naturae
886 1980 1090 2048 congruentem
1106 1974 1264 2048 perveniat.

217 2054 289 2128 Ergo
303 2070 370 2114 curn
388 2055 453 2114 linis
468 2056 498 2114 in
514 2057 568 2114 hac
584 2058 640 2116 vita
656 2058 693 2116 sit
707 2059 776 2119 ordo
791 2059 916 2133 moralis,
929 2059 1045 2133 quicum
1060 2059 1154 2116 cultas
1169 2065 1267 2116 exter·

217 2149 292 2210 nus,
309 2151 361 2194 ceu
376 2151 442 2210 pars
458 2135 618 2196 olliciornm
633 2137 777 2212 hominis,
794 2139 921 2197 maxime
942 2139 1084 2212 nectitur,
1106 2137 1153 2196 hic
1167 2137 1267 2210 aliquo

215 2221 300 2279 modo
315 2237 434 2295 scopum
448 2221 542 2295 ipsum
558 2222 701 2282 societatis
718 2225 827 2282 attinet.
850 2225 987 2283 decrero
1004 2223 1160 2297 quidquam
1173 2221 1267 2279 oillcit

215 2305 292 2378 quod
316 2307 409 2364 cultus
429 2308 563 2367 exteriori
584 2310 773 2382 exercitium,
798 2311 871 2368 sicut
890 2315 964 2369 totus
984 2311 1052 2368 ordo
1073 2308 1208 2381 moralis,
1226 2308 1267 2366 ad

215 2387 305 2448 Deum
321 2392 436 2450 tandem
450 2393 613 2462 celeratur,
630 2399 741 2452 etcum
755 2400 871 2452 aelerna
890 2393 1066 2452 beatitudine
1082 2393 1269 2468 praeeipuam

212 2476 421 2536 connexionem
436 2476 548 2536 lrabeat.
566 2478 655 2552 Nam,
674 2495 740 2538 cum
756 2479 822 2537 finis
837 2479 1008 2553 praecipuus
1028 2487 1057 2537 et
1077 2479 1196 2537 ultimus
1212 2476 1264 2535 ho·

213 2558 310 2634 minis,
327 2567 410 2634 prout
424 2561 509 2621 horno
524 2568 579 2636 est,
597 2563 634 2636 sit¹
647 2563 741 2636 Dens,
759 2563 841 2622 cuius
855 2563 967 2638 adeptio
988 2564 1153 2622 beatitatem
1168 2577 1271 2635 saper·

216 2658 284 2702 nam
299 2646 461 2720 constitnit3
486 2647 515 2705 id
529 2647 614 2706 eliam
631 2648 685 2707 erit
703 2647 770 2706 linis
789 2650 959 2723 praecipuus
978 2647 1103 2707 heminis
1125 2653 1210 2721 prout
1223 2652 1270 2705 est

212 2729 335 2788 socialis.
354 2731 477 2790 Societas
493 2731 603 2804 igitur,
621 2747 687 2790 curn
703 2748 760 2791 non
776 2736 813 2791 sit
827 2733 991 2807 aggregatio
1006 2733 1102 2807 aliqua
1115 2731 1268 2790 brutorum

213 2812 263 2871 sed
279 2815 446 2888 hominm,
465 2831 482 2874 a
499 2815 558 2874 llne
574 2815 628 2874 hoc
639 2817 793 2891 praecipuo
804 2818 930 2876 hominis
946 2818 1144 2892 praescindere
1158 2815 1270 2887 cogita-

215 2898 321 2961 tionem
336 2901 444 2976 nequit.
459 2900 538 2962 desi
553 2900 718 2960 felicitatem
732 2902 818 2961 iratius
834 2903 917 2976 ritae,
936 2917 1133 2976 quaecumque
1146 2900 1270 2958 tandem

211 2999 246 3042 ea
257 2986 303 3058 sit,
316 2985 449 3059 intendit3
467 2985 508 3044 sic
527 3001 591 3044 eam
607 2986 735 3046 intendat
749 2993 867 3061 oportet,
880 2993 911 3056 ut
926 2987 992 3045 inde
1008 2988 1093 3046 lronro
1110 2986 1268 3044 adiuvetur

209 3075 343 3142 respectu
358 3069 503 3129 felicitatis
517 3075 659 3130 aeternae.
681 3071 768 3130 secus
782 3073 807 3131 si
823 3072 859 3130 ab
882 3073 937 3130 irae
952 3073 1071 3131 omnino
1084 3069 1273 3145 praescinde·

212 3159 273 3228 ret,
296 3155 405 3214 bonum
425 3155 549 3214 hominis
569 3171 626 3215 non
647 3163 806 3232 spectaret;
830 3157 972 3232 siquidem
994 3163 1119 3231 nequeat
1137 3171 1201 3214 esse
1215 3154 1270 3213 bo-

210 3252 283 3296 nnm
296 3239 419 3382 Ιιᾱοηιίυἰε
433 3240 481 3316 id,
497 3241 573 3316 quod
591 3241 686 3317 ipsum
707 3242 744 3302 ad
762 3243 901 3303 ultimum
919 3243 1008 3303 linem
1028 3239 1269 3314 consequendum

216 3335 276 3382 non
290 3338 307 3382 a
327 3324 416 3386 iuvat.

261 3523 272 3576 l
292 3525 326 3576 De
342 3525 428 3590 Officiis
441 3525 545 3584 dominic
557 3547 578 3583 o.
595 3525 620 3600 ὅ,
637 3525 663 3598 9
680 3530 708 3590 94
