2767 4492
576 309 708 358 mmotu
1128 299 1164 359 93

117 401 190 464 alios
206 399 337 458 domitet
352 396 377 472 l,
392 396 573 474 probandum
590 396 710 455 ndetur.
731 396 801 456 llam
825 411 905 458 amor
918 399 1085 479 generatim,
1100 399 1163 458 siue

115 486 349 547 determinatione
366 483 478 550 obiecti,
490 499 542 558 pro
557 482 650 557 primo
665 481 737 540 iuris
751 483 888 542 naturalis
902 484 1042 559 principio
1057 484 1161 544 cousti-

116 572 157 630 tui
167 572 274 646 nequit.
287 571 347 629 llou
362 569 445 629 modo
459 568 538 628 euim
554 566 681 640 talis'eot,
700 572 730 626 ut
744 575 895 642 praecepto
904 586 956 643 per
964 586 997 628 se
1004 586 1062 629 uon
1072 570 1161 630 subii-

115 657 215 728 ciatur,
232 671 297 714 cum
313 655 350 714 ait
365 653 476 713 allectio
492 653 633 727 quaedam
649 653 812 712 necessaria
826 654 932 726 auimi3
950 656 1101 715 sedetiam
1118 656 1161 716 iu·

114 740 305 800 differentiam
320 739 422 799 retinet
444 738 479 797 ad
493 738 601 797 bouum
616 741 678 796 tum
692 738 769 797 reale
790 744 850 797 tum
867 755 1016 814 apparens,
1037 746 1100 799 tum
1116 759 1160 802 ra·

113 827 197 886 tionis
208 831 269 884 tum
288 839 433 884 sensuum.
444 821 572 883 Profecto
588 823 698 882 bonum
714 840 854 899 apparens
870 839 969 882 verum
984 829 1027 883 est
1040 826 1158 900 malum,

112 918 140 971 et
154 919 250 971 lameu
269 925 395 970 amorem
409 909 522 968 excitat.
541 909 666 983 Itemque
691 907 800 968 bonum
820 925 968 983 sensuum,
985 910 1047 968 siue
1062 910 1157 970 debito

112 997 210 1056 ordine
226 997 260 1056 ad
277 996 384 1054 bonum
399 995 527 1066 rationis,
546 1009 674 1053 amorem
689 996 801 1053 nullum
818 1001 952 1068 meretur,
962 1001 991 1054 et
1005 1001 1099 1053 amen
1111 1012 1159 1070 ap

111 1084 274 1158 petitionem
290 1079 431 1140 sollicitat.
449 1080 520 1154 Ergo
537 1094 618 1137 amor
628 1095 679 1154 per
694 1096 734 1152 se,
748 1079 888 1138 abstracte
898 1087 1038 1156 sumptus,
1050 1081 1159 1140 nullam

111 1183 242 1227 normam
257 1164 393 1240 operandi
409 1163 580 1238 suppeditat.
594 1164 642 1223 Sin
654 1179 720 1223 vero
732 1165 835 1239 triplex
846 1165 895 1223 illa
909 1165 1012 1224 obiecti
1027 1166 1158 1224 determi-

110 1253 188 1310 natio
210 1251 383 1323 adiungitur,
401 1255 468 1308 tuna
483 1250 645 1324 praeceptio
663 1249 874 1323 asimplieitate
894 1250 998 1322 delicit,
1015 1265 1112 1323 quom,
1127 1255 1157 1308 ut

87 1379 89 1384 .
110 1335 182 1408 dixi,
194 1335 319 1412 primum
336 1335 404 1407 legis
418 1335 591 1410 principium
601 1335 656 1394 sibi
667 1335 802 1394 vindicet.
819 1337 906 1410 Aqua
919 1335 1099 1409 simplicitate
1111 1334 1157 1392 de·

109 1421 169 1481 ficii
183 1422 267 1478 etiam
284 1422 449 1492 lienuensis,
467 1421 516 1495 qui
536 1421 661 1496 primum
677 1421 850 1496 principium
875 1421 946 1494 legis
965 1419 1157 1480 naturaelroc

14 1505 16 1588 ,
108 1509 251 1582 proponit:
269 1507 315 1564 ius
329 1507 466 1564 striatam
483 1505 589 1579 oaiqae
603 1520 695 1563 saum
706 1507 818 1580 intepre
829 1506 941 1577 tridae,·
955 1506 983 1564 si
996 1505 1154 1563 ullomodo

14 1611 16 1648 ;
109 1591 239 1658 locterio,
263 1590 490 1664 labefactaverit,
512 1591 671 1659 atioaeric,
698 1590 823 1665 reddita·
843 1590 1013 1664 miscearis,
1036 1585 1151 1665 'parata

106 1677 191 1743 altio.
210 1676 281 1738 Tum
293 1679 341 1738 ios
354 1676 579 1758 praesidiique
594 1677 744 1738 hominem
753 1693 822 1736 aum
839 1677 957 1738 homine
972 1695 1054 1753 apat,
1068 1695 1152 1755 praa·

105 1769 181 1822 stato
198 1766 222 1822 2.

146 1849 199 1908 Sed
214 1866 249 1908 ne
266 1851 377 1920 loomim
394 1865 478 1924 vager
492 1864 525 1909 ac
544 1847 579 1908 do
592 1849 798 1910 recentioribus
813 1848 920 1926 aliquid
936 1850 1065 1923 induam,
1089 1850 1152 1907 lim-

110 1934 226 1995 maouel
243 1935 314 1993 llam
328 1935 518 2010 principium,
537 1934 572 1992 de
587 1951 644 2010 quo
659 1935 838 2011 quaerimus,
850 1935 881 1992 iu
897 1935 1009 1993 actione
1023 1935 1152 2010 aptiori

107 2020 250 2094 reposuit,
273 2037 323 2078 seu
345 2023 375 2078 iu
395 2021 506 2078 actione
526 2035 598 2092 quae
617 2021 666 2077 liat
685 2020 770 2078 unico
790 2025 905 2095 pmpter
923 2019 1015 2093 legem
1034 2020 1151 2077 rationis

107 2104 170 2163 siue
194 2104 252 2162 ullo
274 2111 403 2179 respectu
423 2104 458 2161 ad
480 2104 630 2177 empiricos
650 2103 782 2176 effectur,
804 2119 875 2179 quos
889 2105 1038 2179 progignit.
1061 2105 1150 2177 litque

108 2189 251 2250 eiusmodi
266 2189 451 2263 principium,
468 2188 544 2264 quod
553 2187 712 2247 novitatum
726 2189 840 2262 pruritu
854 2189 1065 2266 imperativam
1078 2197 1150 2246 aota-

108 2275 244 2350 poticam
260 2273 426 2348 appellavit,
445 2273 486 2333 sic
500 2274 658 2348 expressit:
674 2275 716 2333 sic
731 2290 784 2347 ape
793 2281 828 2332 at
841 2274 894 2349 lea,
906 2291 1000 2350 quam
1014 2275 1147 2333 col-uota

107 2360 131 2418 li
151 2367 218 2420 laad
233 2360 424 2436 praestituis,
449 2359 546 2418 vaicra
562 2359 654 2436 possit
670 2375 726 2436 pro
747 2360 877 2434 peuerell
901 2377 1008 2419 aulana
1029 2377 1149 2435 operate-

106 2445 139 2502 di
155 2445 180 2502 ὅ.
202 2445 319 2504 Corrsiu:
338 2461 386 2503 eras
403 2445 545 2514 liberum,
563 2445 791 2503 maeotidarum
808 2449 832 2517 ⁴3
849 2445 1000 2503 Damiron:
1013 2445 1148 2504 evolatio-

103 2545 171 2590 nem
182 2529 303 2606 planam
314 2531 449 2588 maniam
458 2530 649 2606 facultatum,
665 2535 811 2604 tamquam
822 2530 947 2604 primum
958 2535 1141 2602 praecaptum

103 2631 141 2675 ex
154 2631 209 2690 quo
220 2615 330 2690 reliqua
345 2615 480 2690 lluerent,
490 2616 685 2676 decreverunt.
698 2616 826 2689 Denique
833 2615 943 2682 Fiehte,
959 2613 1146 2671 rationalista·

20 2705 21 2708 ’
102 2715 169 2761 rum
185 2700 268 2758 facile
290 2700 438 2775 princeps,
462 2717 513 2774 pro
532 2701 633 2759 morali
653 2699 855 2758 ootaimodarn
872 2696 1143 2772 independeotiam3

102 2800 153 2861 pro
168 2785 231 2844 iure
242 2786 338 2844 sociali
355 2785 407 2842 lroc
421 2785 646 2858 pulcherrimum
662 2783 836 2860 principium
846 2782 1005 2842 coustituit:
1017 2781 1109 2858 lillipe
1121 2789 1146 2842 ta

101 2869 302 2943 superomnia
318 2876 343 2925 et
354 2869 427 2924 alios
442 2869 572 2926 homines
582 2875 701 2943 propter
712 2877 746 2926 te.

136 2953 240 3012 ilerum
255 2957 288 3009 ut
304 2952 375 3009 lianc
399 2951 529 3008 ultimam
554 2951 699 3009 insaniam
719 2953 857 3026 omittam,
882 2969 954 3028 quae
976 2953 1145 3012 refutatione

101 3054 159 3098 nou
175 3042 238 3112 eget
254 3035 409 3110 (siquidem
432 3035 462 3094 iu
484 3035 662 3110 pontheismo
682 3037 817 3096 fundatur
837 3045 864 3097 et
877 3055 933 3097 ooo
954 3039 1030 3099 aliud
1050 3039 1144 3112 expri-

101 3123 154 3184 mit
168 3123 223 3180 uisl
242 3121 437 3196 turpissimum
456 3123 632 3196 egoismum,
653 3121 689 3180 od
711 3138 797 3196 quem
817 3125 931 3182 taudem
952 3126 1144 3183 rationalistue

100 3208 281 3282 deveuiuutl;
297 3212 372 3266 certe
383 3207 477 3266 llantii
494 3207 612 3266 effatum
629 3207 660 3267 in
674 3208 808 3268 omuibus
819 3210 1022 3269 olliciislocum
1039 3210 1143 3268 hahere

100 3310 156 3356 neu
171 3298 272 3369 potest.
290 3292 358 3352 duur
373 3293 450 3352 euim
465 3309 516 3374 pro
534 3293 667 3353 varietate
683 3294 896 3368 adiuncturum,
918 3295 1023 3369 quibus
1037 3296 1142 3368 sinquli

99 3379 229 3442 homines
243 3378 423 3452 alliciuntur,
440 3394 474 3437 aa
484 3385 559 3438 statu
574 3379 603 3438 iu
619 3396 674 3454 quo
687 3386 851 3442 versantur,
863 3381 1140 3440 diversisteueaolur
1207 3445 1214 3454 ,

98 3465 219 3538 ostiatim
237 3479 295 3526 nou
309 3477 422 3538 semper
435 3462 480 3537 id,
504 3463 580 3538 quod
602 3465 653 3526 uui
668 3466 815 3540 convenit,
840 3465 973 3531 omnious
993 3465 1138 3527 contenit.

143 3666 154 3712 l
173 3665 256 3712 Ibidem
271 3665 296 3730 ς.
314 3665 352 3711 90.

142 3739 157 3785 2
172 3743 205 3786 De
221 3742 309 3802 Officiis
325 3741 340 3786 l.
359 3740 381 3804 l,
400 3757 419 3786 c.
438 3739 460 3787 5.

142 3813 157 3859 5
174 3817 262 3862 critica
277 3821 330 3864 ilai.
344 3821 464 3880 practicae
479 3833 528 3881 pars
544 3818 567 3882 l,
583 3818 598 3864 Ι.
616 3819 639 3886 l,
656 3835 675 3867 c.
692 3820 715 3887 l,
731 3820 757 3884 5.
773 3821 796 3871 7.

141 3891 155 3940 l
172 3893 246 3942 court
258 3894 343 3943 d'llitl.
360 3896 388 3944 dc
399 3897 461 3958 pili.
479 3909 538 3946 mor.
555 3893 596 3959 laq.
612 3895 631 3945 1.
