2767 4492
29 494 36 578 ἰ
126 473 657 596 METAPHYSICA
693 473 1119 596 GENERALIS

578 731 650 778 SEU

404 907 828 1000 ONTOLOGIA

572 1152 658 1178 ‘Om—

464 1459 777 1544 PROLOGUS

127 1733 215 1790 ratae
232 1734 435 1801 perniciemque
446 1733 613 1786 sentinatio
625 1732 769 1784 nonnullos
782 1739 904 1798 oeeupet,
918 1735 1141 1800 netapiepsieaee,

92 1830 182 1888 utpote
193 1819 389 1886 speculationis
402 1825 508 1870 tuntuns
518 1820 626 1882 repiane
637 1823 800 1883 nouantem,
813 1817 855 1868 nii
865 1819 948 1882 piane
959 1820 991 1870 in
1002 1833 1088 1872 utores
1099 1823 1142 1874 in·

93 1909 194 1974 fiune,
208 1906 338 1969 nullaque
350 1916 383 1956 ea
394 1905 455 1968 ipsa
466 1906 498 1954 in
510 1903 648 1954 hominurn
660 1915 743 1966 penus
760 1903 896 1953 eonenoaa
913 1903 955 1954 uei
970 1905 1139 1957 ineeaneae

93 1993 222 2045 monn.
239 1990 329 2052 Quare
341 1988 523 2040 nooiiiesinae
542 1989 621 2037 ituius
639 1986 803 2050 diseipiinae
821 1987 900 2050 quasi
918 1989 1008 2040 taedio
1025 1993 1141 2054 quedem

93 2079 178 2140 eapti,
192 2088 253 2127 ean
262 2074 345 2137 parui
354 2075 475 2136 pendunt
489 2077 514 2124 et
526 2073 661 2128 aeterum,
675 2076 725 2121 aut
735 2083 834 2134 parum
846 2071 877 2120 in
889 2076 988 2123 aetem
1000 2075 1139 2131 seientias,

91 2161 254 2225 praesertin
264 2158 412 2222 praetiosae,
425 2157 540 2222 influere
552 2158 711 2220 opinantur.
730 2155 825 2225 i'erurn
836 2155 883 2204 net
894 2156 925 2206 in
937 2169 1024 2210 errore
1036 2161 1141 2210 ueremi

89 2257 167 2309 seque
184 2245 259 2308 ipsos
278 2242 382 2293 eludere
398 2243 514 2304 prudens
532 2242 641 2306 quisque
657 2240 739 2305 {aeiie
755 2238 898 2290 iuaioaoit.
912 2237 1055 2292 Mediocris
1069 2243 1140 2294 enine

89 2328 275 2380 eonsideratio
286 2327 386 2390 oppido
398 2325 511 2391 suffieit,
520 2332 552 2378 ut
564 2330 741 2391 eopnoteatur
753 2330 858 2391 quanta
869 2325 925 2378 eius
936 2326 974 2376 tit
985 2327 1141 2383 necessitas,
1189 2365 1194 2376 .

89 2415 188 2466 neeiunt
201 2412 324 2465 utilitas.

122 2497 240 2548 Etenim
250 2495 437 2558 metaphysiea
448 2495 519 2546 niieii
534 2502 573 2546 est
584 2495 672 2551 aliua,
681 2494 738 2546 niti
746 2509 835 2547 rerunt
846 2493 989 2545 materians
1003 2499 1142 2544 transcen·

88 2583 223 2638 dentium,
239 2592 286 2629 seu
297 2591 355 2628 non
367 2591 555 2642 eorporearun
566 2580 690 2630 seientia.
704 2579 873 2645 Quapropter
887 2584 988 2630 autres
1001 2577 1075 2628 enni
1087 2591 1143 2630 na·

88 2667 172 2717 toriae
188 2663 361 2715 eoneretione
374 2663 478 2714 soiutae
492 2662 604 2729 (quates
618 2670 681 2714 sunt
698 2665 805 2716 animus
819 2667 949 2714 numanus
961 2669 986 2715 et
998 2663 1070 2715 Deus
1080 2662 1091 2729 )
1106 2665 1143 2716 aei

87 2748 326 2813 contemptanaun
345 2749 459 2798 assumit
470 2761 481 2805 ‚·
493 2754 541 2798 aut
554 2761 596 2798 res
607 2748 725 2798 materia
740 2749 846 2812 quiden
864 2749 1036 2800 eeaieseentes
1054 2749 1143 2798 eonsi-

87 2836 183 2892 iierat,
198 2836 233 2882 at
245 2844 302 2880 non
313 2836 395 2895 presa
406 2843 498 2880 sensus
509 2835 632 2885 nonant,
645 2831 691 2880 seri
700 2839 782 2891 prosu
794 2831 902 2879 ratione
913 2831 1104 2890 uttinpuntur,
1118 2835 1143 2878 et

85 2919 224 2970 materiae
245 2916 440 2964 ronnetionem
453 2919 478 2963 et
495 2913 627 2962 ambitium
645 2912 753 2960 annino
771 2911 944 2961 trontiiiuat.
965 2910 1042 2964 Hine
1058 2915 1096 2960 eti
1112 2917 1144 2962 nt

81 3000 236 3068 principia
247 2996 366 3046 naaion
378 2995 517 3055 perseraiia
535 2991 745 3051 contempletur,
764 2997 842 3054 atque
861 2992 897 3040 iis
914 2992 1048 3042 sotoenais
1065 3005 1144 3055 puae·

83 3081 230 3138 ottonibus
245 3079 289 3126 aet
302 3087 429 3137 operam,
443 3087 509 3136 quae
527 3072 643 3122 nominis
659 3072 778 3123 manime
797 3074 929 3126 intersunt
940 3114 950 3133 ,
963 3081 988 3128 et
1002 3074 1142 3140 inquibus

85 3174 150 3223 tata
165 3159 309 3213 actionum
321 3158 502 3207 humanarum
512 3155 595 3208 series
606 3160 686 3217 eaput
699 3154 776 3208 habet
789 3162 814 3207 et
828 3161 905 3221 quati
917 3159 1028 3224 fontem.

122 3251 240 3313 Quare,
252 3245 278 3293 si
287 3241 474 3307 particularia
486 3254 520 3293 ea
531 3239 729 3291 uniuersalibus
740 3244 865 3305 pendent.
880 3245 905 3294 si
918 3257 951 3296 ee
962 3243 1037 3308 fonte
1051 3251 1141 3298 teutu-

86 3339 168 3386 riunt
180 3329 269 3382 rivuli
274 3343 286 3388 ,·
297 3341 374 3379 neno
385 3341 441 3378 non
454 3328 524 3380 viaet
535 3327 747 3391 eretapeysieoee
756 3329 787 3380 in
796 3335 895 3382 eeteros
907 3329 1078 3393 aiseiptreas,
1087 3343 1143 3382 eos·

87 3433 137 3485 que
147 3415 324 3482 potissimum
335 3425 403 3478 puae
416 3415 453 3464 aei
464 3426 549 3467 enoret
562 3414 709 3477 pertinent,
720 3425 883 3479 summopere
892 3415 1011 3480 operari,
1021 3421 1102 3480 atque
1112 3417 1142 3466 in

88 3504 246 3554 totietatem
257 3500 411 3549 universnm
423 3504 459 3556 et,
473 3501 499 3549 si
511 3500 552 3551 ita
565 3499 637 3562 ioqui
651 3498 696 3564 iat
710 3505 760 3557 est,
773 3501 805 3550 in
825 3502 900 3563 ipsae
916 3501 1042 3565 opifieuen
1058 3500 1140 3568 offlei-

88 3601 141 3637 nas
153 3585 369 3648 rusticorumque
383 3583 506 3647 mapaiia
517 3597 594 3635 suam
606 3583 791 3651 efficacitatern
804 3596 919 3642 tuerere,
929 3597 1043 3649 tuasque
1051 3588 1140 3650 quaii-

89 3677 162 3722 tates
176 3669 338 3734 diffundere.
354 3667 440 3733 Atque
451 3669 499 3719 noe
513 3670 583 3733 quoa
594 3671 668 3720 ratio
680 3670 775 3720 suadet
787 3706 796 3726 ,
809 3670 976 3732 experientia
988 3670 1139 3740 consternat.

92 3753 168 3806 Nam
180 3759 335 3804 constanter
354 3760 515 3816 compertum
527 3759 566 3804 est
577 3753 609 3802 in
620 3753 714 3817 quaeis
736 3753 897 3816 reipubiieae
906 3759 987 3817 parte
1001 3757 1141 3821 turpifica-

92 3845 135 3890 tos
147 3839 271 3888 extitisse
283 3839 387 3887 animos
402 3843 450 3887 aut
464 3837 525 3888 bene
536 3844 666 3894 moratos,
678 3845 761 3900 prout
772 3839 955 3902 metaphysiea
969 3837 1066 3905 (quam
1080 3841 1139 3888 ian-

92 3936 125 3998 pe
134 3915 170 3974 ab
182 3921 305 3973 nunonis
313 3921 431 3975 rnoriiur
444 3921 547 3974 inaeoti
556 3921 670 3985 putant}
681 3934 745 3979 vera
758 3927 803 3973 otei
820 3921 892 3986 faita
904 3925 1009 3978 decreta
1020 3934 1141 3988 pronun-¹
