<?xml version="1.0" encoding="UTF-8"?>
<!DOCTYPE html PUBLIC "-//W3C//DTD XHTML 1.0 Transitional//EN"
    "http://www.w3.org/TR/xhtml1/DTD/xhtml1-transitional.dtd">
<html xmlns="http://www.w3.org/1999/xhtml" xml:lang="en" lang="en">
 <head>
  <title>
</title>
<meta http-equiv="Content-Type" content="text/html;charset=utf-8" />
  <meta name='ocr-system' content='tesseract 3.04.00' />
  <meta name='ocr-capabilities' content='ocr_page ocr_carea ocr_par ocr_line ocrx_word'/>
</head>
<body>
  <div class='ocr_page' id='page_1' title='image "./institutionesph00libegoog_0743.png"; bbox 0 0 2767 4492; ppageno 0'>
   <div class='ocr_carea' id='block_1_1' title="bbox 532 381 1168 445">
    <p class='ocr_par' dir='ltr' id='par_1_1' title="bbox 532 381 1168 445">
     <span class='ocr_line' id='line_1_1' title="bbox 532 381 1168 445; baseline 0.017 -13"><span class='ocrx_word' id='word_1_1' title='bbox 532 389 766 436; x_wconf 77' lang='lat' dir='ltr'>ruursxaruuau</span> <span class='ocrx_word' id='word_1_2' title='bbox 1118 381 1168 445; x_wconf 87' lang='lat' dir='ltr'>lll</span> 
     </span>
    </p>
   </div>
   <div class='ocr_carea' id='block_1_2' title="bbox 94 473 1245 4028">
    <p class='ocr_par' dir='ltr' id='par_1_2' title="bbox 123 473 1172 1213">
     <span class='ocr_line' id='line_1_2' title="bbox 126 473 1165 553; baseline 0.005 -16"><span class='ocrx_word' id='word_1_3' title='bbox 126 492 196 537; x_wconf 91' lang='lat' dir='ltr'>num</span> <span class='ocrx_word' id='word_1_4' title='bbox 209 476 325 535; x_wconf 88' lang='lat' dir='ltr'>nomine</span> <span class='ocrx_word' id='word_1_5' title='bbox 338 473 476 533; x_wconf 88' lang='lat' dir='ltr'>latissime</span> <span class='ocrx_word' id='word_1_6' title='bbox 491 480 605 548; x_wconf 89' lang='lat' dir='ltr'>sumpto</span> <span class='ocrx_word' id='word_1_7' title='bbox 626 474 770 546; x_wconf 81' lang='lat' dir='ltr'>rlesiguari</span> <span class='ocrx_word' id='word_1_8' title='bbox 785 477 892 552; x_wconf 81' lang='lat' dir='ltr'>solent,</span> <span class='ocrx_word' id='word_1_9' title='bbox 918 478 1024 553; x_wconf 90' lang='lat' dir='ltr'>quique</span> <span class='ocrx_word' id='word_1_10' title='bbox 1045 481 1098 539; x_wconf 88' lang='lat' dir='ltr'>etsi</span> <span class='ocrx_word' id='word_1_11' title='bbox 1119 498 1165 543; x_wconf 89' lang='lat' dir='ltr'>su-</span> 
     </span>
     <span class='ocr_line' id='line_1_3' title="bbox 126 559 1168 640; baseline 0.008 -21"><span class='ocrx_word' id='word_1_12' title='bbox 126 562 286 636; x_wconf 88' lang='lat' dir='ltr'>perioribus</span> <span class='ocrx_word' id='word_1_13' title='bbox 302 560 430 619; x_wconf 88' lang='lat' dir='ltr'>turmulis</span> <span class='ocrx_word' id='word_1_14' title='bbox 444 559 643 618; x_wconf 75' lang='lat' dir='ltr'>contineantur</span> <span class='ocrx_word' id='word_1_15' title='bbox 658 559 737 631; x_wconf 89' lang='lat' dir='ltr'>(illue</span> <span class='ocrx_word' id='word_1_16' title='bbox 752 561 830 621; x_wconf 90' lang='lat' dir='ltr'>euim</span> <span class='ocrx_word' id='word_1_17' title='bbox 844 578 945 621; x_wconf 90' lang='lat' dir='ltr'>omues</span> <span class='ocrx_word' id='word_1_18' title='bbox 958 579 1040 625; x_wconf 87' lang='lat' dir='ltr'>casus</span> <span class='ocrx_word' id='word_1_19' title='bbox 1050 566 1168 640; x_wconf 91' lang='lat' dir='ltr'>possibi-</span> 
     </span>
     <span class='ocr_line' id='line_1_4' title="bbox 123 643 1168 725; baseline 0.007 -23"><span class='ocrx_word' id='word_1_20' title='bbox 123 647 164 704; x_wconf 85' lang='lat' dir='ltr'>lcs</span> <span class='ocrx_word' id='word_1_21' title='bbox 174 645 278 720; x_wconf 84' lang='lat' dir='ltr'>quibus</span> <span class='ocrx_word' id='word_1_22' title='bbox 289 644 472 704; x_wconf 88' lang='lat' dir='ltr'>commutatio</span> <span class='ocrx_word' id='word_1_23' title='bbox 488 644 537 703; x_wconf 88' lang='lat' dir='ltr'>liat</span> <span class='ocrx_word' id='word_1_24' title='bbox 546 643 802 718; x_wconf 85' lang='lat' dir='ltr'>complectuntur),</span> <span class='ocrx_word' id='word_1_25' title='bbox 819 652 913 705; x_wconf 90' lang='lat' dir='ltr'>tamen</span> <span class='ocrx_word' id='word_1_26' title='bbox 929 650 1064 721; x_wconf 79' lang='lat' dir='ltr'>peculiari</span> <span class='ocrx_word' id='word_1_27' title='bbox 1074 652 1168 725; x_wconf 89' lang='lat' dir='ltr'>appel-</span> 
     </span>
     <span class='ocr_line' id='line_1_5' title="bbox 127 729 1169 795; baseline 0.007 -8"><span class='ocrx_word' id='word_1_28' title='bbox 127 731 230 789; x_wconf 88' lang='lat' dir='ltr'>latione</span> <span class='ocrx_word' id='word_1_29' title='bbox 246 730 342 789; x_wconf 90' lang='lat' dir='ltr'>donati</span> <span class='ocrx_word' id='word_1_30' title='bbox 357 738 432 787; x_wconf 91' lang='lat' dir='ltr'>suut.</span> <span class='ocrx_word' id='word_1_31' title='bbox 450 729 534 787; x_wconf 82' lang='lat' dir='ltr'>Porro</span> <span class='ocrx_word' id='word_1_32' title='bbox 549 734 711 787; x_wconf 89' lang='lat' dir='ltr'>contractus</span> <span class='ocrx_word' id='word_1_33' title='bbox 733 730 872 789; x_wconf 87' lang='lat' dir='ltr'>eiusmodi</span> <span class='ocrx_word' id='word_1_34' title='bbox 888 732 1072 791; x_wconf 79' lang='lat' dir='ltr'>multifariam</span> <span class='ocrx_word' id='word_1_35' title='bbox 1089 752 1169 795; x_wconf 81' lang='lat' dir='ltr'>eucr-</span> 
     </span>
     <span class='ocr_line' id='line_1_6' title="bbox 127 814 1170 889; baseline 0.006 -14"><span class='ocrx_word' id='word_1_36' title='bbox 127 824 237 875; x_wconf 78' lang='lat' dir='ltr'>centur.</span> <span class='ocrx_word' id='word_1_37' title='bbox 254 816 324 874; x_wconf 79' lang='lat' dir='ltr'>b&#39;am</span> <span class='ocrx_word' id='word_1_38' title='bbox 339 815 383 873; x_wconf 83' lang='lat' dir='ltr'>ucl</span> <span class='ocrx_word' id='word_1_39' title='bbox 399 819 525 873; x_wconf 88' lang='lat' dir='ltr'>mutatur</span> <span class='ocrx_word' id='word_1_40' title='bbox 539 828 586 872; x_wconf 91' lang='lat' dir='ltr'>res</span> <span class='ocrx_word' id='word_1_41' title='bbox 602 829 669 871; x_wconf 95' lang='lat' dir='ltr'>cum</span> <span class='ocrx_word' id='word_1_42' title='bbox 682 830 728 879; x_wconf 89' lang='lat' dir='ltr'>rc,</span> <span class='ocrx_word' id='word_1_43' title='bbox 741 820 769 873; x_wconf 92' lang='lat' dir='ltr'>et</span> <span class='ocrx_word' id='word_1_44' title='bbox 780 814 900 874; x_wconf 85' lang='lat' dir='ltr'>liabetur</span> <span class='ocrx_word' id='word_1_45' title='bbox 913 817 1091 889; x_wconf 74' lang='lat' dir='ltr'>permutatio</span> <span class='ocrx_word' id='word_1_46' title='bbox 1106 820 1170 881; x_wconf 86' lang='lat' dir='ltr'>stri·</span> 
     </span>
     <span class='ocr_line' id='line_1_7' title="bbox 126 897 1170 975; baseline 0.004 -16"><span class='ocrx_word' id='word_1_47' title='bbox 126 907 170 959; x_wconf 90' lang='lat' dir='ltr'>cte</span> <span class='ocrx_word' id='word_1_48' title='bbox 186 901 279 973; x_wconf 77' lang='lat' dir='ltr'>alicta3</span> <span class='ocrx_word' id='word_1_49' title='bbox 296 901 340 957; x_wconf 79' lang='lat' dir='ltr'>vel</span> <span class='ocrx_word' id='word_1_50' title='bbox 355 916 400 957; x_wconf 86' lang='lat' dir='ltr'>res</span> <span class='ocrx_word' id='word_1_51' title='bbox 414 913 479 957; x_wconf 91' lang='lat' dir='ltr'>cum</span> <span class='ocrx_word' id='word_1_52' title='bbox 497 897 619 972; x_wconf 84' lang='lat' dir='ltr'>pecunia</span> <span class='ocrx_word' id='word_1_53' title='bbox 633 904 663 957; x_wconf 89' lang='lat' dir='ltr'>et</span> <span class='ocrx_word' id='word_1_54' title='bbox 673 897 795 957; x_wconf 85' lang='lat' dir='ltr'>liabetur</span> <span class='ocrx_word' id='word_1_55' title='bbox 809 900 914 974; x_wconf 85' lang='lat' dir='ltr'>anaptio</span> <span class='ocrx_word' id='word_1_56' title='bbox 925 915 958 959; x_wconf 89' lang='lat' dir='ltr'>ac</span> <span class='ocrx_word' id='word_1_57' title='bbox 972 900 1114 975; x_wconf 81' lang='lat' dir='ltr'>uetaditiu,·</span> <span class='ocrx_word' id='word_1_58' title='bbox 1126 905 1170 963; x_wconf 86' lang='lat' dir='ltr'>vol</span> 
     </span>
     <span class='ocr_line' id='line_1_8' title="bbox 128 984 1170 1061; baseline 0.002 -18"><span class='ocrx_word' id='word_1_59' title='bbox 128 1002 196 1045; x_wconf 90' lang='lat' dir='ltr'>usus</span> <span class='ocrx_word' id='word_1_60' title='bbox 211 987 252 1045; x_wconf 89' lang='lat' dir='ltr'>roi</span> <span class='ocrx_word' id='word_1_61' title='bbox 270 987 401 1059; x_wconf 85' lang='lat' dir='ltr'>propriae</span> <span class='ocrx_word' id='word_1_62' title='bbox 421 999 489 1043; x_wconf 91' lang='lat' dir='ltr'>curu</span> <span class='ocrx_word' id='word_1_63' title='bbox 503 984 634 1059; x_wconf 76' lang='lat' dir='ltr'>pecunia,</span> <span class='ocrx_word' id='word_1_64' title='bbox 651 990 680 1041; x_wconf 90' lang='lat' dir='ltr'>et</span> <span class='ocrx_word' id='word_1_65' title='bbox 693 984 822 1057; x_wconf 80' lang='lat' dir='ltr'>exsurgit</span> <span class='ocrx_word' id='word_1_66' title='bbox 841 984 992 1043; x_wconf 85' lang='lat' dir='ltr'>conductio</span> <span class='ocrx_word' id='word_1_67' title='bbox 1004 990 1031 1043; x_wconf 90' lang='lat' dir='ltr'>et</span> <span class='ocrx_word' id='word_1_68' title='bbox 1048 985 1150 1045; x_wconf 86' lang='lat' dir='ltr'>locatio</span> <span class='ocrx_word' id='word_1_69' title='bbox 1160 1009 1170 1061; x_wconf 83' lang='lat'>,-</span> 
     </span>
     <span class='ocr_line' id='line_1_9' title="bbox 127 1067 1172 1145; baseline 0.002 -16"><span class='ocrx_word' id='word_1_70' title='bbox 127 1074 171 1129; x_wconf 81' lang='lat' dir='ltr'>uel</span> <span class='ocrx_word' id='word_1_71' title='bbox 187 1072 308 1145; x_wconf 90' lang='lat' dir='ltr'>pecunia</span> <span class='ocrx_word' id='word_1_72' title='bbox 325 1085 461 1144; x_wconf 86' lang='lat' dir='ltr'>praesens</span> <span class='ocrx_word' id='word_1_73' title='bbox 475 1084 542 1129; x_wconf 90' lang='lat' dir='ltr'>cum</span> <span class='ocrx_word' id='word_1_74' title='bbox 556 1067 822 1144; x_wconf 88' lang='lat' dir='ltr'>pecuniadeiuceps</span> <span class='ocrx_word' id='word_1_75' title='bbox 835 1068 992 1142; x_wconf 82' lang='lat' dir='ltr'>reddenda,</span> <span class='ocrx_word' id='word_1_76' title='bbox 1004 1074 1032 1129; x_wconf 92' lang='lat' dir='ltr'>et</span> <span class='ocrx_word' id='word_1_77' title='bbox 1046 1072 1172 1131; x_wconf 90' lang='lat' dir='ltr'>nascitur</span> 
     </span>
     <span class='ocr_line' id='line_1_10' title="bbox 128 1164 282 1213; baseline 0.006 -1"><span class='ocrx_word' id='word_1_78' title='bbox 128 1164 282 1213; x_wconf 82' lang='lat' dir='ltr'>rittttaam.</span> 
     </span>
    </p>

    <p class='ocr_par' dir='ltr' id='par_1_3' title="bbox 127 1238 1173 1657">
     <span class='ocr_line' id='line_1_11' title="bbox 163 1238 1173 1314; baseline 0.004 -17"><span class='ocrx_word' id='word_1_79' title='bbox 163 1242 287 1298; x_wconf 74' lang='lat' dir='ltr'>illiorum</span> <span class='ocrx_word' id='word_1_80' title='bbox 302 1255 393 1313; x_wconf 89' lang='lat' dir='ltr'>genus</span> <span class='ocrx_word' id='word_1_81' title='bbox 407 1243 605 1297; x_wconf 80' lang='lat' dir='ltr'>contractuum</span> <span class='ocrx_word' id='word_1_82' title='bbox 617 1254 720 1312; x_wconf 89' lang='lat' dir='ltr'>nempe</span> <span class='ocrx_word' id='word_1_83' title='bbox 737 1238 940 1313; x_wconf 80' lang='lat' dir='ltr'>inaequalium,</span> <span class='ocrx_word' id='word_1_84' title='bbox 959 1241 1173 1314; x_wconf 86' lang='lat' dir='ltr'>comprehcndit</span> 
     </span>
     <span class='ocr_line' id='line_1_12' title="bbox 128 1323 1173 1401; baseline 0.005 -20"><span class='ocrx_word' id='word_1_85' title='bbox 128 1323 290 1393; x_wconf 66' lang='lat' dir='ltr'>largitiones</span> <span class='ocrx_word' id='word_1_86' title='bbox 301 1324 533 1397; x_wconf 78' lang='lat' dir='ltr'>qualescumque</span> <span class='ocrx_word' id='word_1_87' title='bbox 553 1324 629 1383; x_wconf 87' lang='lat' dir='ltr'>Unde</span> <span class='ocrx_word' id='word_1_88' title='bbox 645 1324 681 1381; x_wconf 91' lang='lat' dir='ltr'>ad</span> <span class='ocrx_word' id='word_1_89' title='bbox 703 1324 772 1383; x_wconf 83' lang='lat' dir='ltr'>illud</span> <span class='ocrx_word' id='word_1_90' title='bbox 790 1331 959 1383; x_wconf 81' lang='lat' dir='ltr'>revocantur</span> <span class='ocrx_word' id='word_1_91' title='bbox 977 1324 1096 1384; x_wconf 80' lang='lat' dir='ltr'>deiratio</span> <span class='ocrx_word' id='word_1_92' title='bbox 1111 1344 1173 1401; x_wconf 93' lang='lat' dir='ltr'>pro-</span> 
     </span>
     <span class='ocr_line' id='line_1_13' title="bbox 127 1412 1173 1486; baseline 0.006 -16"><span class='ocrx_word' id='word_1_93' title='bbox 127 1413 188 1486; x_wconf 90' lang='lat' dir='ltr'>prio</span> <span class='ocrx_word' id='word_1_94' title='bbox 202 1413 293 1485; x_wconf 81' lang='lat' dir='ltr'>uicta,</span> <span class='ocrx_word' id='word_1_95' title='bbox 312 1428 364 1471; x_wconf 78' lang='lat' dir='ltr'>sou</span> <span class='ocrx_word' id='word_1_96' title='bbox 380 1413 471 1471; x_wconf 87' lang='lat' dir='ltr'>cessio</span> <span class='ocrx_word' id='word_1_97' title='bbox 491 1413 670 1486; x_wconf 89' lang='lat' dir='ltr'>proprietatis</span> <span class='ocrx_word' id='word_1_98' title='bbox 695 1412 818 1472; x_wconf 74' lang='lat' dir='ltr'>alicuius</span> <span class='ocrx_word' id='word_1_99' title='bbox 833 1412 954 1485; x_wconf 78' lang='lat' dir='ltr'>obiecti3</span> <span class='ocrx_word' id='word_1_100' title='bbox 972 1412 1083 1486; x_wconf 79' lang='lat' dir='ltr'>largitio</span> <span class='ocrx_word' id='word_1_101' title='bbox 1104 1432 1173 1476; x_wconf 91' lang='lat' dir='ltr'>usus</span> 
     </span>
     <span class='ocr_line' id='line_1_14' title="bbox 128 1496 1173 1571; baseline 0.004 -16"><span class='ocrx_word' id='word_1_102' title='bbox 128 1498 169 1555; x_wconf 93' lang='lat' dir='ltr'>rci</span> <span class='ocrx_word' id='word_1_103' title='bbox 181 1499 342 1569; x_wconf 84' lang='lat' dir='ltr'>cuiusdam,</span> <span class='ocrx_word' id='word_1_104' title='bbox 354 1498 491 1556; x_wconf 89' lang='lat' dir='ltr'>nimirum</span> <span class='ocrx_word' id='word_1_105' title='bbox 502 1496 715 1568; x_wconf 83' lang='lat' dir='ltr'>comnmdetio;</span> <span class='ocrx_word' id='word_1_106' title='bbox 726 1496 879 1571; x_wconf 88' lang='lat' dir='ltr'>praestatio</span> <span class='ocrx_word' id='word_1_107' title='bbox 889 1496 1033 1556; x_wconf 88' lang='lat' dir='ltr'>servitutis</span> <span class='ocrx_word' id='word_1_108' title='bbox 1042 1500 1173 1559; x_wconf 89' lang='lat' dir='ltr'>materia·</span> 
     </span>
     <span class='ocr_line' id='line_1_15' title="bbox 127 1580 989 1657; baseline 0 -18"><span class='ocrx_word' id='word_1_109' title='bbox 127 1582 179 1654; x_wconf 79' lang='lat' dir='ltr'>lis,</span> <span class='ocrx_word' id='word_1_110' title='bbox 198 1590 229 1641; x_wconf 93' lang='lat' dir='ltr'>ut</span> <span class='ocrx_word' id='word_1_111' title='bbox 243 1583 273 1641; x_wconf 93' lang='lat' dir='ltr'>iu</span> <span class='ocrx_word' id='word_1_112' title='bbox 288 1582 429 1657; x_wconf 64' lang='lat' dir='ltr'>depos-itm</span> <span class='ocrx_word' id='word_1_113' title='bbox 445 1581 490 1639; x_wconf 86' lang='lat' dir='ltr'>vel</span> <span class='ocrx_word' id='word_1_114' title='bbox 507 1581 724 1654; x_wconf 79' lang='lat' dir='ltr'>intellectualis3</span> <span class='ocrx_word' id='word_1_115' title='bbox 743 1588 775 1641; x_wconf 89' lang='lat' dir='ltr'>ut</span> <span class='ocrx_word' id='word_1_116' title='bbox 790 1582 821 1641; x_wconf 91' lang='lat' dir='ltr'>iu</span> <span class='ocrx_word' id='word_1_117' title='bbox 837 1580 989 1641; x_wconf 84' lang='lat' dir='ltr'>mandato.</span> 
     </span>
    </p>

    <p class='ocr_par' dir='ltr' id='par_1_4' title="bbox 127 1664 1245 2163">
     <span class='ocr_line' id='line_1_16' title="bbox 162 1664 1171 1743; baseline 0.004 -19"><span class='ocrx_word' id='word_1_118' title='bbox 162 1667 281 1739; x_wconf 82' lang='lat' dir='ltr'>lleiiule,</span> <span class='ocrx_word' id='word_1_119' title='bbox 306 1668 470 1725; x_wconf 87' lang='lat' dir='ltr'>diuiduntur</span> <span class='ocrx_word' id='word_1_120' title='bbox 492 1673 653 1725; x_wconf 86' lang='lat' dir='ltr'>contractus</span> <span class='ocrx_word' id='word_1_121' title='bbox 674 1666 705 1723; x_wconf 92' lang='lat' dir='ltr'>iu</span> <span class='ocrx_word' id='word_1_122' title='bbox 726 1664 871 1725; x_wconf 86' lang='lat' dir='ltr'>absolutos</span> <span class='ocrx_word' id='word_1_123' title='bbox 897 1670 925 1725; x_wconf 92' lang='lat' dir='ltr'>et</span> <span class='ocrx_word' id='word_1_124' title='bbox 943 1666 1171 1743; x_wconf 70' lang='lat' dir='ltr'>conditionales,</span> 
     </span>
     <span class='ocr_line' id='line_1_17' title="bbox 127 1750 1170 1824; baseline 0.006 -17"><span class='ocrx_word' id='word_1_125' title='bbox 127 1758 210 1824; x_wconf 93' lang='lat' dir='ltr'>prout</span> <span class='ocrx_word' id='word_1_126' title='bbox 231 1768 329 1809; x_wconf 87' lang='lat' dir='ltr'>corum</span> <span class='ocrx_word' id='word_1_127' title='bbox 345 1751 403 1808; x_wconf 87' lang='lat' dir='ltr'>vim</span> <span class='ocrx_word' id='word_1_128' title='bbox 421 1752 458 1809; x_wconf 88' lang='lat' dir='ltr'>ab</span> <span class='ocrx_word' id='word_1_129' title='bbox 477 1750 573 1823; x_wconf 85' lang='lat' dir='ltr'>eliqua</span> <span class='ocrx_word' id='word_1_130' title='bbox 587 1750 748 1809; x_wconf 89' lang='lat' dir='ltr'>conditione</span> <span class='ocrx_word' id='word_1_131' title='bbox 765 1750 887 1823; x_wconf 89' lang='lat' dir='ltr'>pendere</span> <span class='ocrx_word' id='word_1_132' title='bbox 903 1755 952 1809; x_wconf 86' lang='lat' dir='ltr'>aiut</span> <span class='ocrx_word' id='word_1_133' title='bbox 970 1766 1053 1811; x_wconf 89' lang='lat' dir='ltr'>secus</span> <span class='ocrx_word' id='word_1_134' title='bbox 1069 1756 1170 1813; x_wconf 90' lang='lat' dir='ltr'>cousti-</span> 
     </span>
     <span class='ocr_line' id='line_1_18' title="bbox 128 1834 1172 1911; baseline 0.005 -19"><span class='ocrx_word' id='word_1_135' title='bbox 128 1838 224 1894; x_wconf 93' lang='lat' dir='ltr'>tuitur.</span> <span class='ocrx_word' id='word_1_136' title='bbox 241 1837 324 1895; x_wconf 88' lang='lat' dir='ltr'>Porro</span> <span class='ocrx_word' id='word_1_137' title='bbox 340 1837 411 1893; x_wconf 87' lang='lat' dir='ltr'>baec</span> <span class='ocrx_word' id='word_1_138' title='bbox 425 1834 548 1895; x_wconf 89' lang='lat' dir='ltr'>conditio</span> <span class='ocrx_word' id='word_1_139' title='bbox 572 1841 733 1907; x_wconf 85' lang='lat' dir='ltr'>potestesse</span> <span class='ocrx_word' id='word_1_140' title='bbox 752 1834 940 1908; x_wconf 69' lang='lat' dir='ltr'>affirmativa</span> <span class='ocrx_word' id='word_1_141' title='bbox 956 1835 1000 1893; x_wconf 88' lang='lat' dir='ltr'>vel</span> <span class='ocrx_word' id='word_1_142' title='bbox 1014 1838 1172 1911; x_wconf 73' lang='lat' dir='ltr'>leopatius,-</span> 
     </span>
     <span class='ocr_line' id='line_1_19' title="bbox 127 1919 1172 1996; baseline 0.002 -17"><span class='ocrx_word' id='word_1_143' title='bbox 127 1920 252 1995; x_wconf 88' lang='lat' dir='ltr'>itemque</span> <span class='ocrx_word' id='word_1_144' title='bbox 266 1921 453 1996; x_wconf 79' lang='lat' dir='ltr'>suspensius,</span> <span class='ocrx_word' id='word_1_145' title='bbox 470 1935 535 1978; x_wconf 90' lang='lat' dir='ltr'>eum</span> <span class='ocrx_word' id='word_1_146' title='bbox 551 1920 699 1993; x_wconf 82' lang='lat' dir='ltr'>suspendit</span> <span class='ocrx_word' id='word_1_147' title='bbox 721 1919 930 1979; x_wconf 84' lang='lat' dir='ltr'>inchoationem</span> <span class='ocrx_word' id='word_1_148' title='bbox 944 1919 1105 1996; x_wconf 88' lang='lat' dir='ltr'>obligandi;</span> <span class='ocrx_word' id='word_1_149' title='bbox 1122 1931 1172 1981; x_wconf 86' lang='lat' dir='ltr'>aut</span> 
     </span>
     <span class='ocr_line' id='line_1_20' title="bbox 128 2006 1171 2085; baseline 0.005 -22"><span class='ocrx_word' id='word_1_150' title='bbox 128 2007 296 2073; x_wconf 87' lang='lat' dir='ltr'>resolution,</span> <span class='ocrx_word' id='word_1_151' title='bbox 317 2022 384 2065; x_wconf 90' lang='lat' dir='ltr'>cum</span> <span class='ocrx_word' id='word_1_152' title='bbox 398 2007 461 2064; x_wconf 84' lang='lat' dir='ltr'>cius</span> <span class='ocrx_word' id='word_1_153' title='bbox 475 2012 594 2067; x_wconf 83' lang='lat' dir='ltr'>eventus</span> <span class='ocrx_word' id='word_1_154' title='bbox 608 2007 645 2065; x_wconf 87' lang='lat' dir='ltr'>ad</span> <span class='ocrx_word' id='word_1_155' title='bbox 656 2006 883 2080; x_wconf 80' lang='lat' dir='ltr'>extinguendam</span> <span class='ocrx_word' id='word_1_156' title='bbox 902 2006 1104 2080; x_wconf 82' lang='lat' dir='ltr'>obligationem</span> <span class='ocrx_word' id='word_1_157' title='bbox 1122 2024 1171 2085; x_wconf 89' lang='lat' dir='ltr'>ap·</span> 
     </span>
     <span class='ocr_line' id='line_1_21' title="bbox 128 2092 1245 2163; baseline 0.002 -14"><span class='ocrx_word' id='word_1_158' title='bbox 128 2092 253 2163; x_wconf 88' lang='lat' dir='ltr'>ponitur.</span> <span class='ocrx_word' id='word_1_159' title='bbox 1244 2159 1245 2162; x_wconf 8' lang='grc' dir='ltr'><strong>Ἴ</strong></span> 
     </span>
    </p>

    <p class='ocr_par' dir='ltr' id='par_1_5' title="bbox 128 2174 1172 2333">
     <span class='ocr_line' id='line_1_22' title="bbox 164 2174 1172 2251; baseline 0.006 -18"><span class='ocrx_word' id='word_1_160' title='bbox 164 2176 264 2241; x_wconf 77' lang='lat' dir='ltr'>Tertio,</span> <span class='ocrx_word' id='word_1_161' title='bbox 280 2176 445 2233; x_wconf 84' lang='lat' dir='ltr'>dividuntur</span> <span class='ocrx_word' id='word_1_162' title='bbox 456 2174 486 2233; x_wconf 94' lang='lat' dir='ltr'>in</span> <span class='ocrx_word' id='word_1_163' title='bbox 496 2174 685 2247; x_wconf 65' lang='lat' dir='ltr'>obligatorias</span> <span class='ocrx_word' id='word_1_164' title='bbox 695 2179 744 2232; x_wconf 89' lang='lat' dir='ltr'>aut</span> <span class='ocrx_word' id='word_1_165' title='bbox 756 2174 951 2243; x_wconf 70' lang='lat' dir='ltr'>litteratorios,</span> <span class='ocrx_word' id='word_1_166' title='bbox 965 2182 1047 2251; x_wconf 90' lang='lat' dir='ltr'>prout</span> <span class='ocrx_word' id='word_1_167' title='bbox 1057 2177 1093 2236; x_wconf 89' lang='lat' dir='ltr'>ad</span> <span class='ocrx_word' id='word_1_168' title='bbox 1104 2177 1172 2239; x_wconf 84' lang='lat' dir='ltr'>obli·</span> 
     </span>
     <span class='ocr_line' id='line_1_23' title="bbox 128 2259 966 2333; baseline 0.002 -16"><span class='ocrx_word' id='word_1_169' title='bbox 128 2261 273 2333; x_wconf 81' lang='lat' dir='ltr'>gatlouem</span> <span class='ocrx_word' id='word_1_170' title='bbox 287 2260 459 2331; x_wconf 83' lang='lat' dir='ltr'>gignendam</span> <span class='ocrx_word' id='word_1_171' title='bbox 478 2264 527 2316; x_wconf 93' lang='lat' dir='ltr'>aut</span> <span class='ocrx_word' id='word_1_172' title='bbox 542 2259 752 2317; x_wconf 84' lang='lat' dir='ltr'>dissolvendam</span> <span class='ocrx_word' id='word_1_173' title='bbox 769 2260 966 2319; x_wconf 90' lang='lat' dir='ltr'>instituuntur.</span> 
     </span>
    </p>

    <p class='ocr_par' dir='ltr' id='par_1_6' title="bbox 105 2342 1178 3077">
     <span class='ocr_line' id='line_1_24' title="bbox 165 2342 1177 2420; baseline 0.005 -19"><span class='ocrx_word' id='word_1_174' title='bbox 165 2344 300 2416; x_wconf 80' lang='lat' dir='ltr'>lleuique,</span> <span class='ocrx_word' id='word_1_175' title='bbox 317 2342 461 2416; x_wconf 86' lang='lat' dir='ltr'>dispartiri</span> <span class='ocrx_word' id='word_1_176' title='bbox 476 2349 595 2416; x_wconf 87' lang='lat' dir='ltr'>possunt</span> <span class='ocrx_word' id='word_1_177' title='bbox 610 2344 641 2400; x_wconf 92' lang='lat' dir='ltr'>iu</span> <span class='ocrx_word' id='word_1_178' title='bbox 652 2344 832 2417; x_wconf 73' lang='lat' dir='ltr'>principales</span> <span class='ocrx_word' id='word_1_179' title='bbox 847 2361 898 2403; x_wconf 85' lang='lat' dir='ltr'>seu</span> <span class='ocrx_word' id='word_1_180' title='bbox 915 2344 1133 2420; x_wconf 71' lang='lat' dir='ltr'>independenter</span> <span class='ocrx_word' id='word_1_181' title='bbox 1148 2353 1177 2407; x_wconf 89' lang='lat' dir='ltr'>ct</span> 
     </span>
     <span class='ocr_line' id='line_1_25' title="bbox 129 2427 1176 2503; baseline 0.002 -18"><span class='ocrx_word' id='word_1_182' title='bbox 129 2428 298 2485; x_wconf 81' lang='lat' dir='ltr'>accessorius</span> <span class='ocrx_word' id='word_1_183' title='bbox 307 2444 360 2485; x_wconf 81' lang='lat' dir='ltr'>scu</span> <span class='ocrx_word' id='word_1_184' title='bbox 374 2428 520 2498; x_wconf 82' lang='lat' dir='ltr'>relativos,</span> <span class='ocrx_word' id='word_1_185' title='bbox 539 2435 621 2501; x_wconf 91' lang='lat' dir='ltr'>prout</span> <span class='ocrx_word' id='word_1_186' title='bbox 634 2427 686 2485; x_wconf 88' lang='lat' dir='ltr'>soli</span> <span class='ocrx_word' id='word_1_187' title='bbox 705 2428 827 2487; x_wconf 84' lang='lat' dir='ltr'>existere</span> <span class='ocrx_word' id='word_1_188' title='bbox 844 2434 962 2501; x_wconf 89' lang='lat' dir='ltr'>possunt</span> <span class='ocrx_word' id='word_1_189' title='bbox 976 2438 1025 2488; x_wconf 90' lang='lat' dir='ltr'>aut</span> <span class='ocrx_word' id='word_1_190' title='bbox 1035 2446 1134 2503; x_wconf 83' lang='lat' dir='ltr'>secus3</span> <span class='ocrx_word' id='word_1_191' title='bbox 1148 2438 1176 2489; x_wconf 89' lang='lat' dir='ltr'>ct</span> 
     </span>
     <span class='ocr_line' id='line_1_26' title="bbox 130 2512 1176 2587; baseline 0.001 -17"><span class='ocrx_word' id='word_1_192' title='bbox 130 2514 371 2570; x_wconf 85' lang='lat' dir='ltr'>iuiulamcutelcm</span> <span class='ocrx_word' id='word_1_193' title='bbox 394 2512 552 2587; x_wconf 87' lang='lat' dir='ltr'>pactionem</span> <span class='ocrx_word' id='word_1_194' title='bbox 572 2512 723 2571; x_wconf 83' lang='lat' dir='ltr'>edormaut</span> <span class='ocrx_word' id='word_1_195' title='bbox 742 2518 792 2570; x_wconf 86' lang='lat' dir='ltr'>aut</span> <span class='ocrx_word' id='word_1_196' title='bbox 811 2512 927 2585; x_wconf 79' lang='lat' dir='ltr'>praeuia</span> <span class='ocrx_word' id='word_1_197' title='bbox 948 2515 1078 2585; x_wconf 84' lang='lat' dir='ltr'>pectione</span> <span class='ocrx_word' id='word_1_198' title='bbox 1102 2515 1176 2572; x_wconf 90' lang='lat' dir='ltr'>inui-</span> 
     </span>
     <span class='ocr_line' id='line_1_27' title="bbox 132 2596 1175 2673; baseline -0.001 -17"><span class='ocrx_word' id='word_1_199' title='bbox 132 2604 237 2657; x_wconf 92' lang='lat' dir='ltr'>lnutur.</span> <span class='ocrx_word' id='word_1_200' title='bbox 258 2600 289 2657; x_wconf 95' lang='lat' dir='ltr'>lu</span> <span class='ocrx_word' id='word_1_201' title='bbox 306 2599 425 2673; x_wconf 90' lang='lat' dir='ltr'>siugulis</span> <span class='ocrx_word' id='word_1_202' title='bbox 441 2613 507 2656; x_wconf 81' lang='lat' dir='ltr'>uero</span> <span class='ocrx_word' id='word_1_203' title='bbox 524 2597 713 2670; x_wconf 84' lang='lat' dir='ltr'>explanandis</span> <span class='ocrx_word' id='word_1_204' title='bbox 729 2613 787 2655; x_wconf 92' lang='lat' dir='ltr'>nou</span> <span class='ocrx_word' id='word_1_205' title='bbox 804 2596 1005 2670; x_wconf 84' lang='lat' dir='ltr'>immoramur,</span> <span class='ocrx_word' id='word_1_206' title='bbox 1022 2600 1127 2671; x_wconf 85' lang='lat' dir='ltr'>quippe</span> <span class='ocrx_word' id='word_1_207' title='bbox 1145 2599 1175 2655; x_wconf 91' lang='lat' dir='ltr'>iu</span> 
     </span>
     <span class='ocr_line' id='line_1_28' title="bbox 130 2681 1177 2755; baseline -0.001 -14"><span class='ocrx_word' id='word_1_208' title='bbox 130 2698 229 2742; x_wconf 86' lang='lat' dir='ltr'>eorrrm</span> <span class='ocrx_word' id='word_1_209' title='bbox 242 2684 476 2743; x_wconf 86' lang='lat' dir='ltr'>determinatione</span> <span class='ocrx_word' id='word_1_210' title='bbox 491 2689 519 2741; x_wconf 90' lang='lat' dir='ltr'>et</span> <span class='ocrx_word' id='word_1_211' title='bbox 528 2682 673 2754; x_wconf 82' lang='lat' dir='ltr'>obligandi</span> <span class='ocrx_word' id='word_1_212' title='bbox 688 2681 787 2739; x_wconf 88' lang='lat' dir='ltr'>turmis</span> <span class='ocrx_word' id='word_1_213' title='bbox 799 2682 844 2739; x_wconf 91' lang='lat' dir='ltr'>ius</span> <span class='ocrx_word' id='word_1_214' title='bbox 859 2681 1012 2754; x_wconf 78' lang='lat' dir='ltr'>positivum</span> <span class='ocrx_word' id='word_1_215' title='bbox 1023 2683 1131 2755; x_wconf 87' lang='lat' dir='ltr'>ubique</span> <span class='ocrx_word' id='word_1_216' title='bbox 1146 2698 1177 2740; x_wconf 84' lang='lat' dir='ltr'>se</span> 
     </span>
     <span class='ocr_line' id='line_1_29' title="bbox 105 2765 1174 2841; baseline 0 -16"><span class='ocrx_word' id='word_1_217' title='bbox 105 2828 110 2835; x_wconf 75' lang='grc'><strong>,</strong></span> <span class='ocrx_word' id='word_1_218' title='bbox 129 2767 290 2841; x_wconf 78' lang='lat' dir='ltr'>immiscet,</span> <span class='ocrx_word' id='word_1_219' title='bbox 312 2784 345 2827; x_wconf 91' lang='lat' dir='ltr'>ac</span> <span class='ocrx_word' id='word_1_220' title='bbox 359 2768 477 2841; x_wconf 90' lang='lat' dir='ltr'>prolude</span> <span class='ocrx_word' id='word_1_221' title='bbox 492 2775 569 2826; x_wconf 84' lang='lat' dir='ltr'>certa</span> <span class='ocrx_word' id='word_1_222' title='bbox 584 2772 611 2825; x_wconf 85' lang='lat' dir='ltr'>et</span> <span class='ocrx_word' id='word_1_223' title='bbox 627 2765 819 2824; x_wconf 82' lang='lat' dir='ltr'>immutabilia</span> <span class='ocrx_word' id='word_1_224' title='bbox 839 2772 1005 2839; x_wconf 85' lang='lat' dir='ltr'>praecepta,</span> <span class='ocrx_word' id='word_1_225' title='bbox 1022 2780 1095 2839; x_wconf 86' lang='lat' dir='ltr'>quae</span> <span class='ocrx_word' id='word_1_226' title='bbox 1110 2767 1174 2825; x_wconf 92' lang='lat' dir='ltr'>usui</span> 
     </span>
     <span class='ocr_line' id='line_1_30' title="bbox 117 2848 1174 2925; baseline -0.001 -15"><span class='ocrx_word' id='word_1_227' title='bbox 117 2853 204 2924; x_wconf 75' lang='lat' dir='ltr'>siut,</span> <span class='ocrx_word' id='word_1_228' title='bbox 221 2853 293 2911; x_wconf 88' lang='lat' dir='ltr'>tradi</span> <span class='ocrx_word' id='word_1_229' title='bbox 303 2868 360 2911; x_wconf 93' lang='lat' dir='ltr'>nou</span> <span class='ocrx_word' id='word_1_230' title='bbox 372 2858 507 2925; x_wconf 71' lang='lat' dir='ltr'>possunt,</span> <span class='ocrx_word' id='word_1_231' title='bbox 520 2851 577 2909; x_wconf 90' lang='lat' dir='ltr'>uisi</span> <span class='ocrx_word' id='word_1_232' title='bbox 587 2851 650 2909; x_wconf 85' lang='lat' dir='ltr'>eius</span> <span class='ocrx_word' id='word_1_233' title='bbox 659 2850 732 2909; x_wconf 88' lang='lat' dir='ltr'>luris</span> <span class='ocrx_word' id='word_1_234' title='bbox 747 2848 819 2907; x_wconf 88' lang='lat' dir='ltr'>ratio</span> <span class='ocrx_word' id='word_1_235' title='bbox 831 2848 983 2922; x_wconf 60' lang='lat' dir='ltr'>trabeatum</span> <span class='ocrx_word' id='word_1_236' title='bbox 996 2850 1072 2923; x_wconf 91' lang='lat' dir='ltr'>quod</span> <span class='ocrx_word' id='word_1_237' title='bbox 1083 2866 1100 2909; x_wconf 91' lang='lat' dir='ltr'>a</span> <span class='ocrx_word' id='word_1_238' title='bbox 1111 2866 1174 2924; x_wconf 92' lang='lat' dir='ltr'>pro·</span> 
     </span>
     <span class='ocr_line' id='line_1_31' title="bbox 131 2933 1178 3010; baseline 0 -15"><span class='ocrx_word' id='word_1_239' title='bbox 131 2936 222 3010; x_wconf 87' lang='lat' dir='ltr'>posito</span> <span class='ocrx_word' id='word_1_240' title='bbox 234 2952 283 2995; x_wconf 89' lang='lat' dir='ltr'>uos</span> <span class='ocrx_word' id='word_1_241' title='bbox 295 2936 472 2993; x_wconf 87' lang='lat' dir='ltr'>distraheret.</span> <span class='ocrx_word' id='word_1_242' title='bbox 490 2936 581 3002; x_wconf 81' lang='lat' dir='ltr'>Quare</span> <span class='ocrx_word' id='word_1_243' title='bbox 597 2933 736 2993; x_wconf 89' lang='lat' dir='ltr'>eiusmodi</span> <span class='ocrx_word' id='word_1_244' title='bbox 747 2933 927 3007; x_wconf 85' lang='lat' dir='ltr'>pertractatio</span> <span class='ocrx_word' id='word_1_245' title='bbox 939 2934 1178 3009; x_wconf 88' lang='lat' dir='ltr'>iurisprudoutiac</span> 
     </span>
     <span class='ocr_line' id='line_1_32' title="bbox 132 3019 537 3077; baseline -0.002 0"><span class='ocrx_word' id='word_1_246' title='bbox 132 3019 209 3077; x_wconf 86' lang='lat' dir='ltr'>ciuili</span> <span class='ocrx_word' id='word_1_247' title='bbox 233 3019 336 3077; x_wconf 89' lang='lat' dir='ltr'>melius</span> <span class='ocrx_word' id='word_1_248' title='bbox 348 3019 537 3077; x_wconf 92' lang='lat' dir='ltr'>adiudicatur.</span> 
     </span>
    </p>

    <p class='ocr_par' dir='ltr' id='par_1_7' title="bbox 132 3101 1179 3774">
     <span class='ocr_line' id='line_1_33' title="bbox 170 3101 1178 3179; baseline 0.001 -17"><span class='ocrx_word' id='word_1_249' title='bbox 170 3104 230 3163; x_wconf 77' lang='lat' dir='ltr'>llo.</span> <span class='ocrx_word' id='word_1_250' title='bbox 248 3104 344 3171; x_wconf 77' lang='lat' dir='ltr'>Quoad</span> <span class='ocrx_word' id='word_1_251' title='bbox 359 3104 467 3174; x_wconf 83' lang='lat' dir='ltr'>modos,</span> <span class='ocrx_word' id='word_1_252' title='bbox 479 3103 586 3176; x_wconf 88' lang='lat' dir='ltr'>quibus</span> <span class='ocrx_word' id='word_1_253' title='bbox 599 3101 734 3176; x_wconf 87' lang='lat' dir='ltr'>obligatio</span> <span class='ocrx_word' id='word_1_254' title='bbox 748 3120 785 3162; x_wconf 89' lang='lat' dir='ltr'>ex</span> <span class='ocrx_word' id='word_1_255' title='bbox 801 3109 949 3163; x_wconf 90' lang='lat' dir='ltr'>contractu</span> <span class='ocrx_word' id='word_1_256' title='bbox 958 3120 1108 3179; x_wconf 82' lang='lat' dir='ltr'>emergens</span> <span class='ocrx_word' id='word_1_257' title='bbox 1123 3105 1178 3163; x_wconf 88' lang='lat' dir='ltr'>dis-</span> 
     </span>
     <span class='ocr_line' id='line_1_34' title="bbox 132 3187 1176 3262; baseline -0.002 -13"><span class='ocrx_word' id='word_1_258' title='bbox 132 3188 259 3260; x_wconf 82' lang='lat' dir='ltr'>solvltur,</span> <span class='ocrx_word' id='word_1_259' title='bbox 277 3188 346 3247; x_wconf 86' lang='lat' dir='ltr'>baec</span> <span class='ocrx_word' id='word_1_260' title='bbox 361 3190 538 3247; x_wconf 82' lang='lat' dir='ltr'>adnotamus.</span> <span class='ocrx_word' id='word_1_261' title='bbox 557 3188 588 3247; x_wconf 92' lang='lat' dir='ltr'>lu</span> <span class='ocrx_word' id='word_1_262' title='bbox 605 3187 704 3260; x_wconf 87' lang='lat' dir='ltr'>primis</span> <span class='ocrx_word' id='word_1_263' title='bbox 718 3203 803 3247; x_wconf 89' lang='lat' dir='ltr'>nemo</span> <span class='ocrx_word' id='word_1_264' title='bbox 814 3196 856 3247; x_wconf 89' lang='lat' dir='ltr'>est</span> <span class='ocrx_word' id='word_1_265' title='bbox 871 3190 920 3262; x_wconf 88' lang='lat' dir='ltr'>qui</span> <span class='ocrx_word' id='word_1_266' title='bbox 932 3205 988 3248; x_wconf 90' lang='lat' dir='ltr'>nou</span> <span class='ocrx_word' id='word_1_267' title='bbox 1000 3190 1094 3248; x_wconf 83' lang='lat' dir='ltr'>uideat</span> <span class='ocrx_word' id='word_1_268' title='bbox 1104 3189 1176 3248; x_wconf 91' lang='lat' dir='ltr'>obli·</span> 
     </span>
     <span class='ocr_line' id='line_1_35' title="bbox 132 3272 1175 3348; baseline 0.002 -17"><span class='ocrx_word' id='word_1_269' title='bbox 132 3273 275 3347; x_wconf 85' lang='lat' dir='ltr'>gallonem</span> <span class='ocrx_word' id='word_1_270' title='bbox 294 3278 454 3331; x_wconf 90' lang='lat' dir='ltr'>contractus</span> <span class='ocrx_word' id='word_1_271' title='bbox 468 3272 599 3331; x_wconf 85' lang='lat' dir='ltr'>desinere</span> <span class='ocrx_word' id='word_1_272' title='bbox 619 3273 789 3331; x_wconf 83' lang='lat' dir='ltr'>executione</span> <span class='ocrx_word' id='word_1_273' title='bbox 808 3274 866 3345; x_wconf 84' lang='lat' dir='ltr'>rei,</span> <span class='ocrx_word' id='word_1_274' title='bbox 883 3272 960 3331; x_wconf 92' lang='lat' dir='ltr'>circu</span> <span class='ocrx_word' id='word_1_275' title='bbox 979 3290 1067 3347; x_wconf 90' lang='lat' dir='ltr'>quam</span> <span class='ocrx_word' id='word_1_276' title='bbox 1083 3275 1175 3348; x_wconf 87' lang='lat' dir='ltr'>pactio</span> 
     </span>
     <span class='ocr_line' id='line_1_36' title="bbox 132 3356 1177 3433; baseline 0.002 -18"><span class='ocrx_word' id='word_1_277' title='bbox 132 3369 277 3430; x_wconf 62' lang='lat' dir='ltr'>versatum</span> <span class='ocrx_word' id='word_1_278' title='bbox 292 3372 360 3416; x_wconf 86' lang='lat' dir='ltr'>eum</span> <span class='ocrx_word' id='word_1_279' title='bbox 374 3356 505 3416; x_wconf 88' lang='lat' dir='ltr'>videlicet</span> <span class='ocrx_word' id='word_1_280' title='bbox 519 3357 600 3416; x_wconf 88' lang='lat' dir='ltr'>oneri</span> <span class='ocrx_word' id='word_1_281' title='bbox 614 3356 732 3430; x_wconf 80' lang='lat' dir='ltr'>satisfit,</span> <span class='ocrx_word' id='word_1_282' title='bbox 752 3358 827 3431; x_wconf 91' lang='lat' dir='ltr'>quod</span> <span class='ocrx_word' id='word_1_283' title='bbox 841 3374 899 3415; x_wconf 89' lang='lat' dir='ltr'>unu</span> <span class='ocrx_word' id='word_1_284' title='bbox 914 3364 963 3416; x_wconf 89' lang='lat' dir='ltr'>aut</span> <span class='ocrx_word' id='word_1_285' title='bbox 978 3366 1097 3433; x_wconf 87' lang='lat' dir='ltr'>utraque</span> <span class='ocrx_word' id='word_1_286' title='bbox 1112 3375 1177 3432; x_wconf 88' lang='lat' dir='ltr'>pars</span> 
     </span>
     <span class='ocr_line' id='line_1_37' title="bbox 132 3442 1178 3517; baseline -0.001 -14"><span class='ocrx_word' id='word_1_287' title='bbox 132 3444 188 3503; x_wconf 91' lang='lat' dir='ltr'>sibi</span> <span class='ocrx_word' id='word_1_288' title='bbox 199 3443 227 3501; x_wconf 85' lang='lat' dir='ltr'>ui</span> <span class='ocrx_word' id='word_1_289' title='bbox 237 3449 397 3503; x_wconf 89' lang='lat' dir='ltr'>contractus</span> <span class='ocrx_word' id='word_1_290' title='bbox 408 3443 570 3517; x_wconf 90' lang='lat' dir='ltr'>assumpsit.</span> <span class='ocrx_word' id='word_1_291' title='bbox 583 3442 681 3502; x_wconf 84' lang='lat' dir='ltr'>Utrum</span> <span class='ocrx_word' id='word_1_292' title='bbox 691 3448 788 3500; x_wconf 90' lang='lat' dir='ltr'>autem</span> <span class='ocrx_word' id='word_1_293' title='bbox 800 3457 918 3515; x_wconf 91' lang='lat' dir='ltr'>persona</span> <span class='ocrx_word' id='word_1_294' title='bbox 931 3444 1101 3502; x_wconf 85' lang='lat' dir='ltr'>corrtrulrcus</span> <span class='ocrx_word' id='word_1_295' title='bbox 1112 3460 1178 3502; x_wconf 85' lang='lat' dir='ltr'>orro-</span> 
     </span>
     <span class='ocr_line' id='line_1_38' title="bbox 133 3526 1179 3601; baseline -0.002 -13"><span class='ocrx_word' id='word_1_296' title='bbox 133 3530 225 3601; x_wconf 84' lang='lat' dir='ltr'>siper</span> <span class='ocrx_word' id='word_1_297' title='bbox 244 3544 274 3587; x_wconf 90' lang='lat' dir='ltr'>se</span> <span class='ocrx_word' id='word_1_298' title='bbox 291 3527 454 3586; x_wconf 81' lang='lat' dir='ltr'>satisfacere</span> <span class='ocrx_word' id='word_1_299' title='bbox 475 3526 596 3599; x_wconf 81' lang='lat' dir='ltr'>delicat</span> <span class='ocrx_word' id='word_1_300' title='bbox 618 3542 655 3583; x_wconf 90' lang='lat' dir='ltr'>au</span> <span class='ocrx_word' id='word_1_301' title='bbox 676 3527 765 3599; x_wconf 87' lang='lat' dir='ltr'>possit</span> <span class='ocrx_word' id='word_1_302' title='bbox 786 3542 837 3601; x_wconf 90' lang='lat' dir='ltr'>per</span> <span class='ocrx_word' id='word_1_303' title='bbox 853 3526 959 3599; x_wconf 76' lang='lat' dir='ltr'>altum,</span> <span class='ocrx_word' id='word_1_304' title='bbox 977 3528 1026 3601; x_wconf 90' lang='lat' dir='ltr'>qui</span> <span class='ocrx_word' id='word_1_305' title='bbox 1042 3528 1104 3586; x_wconf 89' lang='lat' dir='ltr'>eius</span> <span class='ocrx_word' id='word_1_306' title='bbox 1118 3528 1179 3586; x_wconf 91' lang='lat' dir='ltr'>loco</span> 
     </span>
     <span class='ocr_line' id='line_1_39' title="bbox 134 3612 1179 3685; baseline -0.004 -12"><span class='ocrx_word' id='word_1_307' title='bbox 134 3615 306 3685; x_wconf 73' lang='lat' dir='ltr'>sulliciatur3</span> <span class='ocrx_word' id='word_1_308' title='bbox 323 3612 388 3671; x_wconf 90' lang='lat' dir='ltr'>id</span> <span class='ocrx_word' id='word_1_309' title='bbox 366 3629 391 3671; x_wconf 85' lang='lat' dir='ltr'>st</span> <span class='ocrx_word' id='word_1_310' title='bbox 401 3627 569 3683; x_wconf 84' lang='lat' dir='ltr'>expressum</span> <span class='ocrx_word' id='word_1_311' title='bbox 580 3612 612 3670; x_wconf 92' lang='lat' dir='ltr'>in</span> <span class='ocrx_word' id='word_1_312' title='bbox 628 3616 775 3671; x_wconf 87' lang='lat' dir='ltr'>contractu</span> <span class='ocrx_word' id='word_1_313' title='bbox 785 3627 844 3671; x_wconf 86' lang='lat' dir='ltr'>uou</span> <span class='ocrx_word' id='word_1_314' title='bbox 859 3616 911 3684; x_wconf 87' lang='lat' dir='ltr'>est,</span> <span class='ocrx_word' id='word_1_315' title='bbox 928 3627 964 3670; x_wconf 81' lang='lat' dir='ltr'>ex</span> <span class='ocrx_word' id='word_1_316' title='bbox 975 3618 1077 3671; x_wconf 93' lang='lat' dir='ltr'>uatura</span> <span class='ocrx_word' id='word_1_317' title='bbox 1090 3612 1179 3683; x_wconf 88' lang='lat' dir='ltr'>ipsius</span> 
     </span>
     <span class='ocr_line' id='line_1_40' title="bbox 134 3696 562 3774; baseline -0.012 -17"><span class='ocrx_word' id='word_1_318' title='bbox 134 3699 275 3774; x_wconf 85' lang='lat' dir='ltr'>pactionis</span> <span class='ocrx_word' id='word_1_319' title='bbox 288 3696 484 3757; x_wconf 87' lang='lat' dir='ltr'>deliniendum</span> <span class='ocrx_word' id='word_1_320' title='bbox 499 3697 562 3755; x_wconf 89' lang='lat' dir='ltr'>erit.</span> 
     </span>
    </p>

    <p class='ocr_par' dir='ltr' id='par_1_8' title="bbox 94 3782 1181 4028">
     <span class='ocr_line' id='line_1_41' title="bbox 170 3782 1175 3859; baseline -0.004 -16"><span class='ocrx_word' id='word_1_321' title='bbox 170 3784 296 3859; x_wconf 80' lang='lat' dir='ltr'>lienique</span> <span class='ocrx_word' id='word_1_322' title='bbox 305 3790 397 3843; x_wconf 86' lang='lat' dir='ltr'>cessat</span> <span class='ocrx_word' id='word_1_323' title='bbox 406 3782 541 3855; x_wconf 84' lang='lat' dir='ltr'>obligatio</span> <span class='ocrx_word' id='word_1_324' title='bbox 550 3786 713 3841; x_wconf 87' lang='lat' dir='ltr'>contractus</span> <span class='ocrx_word' id='word_1_325' title='bbox 723 3782 928 3841; x_wconf 86' lang='lat' dir='ltr'>condonatione</span> <span class='ocrx_word' id='word_1_326' title='bbox 939 3797 1012 3855; x_wconf 91' lang='lat' dir='ltr'>quae</span> <span class='ocrx_word' id='word_1_327' title='bbox 1023 3782 1100 3841; x_wconf 85' lang='lat' dir='ltr'>flata</span> <span class='ocrx_word' id='word_1_328' title='bbox 1113 3798 1130 3856; x_wconf 88' lang='lat' dir='ltr'>p</span> <span class='ocrx_word' id='word_1_329' title='bbox 1134 3798 1175 3840; x_wconf 90' lang='lat' dir='ltr'>er</span> 
     </span>
     <span class='ocr_line' id='line_1_42' title="bbox 136 3866 1181 3963; baseline -0.003 -37"><span class='ocrx_word' id='word_1_330' title='bbox 136 3882 221 3940; x_wconf 84' lang='lat' dir='ltr'>sona,</span> <span class='ocrx_word' id='word_1_331' title='bbox 244 3886 293 3942; x_wconf 92' lang='lat' dir='ltr'>pro</span> <span class='ocrx_word' id='word_1_332' title='bbox 311 3870 393 3927; x_wconf 85' lang='lat' dir='ltr'>cuiuis</span> <span class='ocrx_word' id='word_1_333' title='bbox 408 3868 529 3927; x_wconf 86' lang='lat' dir='ltr'>utilitate</span> <span class='ocrx_word' id='word_1_334' title='bbox 547 3867 635 3925; x_wconf 89' lang='lat' dir='ltr'>initus</span> <span class='ocrx_word' id='word_1_335' title='bbox 656 3874 709 3925; x_wconf 89' lang='lat' dir='ltr'>cst.</span> <span class='ocrx_word' id='word_1_336' title='bbox 730 3868 853 3963; x_wconf 79' lang='lat' dir='ltr'>Quisque</span> <span class='ocrx_word' id='word_1_337' title='bbox 870 3866 948 3924; x_wconf 88' lang='lat' dir='ltr'>enim</span> <span class='ocrx_word' id='word_1_338' title='bbox 965 3867 1066 3927; x_wconf 88' lang='lat' dir='ltr'>cedere</span> <span class='ocrx_word' id='word_1_339' title='bbox 1089 3868 1181 3940; x_wconf 85' lang='lat' dir='ltr'>potest</span> 
     </span>
     <span class='ocr_line' id='line_1_43' title="bbox 94 3951 1176 4028; baseline -0.002 -17"><span class='ocrx_word' id='word_1_340' title='bbox 94 4018 97 4021; x_wconf 53' lang='grc'>,</span> <span class='ocrx_word' id='word_1_341' title='bbox 135 3952 208 4025; x_wconf 91' lang='lat' dir='ltr'>iuri,</span> <span class='ocrx_word' id='word_1_342' title='bbox 225 3953 300 4026; x_wconf 84' lang='lat' dir='ltr'>quot</span> <span class='ocrx_word' id='word_1_343' title='bbox 314 3954 479 4028; x_wconf 81' lang='lat' dir='ltr'>acquisivit,</span> <span class='ocrx_word' id='word_1_344' title='bbox 495 3952 623 4027; x_wconf 87' lang='lat' dir='ltr'>illudque</span> <span class='ocrx_word' id='word_1_345' title='bbox 639 3952 744 4015; x_wconf 83' lang='lat' dir='ltr'>iterum</span> <span class='ocrx_word' id='word_1_346' title='bbox 761 3951 792 4014; x_wconf 89' lang='lat' dir='ltr'>iu</span> <span class='ocrx_word' id='word_1_347' title='bbox 807 3958 918 4027; x_wconf 82' lang='lat' dir='ltr'>partem</span> <span class='ocrx_word' id='word_1_348' title='bbox 932 3962 997 4015; x_wconf 88' lang='lat' dir='ltr'>eam</span> <span class='ocrx_word' id='word_1_349' title='bbox 1013 3951 1176 4023; x_wconf 74' lang='lat' dir='ltr'>transturas,</span> 
     </span>
    </p>
   </div>
   <div class='ocr_carea' id='block_1_3' title="bbox 0 0 1399 4492">
    <p class='ocr_par' dir='ltr' id='par_1_9' title="bbox 0 0 1399 4492">
     <span class='ocr_line' id='line_1_44' title="bbox 0 0 1399 4492; baseline 0 0"><span class='ocrx_word' id='word_1_350' title='bbox 0 0 1399 4492; x_wconf 95' lang='lat' dir='ltr'> </span> 
     </span>
    </p>
   </div>
  </div>
 </body>
</html>
