2767 4492
46 7 55 130 t
93 7 326 76 *J

221 360 277 423 214
550 367 935 420 unrrrnrsmeeauanems

219 459 342 520 realiter
355 459 457 533 exstet,
468 457 617 518 deducitur
626 457 713 516 etiam
724 456 843 514 realiter
852 470 909 514 non
918 461 1001 528 posse
1010 465 1069 512 non
1078 466 1150 512 esse.
1163 451 1263 514 Trans·

220 543 288 606 misi
301 552 398 602 autem
411 542 530 601 alteram
543 547 653 616 partem
668 539 875 612 antecedentia,
892 538 959 613 qsria
973 537 998 596 si
1013 537 1067 596 hoc
1081 552 1169 597 sensu
1183 539 1264 598 intel·

218 628 332 702 ligatur,
344 626 518 702 principium
532 625 761 684 contradictionis
775 624 916 698 respicere
931 621 1052 682 idealem
1066 623 1261 699 existentiam,
1288 675 1291 682 .

220 717 361 786 ansanus
375 712 450 770 hanc
463 711 579 786 respicit
597 709 741 768 abstracte
761 715 789 767 et
808 707 1051 784 independenter,
1072 709 1166 782 quoad
1181 723 1264 768 snam

217 797 376 868 ueritatem,
393 795 429 853 ah
444 794 548 854 actuali
562 793 714 853 existentia
729 807 827 852 rerum
841 797 1010 864 creatarum,
1023 807 1091 850 vera
1106 799 1149 872 est
1163 809 1263 868 propo·

218 881 301 954 sitiu;
317 881 367 940 sed
380 880 475 940 mum
488 879 574 938 habet
587 878 675 937 etiam
689 894 740 953 pro
755 877 928 936 causalitatis
943 877 1092 952 principio.
1110 877 1168 937 Etsi
1182 877 1261 937 enim

134 961 138 968 “
220 965 263 1024 nil
277 970 404 1024 creatum
417 964 560 1034 existeret
571 977 683 1037 semper
696 968 790 1022 nmen
800 976 901 1022 rernm
911 955 985 1022 esset
998 961 1051 1021 troc
1062 961 1194 1023 axioma:
1210 962 1258 1022 ad

220 1048 265 1110 aa
278 1048 345 1124 liert
358 1065 409 1107 aee
422 1048 489 1124 steri
499 1063 581 1124 paese
594 1048 656 1106 rina
670 1063 773 1108 caasa.

144 1123 150 1134 “
256 1133 306 1192 Sin
319 1139 415 1192 antem
433 1133 575 1206 quispiam
588 1132 630 1190 sic
644 1133 814 1191 antecedens
830 1131 901 1190 illud
919 1131 1138 1206 interpretetur,
1154 1136 1187 1190 nt
1200 1132 1260 1190 exi·

219 1220 315 1280 stimet
328 1218 556 1280 conmadiationis
577 1218 695 1277 effatum
714 1218 862 1278 ueritatem
884 1233 966 1278 suam
986 1219 1092 1278 nonde
1107 1217 1260 1276 existentia

124 1369 131 1376 ,
218 1304 367 1373 obiectisa,
385 1305 435 1363 sed
448 1304 482 1362 de
496 1304 561 1362 idea
573 1303 663 1377 ipsius
676 1305 826 1362 dumtaxat
835 1303 1037 1378 pronuntiare,
1055 1301 1127 1360 falsa
1137 1305 1183 1384 ⁸est
1199 1315 1260 1376 pro·

216 1388 327 1461 positio.
343 1390 375 1447 ln
389 1388 598 1462 cognitionibus
607 1387 686 1448 enim
696 1387 811 1448 directis
821 1403 879 1448 non
889 1387 1063 1463 percipimus
1078 1386 1155 1460 ipsas
1170 1387 1259 1460 ideas,

216 1473 267 1532 sed
281 1472 391 1532 obiecta
403 1473 543 1532 idearum.
566 1472 705 1546 Proinde,
721 1479 754 1532 ut
774 1473 843 1532 saite
857 1471 988 1532 observat
1002 1471 1149 1544 Gerditius,
1166 1485 1261 1545 raspe-

217 1564 288 1632 ctus,
305 1559 436 1633 quisunt
451 1558 525 1616 inter
539 1574 583 1629 ea,
599 1573 673 1632 quae
688 1573 770 1616 mens
784 1557 917 1631 concipit,
939 1563 1006 1616 sunt
1020 1557 1107 1618 etiam
1122 1556 1196 1616 inter
1211 1571 1258 1614 res

215 1642 310 1716 ipsas3
328 1658 411 1701 mens
425 1643 503 1701 enim
517 1643 586 1701 dum
604 1642 765 1716 cognoscit,
780 1649 926 1716 respectus
944 1641 1085 1702 eiusmodi
1106 1657 1164 1700 noa
1184 1643 1262 1700 creat

220 1728 271 1786 sed
289 1727 403 1800 detegit.

252 1811 379 1885 Denique
394 1811 546 1870 falsissima
559 1817 603 1870 est
615 1812 710 1871 addita
724 1814 814 1887 ratio,
835 1829 909 1888 qnae
924 1813 1019 1872 aiebat
1032 1813 1177 1872 notionem
1195 1813 1256 1872 exi-

217 1896 337 1956 stentiae
350 1897 436 1955 realis
451 1912 512 1955 esse
525 1896 606 1954 valde
620 1897 780 1956 obsomam.
798 1898 828 1956 ld
841 1898 920 1956 enim
934 1915 985 1972 pro
1000 1899 1122 1972 sceptico
1138 1899 1255 1956 tortasse

215 1995 317 2038 verum
331 1982 402 2054 erit,
418 1983 468 2040 sed
480 1997 538 2040 non
552 1997 602 2056 pro
617 1981 732 2041 homine
752 1997 822 2042 sano
844 1983 893 2056 qui
908 1983 1027 2058 percipit
1042 1983 1166 2058 protecto
1180 1981 1252 2042 nihii

215 2080 279 2123 esse
291 2066 384 2139 magis
396 2065 511 2124 evidens
526 2070 554 2124 et
568 2066 689 2140 aarum,
707 2081 793 2140 qnam
812 2067 959 2125 notionem
975 2067 1143 2127 existentiae
1157 2065 1252 2124 realis.

217 2148 355 2224 aeterum,
368 2149 428 2210 sivo
441 2150 513 2209 haee
527 2151 604 2210 notio
618 2151 740 2210 obseura
754 2151 791 2210 sit
803 2151 863 2212 sive
878 2150 964 2224 clara,
976 2161 1052 2210 certe
1066 2151 1257 2212 clarissimum

215 2239 260 2292 est
272 2249 323 2308 per
337 2235 518 2294 existentiam
527 2235 635 2309 adamo
646 2235 798 2310 superaddi
808 2236 901 2295 nudae
910 2235 1104 2310 possibilitati,
1118 2251 1151 2296 ac
1161 2236 1258 2310 proin·

214 2317 250 2376 de
264 2313 391 2394 aliquam
403 2320 563 2379 necessario
572 2319 680 2393 raaudi
690 2335 816 2392 oausam,
829 2335 902 2394 qnae
916 2335 978 2380 rem
993 2326 1076 2380 antea
1090 2320 1257 2394 possibilem

215 2401 251 2458 ad
265 2403 447 2461 existentiam
462 2403 621 2462 transierat.

249 2487 338 2546 Obiie.
354 2488 386 2548 tt.
402 2489 434 2547 In
446 2489 666 2549 demonstrando
680 2491 821 2565 principio
835 2492 953 2552 rationis
967 2492 1149 2566 sufficientis,
1167 2493 1255 2552 cucu-

212 2570 258 2627 tus
270 2571 389 2630 vitiosus
403 2574 563 2633 offenditur.
579 2574 690 2632 Etenim
711 2577 904 2636 demonstrare
924 2577 1049 2650 aliquid,
1065 2577 1143 2638 idem
1164 2583 1207 2636 est
1219 2593 1254 2636 aa

212 2654 353 2714 rationem
368 2657 431 2715 eius
446 2658 635 2718 sufficientem
651 2660 764 2720 afferre.

248 2737 330 2814 desp.
348 2740 505 2815 tauquam
517 2743 738 2824 salsolutionem
753 2747 883 2820 proxime
897 2747 1021 2822 veniam,
1038 2750 1093 2808 duo
1108 2747 1256 2809 advertite«

210 2823 243 2882 In
259 2823 377 2898 primis:
393 2826 567 2901 principium
576 2827 695 2888 rationis
709 2830 877 2890 sufficientis
888 2833 1127 2892 demonstratione
1141 2849 1198 2892 non
1213 2834 1256 2892 in·
1320 2847 1325 2858 ·

210 2910 316 2982 digere,
333 2925 401 2968 cnm
414 2911 451 2969 sit
464 2912 580 2970 axioma
595 2928 646 2987 per
659 2929 690 2972 ae
705 2921 813 2974 notum.
831 2916 935 2979 Deinde
950 2917 1082 2992 Beguelin
1097 2918 1208 2992 argutia
1223 2917 1255 2976 il-

210 2993 248 3065 ia,
265 3009 323 3068 qua
337 2994 434 3069 utitur,
451 2997 497 3055 rel
511 2996 626 3056 sibimet
635 2999 836 3074 contradicere,
849 3001 893 3060 vel
903 3001 990 3060 nimis
998 2999 1127 3077 proba'rs,
1138 3003 1254 3062 etaiam

207 3077 244 3134 ad
264 3079 477 3151 scepticismnm
497 3087 633 3141 sternere.
649 3084 721 3143 Nam
735 3084 759 3144 si
772 3085 974 3146 demonstratio
995 3088 1089 3146 omnis
1111 3089 1253 3163 principio

90 3181 96 3196 ¹
207 3162 325 3221 rationis
339 3164 522 3238 sufficientis,
539 3172 572 3224 nt
584 3168 664 3240 vult,
681 3169 827 3243 innititur3
845 3173 969 3246 protecto
984 3172 1158 3246 principium
1176 3173 1253 3232 eius·

207 3247 286 3306 modi
300 3253 350 3307 aut
360 3246 562 3308 inconcussum
576 3251 741 3312 habendum
751 3259 802 3328 est,
815 3260 864 3313 aut
873 3256 966 3315 omnis
977 3257 1181 3316 demonstratio
1192 3272 1252 3316 cor-

205 3329 271 3388 ruit.
288 3331 360 3406 Ergo
374 3331 419 3391 vsi
433 3333 567 3406 Beguelin
582 3334 637 3394 sibi
651 3337 714 3410 ipse
727 3353 784 3398 non
798 3345 841 3398 est
855 3342 1044 3416 comendans,
1061 3341 1106 3401 vel
1121 3358 1137 3400 e
1151 3341 1247 3400 medio

205 3429 321 3475 omnem
338 3417 611 3477 demonstrationem
625 3420 707 3480 tollit.

241 3500 292 3558 His
309 3501 400 3560 obiter
422 3500 524 3576 dictis,
545 3505 703 3578 respondeo
725 3507 849 3582 directe,
865 3511 999 3585 aepanao
1021 3514 1198 3572 antecedent.
1214 3512 1256 3572 td

204 3584 286 3657 prob.
302 3600 369 3644 sero
382 3585 451 3644 atet.
467 3588 661 3646 demonstrare
675 3589 801 3665 aliquid,
818 3593 894 3652 idem
915 3602 958 3654 est
978 3612 1012 3656 ac
1023 3588 1174 3664 'rationem
1190 3597 1253 3656 eins

206 3667 396 3727 sufficientem
408 3671 543 3744 profarre,
555 3672 631 3730 itanc
642 3689 756 3748 semper
765 3676 913 3737 inferendo
925 3695 962 3737 ex
972 3679 1026 3740 hoe
1039 3675 1198 3757 principio:
1210 3681 1256 3740 aa

208 3749 253 3844 teil
266 3754 382 3845 estsine
392 3756 508 3813 ratione
519 3756 684 3831 sufficienti,
703 3775 791 3834 nepa·
806 3761 879 3822 hanc
895 3765 1043 3825 inferendo
1059 3783 1096 3826 ex
1114 3767 1170 3827 alio
1185 3781 1255 3840 quo·

207 3849 251 3895 us
264 3836 415 3912 punaipio,
426 3841 502 3914 qnod
515 3841 584 3902 licet
595 3841 628 3902 in
641 3857 672 3902 se
686 3843 803 3934 sitratio
813 3848 959 3910 sufficiens
974 3850 1146 3925 agnitionis
1160 3855 1254 3912 cerne
