2767 4492
587 257 717 304 armeus
1140 241 1176 304 lt

135 361 197 410 ssss
211 347 330 418 cessent,
354 357 525 418 semperque
547 347 729 402 censuerunt.
751 342 852 403 Conba
865 346 897 403 ut
909 342 1015 404 bonam
1030 342 1178 403 dilaudant

135 433 231 504 fldem,
243 429 452 502 liberalitatem,
463 427 624 487 Divinitatis
637 425 815 500 obsequium,
824 433 853 486 et
862 429 919 487 alia
932 428 1081 488 eiusmodi.
1093 427 1175 502 Ergo,

135 520 159 578 si
174 517 240 578 talia
254 517 360 576 iudicia
369 517 405 576 ab
420 515 553 589 opinione
568 513 735 588 penderent,
757 513 874 572 ellectus
893 521 1040 589 superaret
1049 528 1174 574 cansam.

133 603 165 663 ld
178 602 234 660 nisi
249 601 372 660 absurde
387 600 579 672 admittamus,
596 597 744 656 latendum
758 603 801 656 eat
813 596 931 658 euectus
941 603 999 656 tam
1008 597 1177 658 universalis

86 727 90 736 ·
135 693 164 746 ct
182 686 347 759 constantis,
365 685 555 744 universalem
576 687 605 742 et
626 687 803 742 constantem
812 697 874 742 esse
892 697 1017 757 oausam,
1034 699 1107 757 quae
1121 682 1178 742 alia

135 787 197 842 csse
210 770 310 846 nequit
327 769 383 829 nisi
398 775 510 830 natura.

170 856 272 929 Tertio,
295 855 444 914 criterium
467 851 589 912 alicuius
603 849 646 912 rei
660 852 759 926 nequit
780 866 843 911 esse
865 851 895 911 id
909 851 1048 926 quodilla
1071 851 1179 925 indiget

140 945 286 1015 tamquam
303 939 427 998 criterio.
443 936 527 1011 Atqui
544 952 665 1011 uesper
686 936 875 995 moralitatem
897 937 1057 996 iudicamus
1071 935 1179 1010 opinio-

138 1041 214 1100 nem,
230 1041 288 1085 uon
304 1025 449 1084 vicorersa
462 1038 516 1096 par
529 1022 693 1096 opinionem
709 1020 907 1102 moralitatem.
928 1019 1000 1094 Ergo
1013 1025 1067 1078 etc.
1088 1019 1121 1077 m
1135 1035 1178 1078 sa·

54 1105 57 1110 ’
135 1127 182 1186 ne,
198 1125 264 1169 cum
275 1110 437 1183 opinionem
447 1106 573 1180 aliquam
588 1105 731 1178 andimus,
747 1121 799 1164 nos
814 1106 845 1163 in
863 1121 898 1164 ea
912 1105 1031 1164 minime
1040 1103 1177 1176 sistimus,

134 1195 184 1254 sed
203 1195 286 1252 altius
302 1193 479 1264 assurgimus
494 1191 530 1250 ad
540 1185 846 1265 conceptunlaliquem
859 1189 1030 1248 rationalem
1040 1194 1071 1247 ut
1084 1186 1179 1245 ridea-

118 1287 201 1338 'mus
211 1283 306 1337 utrum
320 1275 415 1357 opinio
430 1274 478 1334 illa
492 1275 567 1335 bona
581 1275 716 1350 citatque
730 1275 794 1332 ideo
806 1274 965 1348 sequenda,
979 1279 1028 1331 aut
1041 1271 1127 1344 mala,
1138 1276 1178 1330 at·

135 1377 190 1436 que
211 1361 273 1420 ideo
291 1360 479 1434 reprobanda.
495 1359 599 1422 Norma
615 1359 704 1432 igitur
724 1357 891 1418 moralitatis
909 1373 967 1419 non
988 1372 1025 1416 ex
1043 1355 1177 1431 opinione

136 1447 187 1504 sed
196 1443 310 1504 aliunde
324 1444 471 1520 repetitur.

543 1599 724 1661 Pnoeosrrro
740 1599 773 1660 ll.

308 1739 462 1806 linealiter
480 1759 541 1806 non
551 1739 683 1822 procedit
697 1761 718 1804 a
732 1740 843 1817 tepidus
857 1738 1008 1802 suueuia

169 1893 256 1960 Proh.
272 1897 377 1960 Eadem
397 1903 566 1973 arguments
589 1897 647 1958 buc
661 1895 779 1971 faciunt,
796 1909 870 1973 quas
890 1895 1021 1971 superius
1041 1895 1073 1955 in
1088 1891 1182 1969 prima

135 1982 324 2058 propositione
339 1982 499 2042 retulimus.
516 1981 711 2044 Nihilominus
725 1982 862 2042 claritatis
877 1981 969 2055 gratia
982 1993 1044 2039 rem
1058 1979 1183 2039 breviter

136 2069 347 2128 oontlrmsmus.
366 2067 406 2126 ld
428 2067 491 2127 eius
507 2075 601 2126 autam
627 2068 781 2126 vamtatem
804 2066 1053 2126 intemoscendam
1077 2065 1184 2124 sufficit

139 2151 364 2210 animadvertere
375 2151 450 2225 quod
464 2163 526 2224 nos,
543 2152 630 2214 ductu
641 2157 771 2225 naturae,
786 2151 883 2224 legum
892 2151 1048 2211 bonitatem
1058 2163 1185 2225 exprae-

138 2235 282 2310 supposita
295 2235 454 2295 moralitate
470 2235 615 2295 actionum
631 2237 793 2296 metiamur.
811 2237 898 2296 Nemo
912 2237 988 2297 enim
1005 2235 1184 2296 adobedien·

138 2319 206 2378 dum
222 2317 333 2400 legibus
347 2335 378 2378 se
392 2320 529 2393 adstringi
544 2321 696 2394 diiudicat,
714 2321 822 2395 quotics
837 2322 972 2396 perspicit
986 2319 1093 2394 aliquid
1109 2317 1180 2394 ipsis

138 2403 286 2476 contineri,
306 2403 382 2478 quod
400 2403 542 2464 iniustum
568 2410 618 2464 ant
637 2404 759 2480 impium
780 2406 830 2478 sit;
848 2407 898 2465 sed
913 2412 980 2464 tunc
994 2404 1031 2462 ad
1049 2404 1184 2463 obedien·

138 2487 208 2546 tiam
228 2487 320 2562 potius
343 2487 448 2550 iisdem
468 2490 666 2564 denegandam
688 2507 719 2549 se
740 2489 861 2563 obligari
884 2489 1038 2548 existimat.
1060 2487 1184 2560 Quisque
1266 2538 1271 2544 .
1310 2473 1314 2481 ’

139 2571 215 2630 enim
230 2573 316 2632 sentit
330 2587 361 2631 se
377 2573 476 2634 altiore
490 2573 662 2648 obligatione
683 2574 785 2646 teneri,
802 2587 859 2646 qua
876 2571 947 2632 solvi
961 2570 1041 2628 nulla
1056 2570 1118 2642 lege
1133 2569 1184 2628 bn·

138 2670 224 2716 mana
233 2656 332 2731 possit,
349 2662 377 2716 et
390 2658 437 2718 cui
448 2658 646 2731 sircluctetur,
662 2659 803 2718 rationem
818 2657 912 2730 ipsam
921 2653 1038 2713 violabit
1052 2657 1080 2712 et
1094 2667 1183 2725 quan·
1223 2648 1229 2660 “

138 2745 198 2800 tum
217 2741 247 2800 in
264 2757 295 2800 se
310 2747 353 2802 est
368 2741 520 2801 interimet.
538 2743 571 2800 lit
581 2759 659 2814 sane,
677 2744 702 2801 si
719 2743 789 2801 adeo
804 2756 893 2816 prava
906 2742 1031 2797 exstaret
1045 2736 1179 2812 Societas,

137 2829 169 2881 ut
178 2825 273 2897 impiis
288 2825 397 2897 legmns
407 2825 605 2898 delectaretur,
615 2841 648 2884 ao
659 2827 785 2899 rapinas,
798 2823 954 2896 latrocinia,
965 2823 1098 2898 periuria,
1107 2823 1183 2881 irau-

139 2908 199 2980 des,
215 2907 362 2980 adulteria,
378 2915 530 2980 parentum
539 2914 568 2967 et
584 2909 689 2967 civium
699 2923 811 2980 necem,
829 2913 858 2966 et
873 2907 897 2966 si
912 2907 981 2982 quid
995 2907 1072 2966 alind
1085 2907 1182 2966 netan-

137 2991 206 3050 dum
221 2994 265 3049 est
279 2995 362 3064 atque
374 2996 454 3064 turpe
469 2992 607 3065 sanciret,
624 3007 693 3051 num
708 2993 815 3051 idcirco
831 2993 903 3052 baec
917 2992 1023 3066 tlagitlo
1036 2997 1180 3067 vacarent,

135 3091 229 3150 neque
244 3075 425 3134 execratione
439 3079 468 3134 st
492 3075 631 3151 supplicio
649 3077 700 3136 sed
716 3082 862 3162 tamquam
876 3076 978 3138 decora
995 3083 1075 3153 gesta
1095 3077 1180 3137 laude

137 3164 174 3233 et,
191 3159 216 3220 si
231 3158 341 3233 superis
354 3157 456 3233 placet,
471 3160 599 3234 praemio
613 3160 701 3220 en'am
720 3161 808 3235 digna
821 3161 940 3222 flarent?

534 3327 713 3393 Rnoeosrrro
728 3329 771 3393 ΙΙΙ.

228 3469 549 3549 Naturalisoctiouum
566 3475 725 3622 moralia&
736 3492 759 3621 to
773 3475 865 3538 libera
878 3470 930 3538 ilci
942 3473 1096 3538 vetustata

569 3577 629 3623 non
639 3579 662 3638 p
720 3578 756 3622 e.

175 3706 261 3776 Proh.
279 3711 419 3778 Naturalis
433 3713 577 3776 actlnnum
592 3707 739 3775 moralitas
752 3709 938 3776 immutabilis
949 3719 1001 3776 est.
1013 3704 1095 3789 aaut
1106 3707 1182 3790 quod

140 3803 183 3859 est
196 3797 344 3875 eiusmodi,
361 3816 379 3860 a
402 3799 495 3862 libera
506 3799 555 3862 Dei
576 3799 718 3860 voluntate
733 3817 791 3860 non
805 3801 926 3876 pendet3
948 3801 1088 3878 siquidem
1112 3799 1183 3860 baec

139 3883 171 3946 in
184 3881 340 3958 aflectibus,
359 3901 430 3961 quos
439 3886 578 3962 producit,
588 3887 762 3950 contrarium
771 3887 865 3950 tacere
879 3886 1025 3962 pomisret.
1040 3885 1112 3962 lirae
1126 3889 1181 3948 stc.
