2767 4492
211 340 264 401 228
505 377 509 385 ·
641 351 830 398 oonsrrcrns

209 440 283 498 Anu.
302 438 335 498 il.
409 437 448 497 De
459 436 685 512 propositionum
691 435 852 510 partitione.
864 437 995 491 nemun
1004 441 1119 492 mutulo
1127 453 1188 504 pro-

439 530 615 591 positionum.
631 524 733 588 speeies
748 539 815 590 quoe
828 527 891 577 e'nde
903 525 1036 576 resultant
1075 559 1082 574 .
1123 559 1129 574 .
1172 545 1185 570 n
1224 519 1258 579 39

197 609 282 666 ‚llnn
302 609 345 666 lll.
408 607 447 665 lle
464 604 689 680 propositionum
708 603 937 678 proprietatibus.
958 608 1059 662 Munus
1078 607 1104 660 et
1119 610 1187 673 tenes

446 696 636 759 oppositionis.
657 693 697 743 De
712 695 923 758 aequipollentia
936 701 961 745 et
973 694 1142 744 conversione
1176 712 1189 739 u
1227 689 1261 746 ti

211 775 280 835 eie.
300 777 345 836 lli.
412 782 451 831 De
470 782 626 832 deductione
645 780 752 842 eiusque
769 779 856 842 sionis
886 813 893 828 .
1029 814 1036 829 .
1078 812 1085 827 .
1126 820 1132 832 .
1174 797 1186 824 n
1224 773 1280 852 it

210 861 282 919 llnr.
303 862 323 921 l.
408 861 480 928 Quid
497 857 674 918 deductionis
693 863 789 916 artum
807 857 981 930 constituat,
1010 862 1071 915 tum
1089 857 1125 916 de
1144 873 1186 915 ar-

329 982 332 986 1
439 943 651 1018 gumentatione
670 958 704 1000 so
723 943 758 1000 de
776 946 919 1001 structura
937 940 1104 1016 syllogismi.
1133 947 1187 996 na-

440 1035 547 1084 tioeirrii
558 1040 660 1083 notura
672 1032 836 1096 explicatur.
849 1031 1056 1094 simplicissimo
1066 1033 1123 1082 sius
1133 1045 1181 1081 en-

440 1120 543 1182 pressio
567 1118 723 1181 sylioatsmo
741 1117 904 1167 continetur.
924 1115 1082 1180 Syllopissni
1095 1118 1182 1167 detra-

442 1210 527 1255 stores
539 1208 735 1266 wosauuntur.
747 1201 816 1252 iiius
825 1201 976 1266 artificiosa
987 1202 1153 1266 compositio.
1169 1219 1181 1245 n
1219 1194 1260 1253 ibi

211 1287 283 1346 Anu.
303 1286 335 1344 li.
409 1281 571 1355 Delegibus
589 1281 755 1355 Q'llogismi.
775 1283 935 1350 Suitootseni
948 1287 1068 1336 ultumos
1080 1286 1209 1348 specics..

443 1372 525 1436 Leues
553 1371 708 1434 sniioqinni
725 1370 858 1434 simplieis
875 1375 901 1421 et
920 1371 1070 1434 compositi.
1092 1369 1188 1420 Folio·

449 1460 507 1506 eise
525 1469 571 1506 seu
589 1455 832 1518 ospurnentote'onis
850 1454 946 1504 uitio.
989 1495 995 1507 .
1038 1491 1044 1503 .
1082 1488 1090 1504 .
1178 1473 1191 1500 u
1229 1449 1263 1506 47

211 1539 283 1598 nnn.
303 1539 346 1599 lll.
411 1537 451 1595 lle
468 1534 571 1594 ceteris
589 1533 807 1607 argumentandi
826 1533 992 1607 generibus
1013 1532 1189 1608 praefaciis

443 1623 481 1682 sd
498 1622 696 1696 syllogismum
714 1620 899 1679 reducuntur.
920 1625 1027 1676 uorum
1044 1632 1147 1676 natura
1166 1631 1191 1676 et

446 1714 515 1778 lenes
553 1727 1189 1765 ..............
1228 1703 1261 1762 55

213 1797 286 1854 Anu
307 1796 349 1854 iv.
416 1794 456 1853 De
473 1791 648 1852 inductione.
669 1795 865 1848 Eiusnuturo.
885 1795 1159 1862 Prineiploquious
1147 1809 1192 1846 sn·

444 1884 545 1934 nititur
555 1911 1137 1936 ............
1177 1900 1190 1926 »
1230 1873 1264 1932 57

545 2037 684 2108 Loeinlii
704 2047 788 2108 eins
806 2047 934 2108 tironi

713 2231 768 2276 SEU

450 2358 663 2446 nursericrn
684 2385 803 2446 lirion
822 2385 1032 2447 ninsrnlrio

410 2555 578 2615 Pnonoon8.
593 2561 683 2612 Huius
692 2563 783 2625 portis
795 2575 902 2629 munies,
916 2563 1028 2619 limites,
1040 2561 1165 2626 partitio.
1180 2579 1193 2606 n
1231 2549 1267 2614 60

216 2639 285 2699 uli.
303 2639 324 2697 i.
410 2643 450 2695 De
468 2647 580 2698 veritate
597 2648 745 2710 mentisque
764 2648 896 2697 numanus
915 2648 1004 2710 quoted
1015 2646 1093 2718 illone
1111 2648 1194 2698 stuti-

446 2728 494 2778 ous
510 2749 1191 2783 ................
1231 2723 1265 2782 u‘i

213 2809 285 2866 lnr.
304 2808 344 2867 l.·
409 2807 481 2875 Ouid
500 2810 559 2868 veri
578 2809 670 2882 notio,
688 2815 717 2867 et
735 2809 894 2884 quonrplex
912 2810 1017 2869 mentis
1036 2813 1125 2868 status
1143 2810 1196 2868 cir·

445 2907 479 2952 ca
498 2892 602 2967 ipsum.
629 2899 738 2949 Veritus
759 2901 858 2963 ionico,
878 2902 1074 2963 metaphysica,
1094 2907 1119 2951 et
1137 2913 1195 2949 mo-

445 2984 515 3033 eniis
534 2985 698 3046 explicatur.
721 2983 827 3035 Veritus
845 2985 955 3047 proprie
974 2985 1086 3033 nonnisi
1106 2985 1137 3034 in
1154 2985 1195 3034 iu-

444 3069 515 3117 dicio
533 3069 615 3119 inest.
636 3067 731 3119 Status
750 3071 847 3120 mentis
866 3071 897 3118 in
915 3081 1005 3119 verrem
1016 3070 1130 3119 nitentis
1148 3069 1194 3119 tie·

445 3151 579 3213 finiuntur
592 3184 1126 3206 ............
1168 3171 1179 3192 ι
1219 3143 1262 3204 ibi

213 3231 285 3290 ΑΜ.
306 3231 338 3289 ii.
412 3229 452 3288 De
470 3229 639 3289 certitudine
658 3237 687 3289 et
705 3231 858 3290 evidentia.
880 3237 986 3286 Horum
1000 3238 1120 3288 diuersae
1133 3250 1193 3300 sps·

446 3322 499 3370 cies
522 3320 690 3371 suilientur.
717 3319 894 3370 (lentitudinis
918 3323 1105 3372 dicesserunt
1130 3333 1194 3385 oeu-

445 3407 505 3454 tius.
518 3404 612 3454 Utrum
623 3405 758 3456 certitudo
769 3405 802 3454 oi
817 3407 951 3456 euidentia
961 3408 1085 3470 separari
1095 3406 1191 3470 possit.
1229 3397 1264 3456 67

212 3486 284 3543 Anu.
305 3484 350 3545 Ill.
413 3484 453 3543 De
471 3483 680 3558 probabilitate.
706 3487 913 3540 neeaennaru
932 3494 1019 3541 notio.
1040 3489 1193 3540 Probabili-

447 3579 490 3623 tos
503 3575 593 3622 minor
606 3585 625 3622 n
637 3575 737 3623 moissi
750 3587 805 3622 non
821 3575 948 3628 eliditur.
961 3574 1060 3640 Nequit
1075 3589 1120 3626 ceu
1133 3574 1192 3638 {ro-

446 3659 499 3707 etio
518 3658 694 3708 certitudinis
712 3661 911 3722 repraesentati
937 3693 1136 3711 .....
1178 3677 1191 3704 n
1229 3651 1267 3708 ii

212 3735 285 3794 nnn.
305 3736 348 3793 lli.
414 3736 453 3796 lie
470 3736 613 3796 humanae
637 3736 816 3810 ignorantias
837 3745 1069 3814 emesenorum
1088 3739 1193 3799 caune.

443 3827 622 3891 iymrontioe
639 3828 735 3892 fontes
765 3828 837 3891 Quid
854 3844 939 3888 error.
960 3831 1029 3882 iiius
1047 3842 1143 3881 saurus
1162 3837 1188 3880 et

447 3913 575 3964 remedio.
595 3911 665 3975 Quot
683 3913 818 3965 idolorum
833 3929 931 3980 omno
943 3917 1067 3968 Botonus
1086 3927 1194 3967 enume-
1230 3991 1265 4050 73

442 4000 484 4044 set
499 4018 1188 4050 ................
