2767 4492
228 178 282 240 tut
553 178 784 242 rmrmsrsiosn
796 191 945 240 eremum

226 275 365 353 unapars
378 278 546 353 perciperet,
564 279 620 338 alie
634 278 787 352 ignoraret,
802 284 960 350 neutraque
974 277 1075 339 umbos
1088 284 1274 356 comparatio

226 365 272 424 nis
288 365 423 423 terminos
438 364 651 423 internosceret.
668 363 740 436 ltrgo
754 362 902 421 siintsms
911 362 1089 436 experientia
1099 367 1275 428 contrarium

226 448 310 507 nobis
324 448 421 520 dictat,
441 448 579 506 nimirum
594 447 709 521 aliquod
721 462 813 506 unum
827 447 962 520 idemque
975 447 1006 506 in
1020 449 1104 508 nobie
1119 466 1181 510 esse
1195 453 1273 526 prin·

227 532 334 606 cipium
348 533 383 590 ad
398 532 472 605 quod
489 531 652 593 affectiones
666 530 732 589 illae
745 545 846 589 omnes
855 534 883 588 et
893 535 973 590 aetus
981 531 1153 606 referuntur,
1168 535 1274 608 ipsum·
1376 588 1377 597 ,

229 631 285 690 que
309 617 437 673 animum
458 615 661 674 nominemus:
688 613 849 689 simplicem
869 628 931 674 esse
950 614 1081 675 animum
1099 622 1128 676 et
1148 619 1274 692 partium
1376 606 1377 623 ¹

226 700 346 759 'omnino
360 705 506 779 expertem
521 699 603 758 lateri
618 697 765 760 dehemus.

265 784 341 844 ldem
356 783 487 841 convinci
503 789 592 856 potest
602 799 638 842 ex
648 785 814 857 reflexione,
825 799 911 858 quem
923 783 1036 844 animus
1048 801 1135 860 supra
1144 787 1272 861 seipsum

231 872 354 928 exercet.
372 867 443 926 Vere
458 869 535 926 enim
554 868 672 927 rellexio
686 870 718 927 in
733 885 765 928 rs
778 869 934 942 composito
956 870 1076 944 reperiri
1095 885 1151 930 non
1169 877 1269 945 potest.

230 952 261 1012 ln
278 951 432 1026 composito
447 951 524 1010 enim
538 951 638 1026 nequit
651 952 728 1011 idem
739 953 770 1010 in
784 953 911 1026 seipsum
924 953 1010 1012 ilecti.
1027 953 1072 1012 Sic
1082 970 1130 1014 ex.
1146 971 1189 1028 gr.
1205 969 1273 1016 eum

229 1038 344 1098 enorme
358 1037 462 1095 lolium*
476 1037 607 1110 plicatur,
628 1051 786 1110 numquam
801 1037 901 1096 eadem
915 1051 982 1110 pars
995 1037 1027 1096 in
1040 1037 1164 1112 seipsam
1181 1039 1270 1113 tedit;

229 1123 280 1182 sed
295 1123 383 1181 altera
401 1121 524 1180 tleetltur
543 1137 630 1194 supra
644 1121 741 1180 sliam.
756 1123 845 1195 ltque
864 1122 906 1181 ita
924 1122 1042 1195 quidem
1057 1128 1090 1181 ut
1108 1123 1178 1184 dum
1194 1124 1223 1184 id
1239 1123 1272 1182 ti·

229 1214 267 1281 st,
280 1209 356 1282 prior
376 1207 490 1266 chartae
505 1207 690 1265 conformatio
707 1212 736 1264 et
753 1206 845 1279 ligure
856 1207 1272 1281 prorsusamittaturnovaque

234 1296 369 1365 exsurgat
382 1291 505 1364 partium
519 1289 675 1365 dispositio.
689 1290 782 1358 onere
792 1292 817 1349 si
827 1290 927 1349 lolium
937 1291 1007 1349 illud
1018 1290 1191 1351 conscicntia
1201 1292 1273 1350 irue-

228 1383 316 1442 retur,
333 1377 402 1434 dum
417 1375 601 1434 relictionem
620 1381 778 1450 perageret,
799 1390 948 1448 nunquam
961 1376 1085 1450 priorem
1104 1376 1150 1434 eui
1163 1376 1270 1434 modili-

231 1462 374 1530 eatiouem
390 1460 554 1532 attingeret,
572 1459 621 1518 sed
635 1475 741 1520 novam
755 1460 899 1530 inducret3
920 1474 1007 1536 quom
1023 1464 1056 1516 ut
1070 1457 1205 1533 deinceps
1221 1474 1271 1532 per

230 1545 416 1605 rollcrionem
432 1544 596 1618 perciperet,
613 1543 649 1602 ob
663 1543 795 1602 eamdem
809 1542 950 1601 rationem
964 1548 1092 1615 exueret,
1108 1549 1194 1616 utque
1207 1543 1270 1604 ideo

231 1643 379 1702 nunqnam
399 1627 560 1685 aderitum
579 1627 734 1686 deveniret.
751 1628 793 1698 tt,
815 1632 846 1684 ut
864 1626 984 1702 quisque
1001 1626 1056 1684 sibi
1069 1630 1112 1686 est
1129 1627 1269 1698 conscius,

233 1714 344 1786 integer
367 1711 480 1768 animus
499 1712 529 1768 in
556 1711 682 1785 seipsum
705 1709 802 1784 redit,
825 1725 949 1784 suasque
970 1725 1069 1768 omncs
1090 1711 1274 1770 modificatio·

231 1813 283 1856 nes
294 1795 449 1854 rellexions
465 1795 570 1868 optime
591 1794 712 1867 attingit.
729 1794 806 1862 Quae
816 1795 932 1868 quidem
943 1794 1182 1866 modificationes,
1198 1795 1271 1854 dum

233 1887 315 1940 ectus
329 1879 493 1938 retlesionis
510 1885 670 1952 exercetur,
687 1893 745 1938 non
759 1879 842 1938 modo
852 1893 908 1936 non
930 1883 1109 1950 evanescunt,
1121 1878 1172 1936 red
1184 1878 1274 1938 etiam

232 1965 385 2026 viridiores
399 1964 657 2037 constantioresque
671 1963 847 2024 efficiuntur.
862 1963 934 2037 Ergo
944 1978 1003 2022 non
1020 1962 1203 2037 compositus,
1222 1963 1273 2024 sed

233 2049 355 2122 simplex
369 2053 412 2108 est
428 2047 549 2106 unimus.

268 2134 395 2206 Denique
413 2132 551 2191 secedunt
571 2131 628 2190 hue
642 2131 767 2192 rationes
782 2147 899 2199 omues,
917 2147 988 2206 quas
1007 2147 1059 2207 pro
1078 2131 1274 2206 spiritualitate

233 2218 322 2276 animi
337 2217 431 2274 statim
447 2215 613 2288 aliersmus3
632 2215 773 2290 siquidem
784 2216 969 2290 spiritualitas
983 2222 1095 2291 praeter
1109 2215 1274 2290 simplieita-

235 2305 291 2360 tem
306 2301 428 2359 nobilius
442 2300 549 2374 aliquid
563 2299 706 2373 importat,
722 2301 797 2374 quod
808 2316 866 2360 non
879 2302 964 2360 modo
977 2301 1275 2374 metsdaesedmate·

235 2385 300 2446 riuti
315 2385 400 2444 etiem
416 2383 621 2464 dependendae
635 2390 775 2459 repugnat
790 2387 815 2444 t,

281 2553 292 2596 l
311 2553 464 2612 Opportunum
478 2550 513 2598 irio
528 2551 570 2598 erit
586 2549 669 2613 aliquid
684 2550 713 2598 de
726 2555 843 2613 systemate
855 2550 1010 2614 peremtepoe
1024 2550 1131 2614 esum,
1147 2566 1190 2613 qus
1199 2565 1276 2613 pepe

234 2642 281 2676 rsm
296 2626 397 2672 nonnulli
413 2631 487 2672 eostre
503 2625 664 2688 simplieitatem
678 2625 747 2672 enimi
761 2626 890 2674 motatur.
912 2627 1018 2677 lerum
1035 2628 1110 2689 itsqes
1127 2623 1281 2688 pheuelopise

233 2707 347 2765 speleum,
365 2701 422 2764 quod
438 2701 504 2748 etism
525 2700 694 2762 ersniologicum
710 2701 841 2766 appellent,
859 2718 872 2749 s
886 2701 935 2750 dett
948 2701 1036 2764 quidem
1049 2707 1115 2766 etque
1129 2717 1142 2750 s
1155 2699 1281 2764 Spnrsiteim

233 2777 341 2840 discipulo
354 2775 401 2822 eius
416 2777 534 2840 invectum,
546 2776 586 2824 hoe
596 2778 680 2824 statuit.
694 2778 861 2840 Propensioues,
873 2793 928 2840 quse
941 2779 966 2824 itt
980 2791 1110 2840 unoquoque
1123 2777 1212 2827 tonino
1224 2773 1282 2822 mul·

233 2853 329 2900 titurium
351 2849 536 2914 manifestentur,
553 2853 711 2914 squibusdsm
732 2853 825 2899 internis
843 2852 925 2900 cerebri
944 2852 1097 2918 prominentiis
1112 2850 1217 2914 pendent.
1237 2849 1283 2895 ltu·

235 2927 395 2990 prominentiso
410 2943 459 2972 eum
475 2931 559 2973 metues
573 2927 690 2975 admodum
705 2929 728 2973 in
746 2927 830 2975 intente
844 2925 979 2991 evolvantur,
995 2927 1083 2978 mollem
1096 2925 1168 2974 sdlrne
1181 2926 1228 2972 eius
1242 2923 1286 2970 esi-

236 3016 285 3048 rsrn
300 3001 340 3046 hec
355 3001 405 3046 illae
422 3001 545 3063 impellunt.
562 3002 633 3058 Quare
649 3019 700 3050 cum
720 3004 825 3065 temporis
840 3019 942 3066 processu
961 3009 1062 3050 esternss
1075 3001 1153 3064 ospitis
1166 2999 1286 3046 durescunt

234 3081 316 3140 partes,
335 3075 439 3138 quaedem
454 3077 550 3123 esistunt
564 3078 746 3141 extollentium,
763 3080 790 3124 iis
806 3079 939 3125 sdsmnsslm
953 3077 1118 3141 respondentes,
1132 3091 1188 3138 qsss
1201 3075 1284 3120 intrin-

235 3169 296 3200 secus
312 3152 399 3198 cerebro
416 3153 498 3198 insunt.
517 3153 696 3200 Estuberstioues
709 3169 761 3200 sero
776 3153 910 3216 huiusmodi,
926 3168 980 3216 qsss
993 3154 1112 3200 instinctas
1125 3151 1159 3198 vd
1172 3150 1239 3196 etism
1254 3149 1287 3194 ls-

236 3229 327 3275 eultstes
344 3227 457 3290 appellent
473 3227 521 3289 (etti
537 3227 615 3275 meiius
629 3243 712 3288 urgens
726 3229 823 3291 vemt),
836 3229 935 3278 diem
948 3245 961 3276 s
975 3229 1068 3277 diversis
1081 3229 1231 3277 suuntur.
1243 3225 1287 3272 Ess

234 3305 293 3352 eninr
315 3303 363 3350 Geli
379 3303 407 3350 sd
427 3308 470 3350 tres
486 3307 508 3349 st
530 3303 619 3363 triginta
639 3309 742 3365 revocetq
757 3305 884 3366 Spnnirein
900 3305 963 3368 plere
979 3309 1085 3364 rsosnoet.
1101 3299 1164 3364 ltpet
1179 3299 1235 3348 elius
1252 3299 1288 3349 tie

235 3395 340 3428 numerus
354 3383 445 3438 suqstnr
459 3379 499 3440 its,
511 3383 535 3424 ut
550 3378 651 3424 nonnulii
666 3379 782 3440 plusquam
796 3388 884 3428 eentum
898 3396 921 3428 ss
935 3381 959 3428 in
973 3381 1033 3428 estre
1047 3376 1152 3426 deuxtu
1165 3374 1286 3424 siflmsnt.
1374 3374 1375 3417 i

238 3455 295 3501 Eine
310 3469 375 3518 porro
390 3453 495 3500 iudicium
510 3452 567 3500 sumi
581 3453 644 3500 siunt
657 3453 793 3513 sinpulsrunr
809 3455 994 3520 propensionum,
1011 3470 1066 3518 ques
1078 3453 1171 3516 quisque
1183 3451 1289 3511 sortitur3
1374 3456 1376 3493 t

241 3543 296 3590 ques
312 3529 404 3591 proinde
419 3528 491 3577 ouivse
507 3527 642 3590 inspectione
659 3527 723 3582 troile
741 3529 812 3590 detegi
831 3535 931 3594 pessunt.
947 3531 1018 3587 Quare
1032 3545 1072 3594 pro
1087 3543 1126 3581 sus
1140 3541 1238 3590 quaeque
1252 3523 1291 3572 di-

240 3604 342 3652 vorsitsto
357 3603 516 3667 prominentiue
530 3603 636 3656 eiusmodi
654 3603 763 3655 nominsri
780 3602 865 3669 solent,
882 3621 997 3667 mosum
1016 3605 1199 3666 metaphysica,
1219 3612 1291 3660 erdo·
1374 3620 1375 3633 ¹

238 3691 297 3804 παις
320 3682 460 3739 matheseos,
479 3694 594 3743 oeperunt
614 3681 752 3738 homicidii,
772 3695 887 3744 erponem
904 3681 1037 3742 eceritiee,
1056 3689 1172 3742 orcum
1190 3678 1292 3731 tmere·

260 3753 265 3766 ’
307 3757 348 3802 etc.
