2767 4492
550 322 791 378 martanda
1138 306 1194 378 'llll

147 416 245 492 goeni,
262 416 294 476 ul
306 409 394 477 simul
406 410 533 475 familiae
547 414 763 475 dissolutionem
778 414 961 490 praecipiant,
983 419 1068 490 atque
1084 414 1120 473 ad
1135 413 1194 473 ltel-

147 502 257 561 loioam
272 501 384 561 nitendi
399 500 539 559 rationem
554 500 684 559 homines
695 500 874 560 adducendos
886 500 982 559 velint.
1000 500 1131 569 Quaeres
1146 514 1192 559 eo·

149 602 214 647 rum
229 588 374 646 doctdnae
388 586 592 645 absurditatem
607 592 635 645 at
646 585 850 645 aeiandllalem
860 585 992 645 ostendit,

184 672 309 747 danique
324 671 438 747 probari
450 686 496 730 res
505 676 597 745 potest
606 684 644 729 ar
654 669 866 729 universalitate
876 676 905 728 et
914 669 1099 745 perpetuitate
1108 669 1193 729 huius

149 756 336 816 iositntionis.
355 756 435 815 Nulla
450 754 529 813 esim
544 755 597 814 luit
611 770 739 829 uuquam
749 755 923 828 pensalitplo
938 754 1014 812 cirili
1024 754 1101 813 cultu
1117 770 1194 827 prae·

148 842 235 914 ditat·
245 854 318 915 qnae
332 840 462 900 stabilem
482 840 680 915 proprietatem
697 856 754 899 non
770 844 944 913 agnosceret.
961 838 1050 897 lmmo
1070 838 1122 911 ipsi
1137 838 1192 912 syla

148 936 256 984 castres
278 926 407 985 lromittes
428 931 457 984 et
476 925 586 983 alterati
604 924 654 1000 qai
675 925 763 985 libero
781 930 885 983 renata
905 930 955 983 aut
976 924 1083 996 piscatu
1106 922 1193 981 tilam

148 1011 237 1082 alunt,
254 1011 354 1069 saltem
370 1010 588 1085 propriaetates
602 1010 784 1084 autmapalia
795 1018 843 1069 ant
853 1006 1053 1068 caterttassilti
1064 1013 1193 1065 consun-

149 1100 191 1154 ter
213 1097 385 1155 atlsciscttnt.
402 1098 521 1153 lltaerero
538 1096 644 1154 iactam
663 1096 795 1167 pertarule
809 1102 838 1153 et
852 1100 986 1153 constans
1006 1092 1081 1166 apud
1096 1096 1193 1165 gallim

148 1180 259 1240 ratione
277 1186 398 1253 olentes,
414 1181 597 1239 laudaturae
612 1183 737 1255 putanda
747 1188 799 1240 est.
818 1180 887 1255 lirgo
903 1186 956 1239 ele

553 1351 733 1411 Paosostrto
752 1348 794 1410 ll.

207 1515 333 1579 Factum
348 1519 575 1596 primipilatum,
591 1521 672 1595 qood
685 1520 734 1580 latr
744 1520 933 1597 proprietatis
949 1518 1136 1594 determinate

381 1616 422 1666 ut
437 1606 588 1665 damnato
601 1606 761 1665 activitatis
776 1607 958 1667 aacmititttu.

186 1770 245 1834 lta.
262 1772 331 1834 cum
343 1774 415 1835 ralla
429 1779 458 1834 et
471 1774 611 1835 naturalia
621 1776 682 1834 lure
693 1776 871 1850 proprietatis
884 1776 1046 1849 elarglestlo
1056 1785 1114 1835 uon
1126 1764 1191 1835 selu

145 1858 263 1919 deliniat
277 1876 332 1935 res,
350 1873 424 1935 arrae
438 1861 501 1920 elus
514 1860 652 1921 exercitio
667 1861 1014 1934 materiamsttppetlllena
1028 1862 1127 1935 quaeri
1144 1874 1192 1936 po³

148 1949 200 2002 test
214 1945 357 2020 qttodoam
372 1948 411 2005 slt
426 1948 532 2005 mettim
548 1946 701 2021 peculiare,
717 1944 792 2020 quoi
802 1946 862 2003 vim
878 1945 981 2003 lateat
999 1945 1044 2005 ina
1058 1945 1126 2004 lllud
1143 1958 1191 2003 rae
1305 2018 1309 2025 Ι

146 2044 215 2101 gum
228 2030 446 2090 determinandl.
463 2024 492 2090 ld
509 2034 571 2089 iure
585 2032 663 2091 enlm
678 2026 860 2105 adipiscendo
875 2032 931 2089 duo
945 2038 1058 2105 semper
1073 2044 1190 2089 concur*

146 2121 226 2172 runt:
254 2114 300 2173 lex
325 2123 445 2174 naturae
460 2132 533 2189 attae
548 2116 612 2175 elus
627 2115 716 2173 veluti
728 2115 766 2174 slt
783 2116 883 2188 latmo,
904 2120 933 2175 et
954 2116 1059 2174 iactum
1075 2114 1191 2189 aliquod

146 2201 219 2271 arrad
236 2199 279 2257 vel
290 2201 326 2258 ab
339 2201 401 2273 ipsa
416 2209 518 2261 natttta
533 2209 654 2275 ponatur
665 2209 696 2259 nt
706 2202 734 2259 in
751 2201 861 2267 inriltns
876 2202 990 2275 innatis,
1003 2204 1047 2259 rel
1060 2200 1192 2275 procedat

146 2281 183 2339 ab
199 2283 313 2341 tramine
328 2291 359 2341 ut
370 2285 397 2342 in
415 2285 525 2344 iuribus
538 2285 695 2358 ncqttlaltls.
708 2284 798 2343 Ellam
809 2286 838 2343 in
850 2286 902 2344 lroa
913 2286 1074 2359 philosophi
1085 2286 1190 2344 discre-

147 2372 224 2439 pant.
247 2358 439 2427 iurisconsulti
460 2369 538 2427 enim
559 2370 669 2427 romani
684 2378 713 2428 et
726 2370 773 2443 qui
796 2384 844 2428 eos
860 2370 971 2443 scqttnti
987 2376 1063 2441 sunl,
1081 2369 1189 2428 iactum
1243 2384 1250 2431 ¹.

146 2449 286 2509 eitrsmodl
300 2454 516 2523 riccupatlouenl
527 2467 590 2512 essa
600 2455 749 2525 diseruult
766 2454 842 2512 unde
856 2452 963 2511 dictum
979 2448 1047 2511 lllad
1062 2454 1188 2513 emersit:

146 2551 192 2594 ret
205 2536 283 2610 litant
296 2537 391 2611 primi
407 2538 584 2613 occupantis.
601 2537 855 2597 dioscortomlstae
865 2536 1037 2595 recentiores
1052 2536 1113 2596 cius
1129 2538 1191 2596 loco

146 2620 315 2681 italusltiam
330 2637 380 2681 seu
395 2623 635 2697 specilla-ationem
649 2623 689 2682 rei
708 2622 819 2697 proprio
830 2620 924 2680 labore
937 2626 1079 2695 peractam
1096 2620 1135 2693 (il
1150 2620 1191 2678 la

145 2708 232 2781 voto)
246 2708 476 2768 substituendum
492 2716 636 2782 puatrnnt.
653 2704 797 2768 Haeduae
812 2706 969 2765 secuntiae
991 2704 1083 2780 prima
1098 2703 1190 2765 ironia

145 2794 289 2851 adversml
301 2796 414 2851 intense
426 2792 569 2866 tldetttur3
581 2796 630 2852 sed
646 2807 702 2852 non
714 2798 757 2851 est
771 2793 820 2850 llas
833 2791 902 2851 llam
913 2791 962 2865 qui
974 2790 1190 2864 occupationem

146 2877 210 2934 tuiti
225 2885 301 2949 suat,
318 2877 480 2935 lambuntur
494 2890 556 2935 eam
573 2879 628 2935 lrne
643 2886 771 2951 spectare
785 2882 816 2934 ut
829 2883 875 2935 tet
888 2882 1035 2951 occupata,
1052 2882 1086 2933 eo
1105 2875 1189 2934 modo

146 2973 202 3035 qtto
217 2969 370 3035 pateretur,
381 2962 553 3020 eladtuuoda
568 2962 611 3020 tel
627 2958 843 3021 transmutanda
855 2960 978 3020 metali
992 2964 1148 3034 occupante
1159 2960 1190 3017 ut

146 3045 209 3104 eius
223 3045 337 3104 utilitati
350 3045 478 3104 serviret.
499 3046 551 3114 Qui
568 3056 634 3105 tero
648 3046 825 3105 ladtutemol
838 3046 1019 3115 industriam,
1036 3052 1092 3104 dan
1105 3050 1189 3117 nepa·

145 3129 350 3204 bantprlmnm
364 3130 441 3189 illius
451 3136 545 3189 actrtm
556 3130 586 3189 in
597 3132 650 3191 ltoc
660 3132 798 3203 eremari,
810 3132 883 3206 qnod
899 3132 989 3190 retal
1007 3130 1116 3188 dullum
1128 3142 1189 3203 per·

145 3214 240 3274 tineas
254 3222 449 3289 occuparetur,
465 3230 548 3276 secas
558 3212 678 3276 materia
693 3216 804 3276 deesset
818 3220 894 3276 circa
904 3225 991 3292 quam
1002 3212 1062 3289 lpse
1074 3212 1189 3273 laboret

145 3299 445 3361 industriatetsetur.·
550 3308 554 3314 '

181 3385 215 3445 lit
230 3386 451 3461 dlsclupaotiam
472 3388 603 3462 namna,
623 3399 698 3464 puae
713 3393 750 3447 eit
764 3387 859 3453 tarbis
879 3386 1028 3461 tlllittsdue
1046 3380 1189 3459 opinionis

146 3484 301 3544 exsurgere
317 3482 419 3548 posset,
436 3475 605 3548 generaliorl
620 3474 743 3533 formula
756 3473 890 3549 loqtrendl
901 3472 1017 3543 ullllltlr,
1034 3472 1190 3530 statuentes

145 3558 253 3617 lactum
270 3560 443 3632 primitivum
458 3560 534 3634 qarttd
549 3562 595 3619 lus
611 3561 739 3618 naturale
755 3558 933 3633 proprietatis
949 3556 1035 3615 rebus
1050 3550 1189 3615 concretis
1231 3592 1233 3599 ›

146 3644 277 3714 applicat,
294 3658 357 3702 esse
377 3643 545 3703 exeaeltlnm
564 3642 716 3702 activitatis
735 3643 886 3702 dalmatae.
908 3640 939 3700 iil
961 3652 1031 3699 sane
1050 3641 1186 3713 operation

144 3738 241 3785 coma
258 3724 438 3787 facoltatibus
453 3728 588 3802 dimanet,
604 3729 749 3803 quaesitio
763 3728 851 3787 dttllo
867 3728 895 3787 ti
911 3728 1028 3785 saloma
1042 3728 1110 3783 sunt
1124 3726 1187 3798 pro·

144 3810 224 3883 priae
237 3812 377 3889 colasque
387 3814 524 3886 ltomlnis3
536 3819 579 3872 est
592 3814 678 3871 telntl
691 3814 842 3889 explicatio
858 3812 997 3887 quaedam
1013 3814 1042 3871 at
1058 3808 1183 3869 ardullio

132 3896 510 3973 -pcrsoattlitttlslutmanaa
523 3898 740 3977 summergitur
753 3898 791 3962 ab
805 3914 839 3961 ca
849 3896 1015 3979 procedens,
1026 3886 1081 3958 dac
1090 3898 1185 3974 mae*
