2767 4492
439 367 514 416 runs
534 367 844 418 ronta-cosmopoeia
1129 353 1164 416 77

118 461 176 530 qua
191 451 274 529 talis,
291 455 467 528 bomogenca
481 469 533 529 per
546 469 577 512 se
591 458 634 513 est
648 469 682 513 ac
700 460 819 515 naturae
834 453 1008 528 consimilis3
1025 469 1063 513 ex
1076 467 1170 530 eaque

120 539 236 599 nonnisi
250 539 379 599 extensio
393 543 422 597 et
436 538 561 614 partium
575 537 770 613 multiplicitas
782 539 942 600 efflorescit.
955 538 1034 599 Unde
1043 539 1131 612 igitur
1138 539 1170 598 in

119 625 268 685 moloculis
282 623 487 696 heterogeneis
504 623 529 683 si
544 623 604 682 sola
623 623 744 682 materia
757 629 928 696 constarent,
943 629 1064 683 naturae
1077 623 1170 682 diuer-

119 711 187 769 sitas
196 715 353 784 emergeret
361 714 389 768 et
399 708 472 768 actio
482 709 634 783 peculiaris
649 709 789 783 quantiae
799 709 836 767 ab
845 709 910 768 aliis
923 707 1170 768 dmcdminanturt

118 795 242 854 Profecto
257 798 371 868 praeter
384 793 491 851 nudam
501 793 660 865 materiam,
677 808 729 852 seu
743 792 902 851 realitatem
913 791 1079 851 extensione
1088 808 1169 866 prae·

118 879 216 952 ditam,
233 877 407 952 principium
416 877 493 936 aliud
507 877 539 935 iu
553 877 703 937 moleculis
714 876 771 936 illis
780 875 975 936 insitnecesse
989 881 1041 949 est,
1058 891 1096 935 ex
1109 893 1166 950 quo

117 963 196 1038 ipsae
211 962 402 1022 differentiam
416 967 535 1021 naturae
549 961 808 1022 sortianturetrim
822 961 926 1034 agendi
940 961 1035 1020 eidem
1046 967 1167 1020 naurrae
1219 972 1225 984 ‘

117 1053 348 1107 consentaneam.
365 1046 444 1114 Quod
458 1046 574 1120 quidem
586 1047 780 1121 principium,
796 1045 851 1105 etei
865 1051 1012 1120 tamquam
1032 1046 1076 1105 vis
1090 1045 1166 1120 eogi-

117 1132 172 1192 tari
186 1133 292 1207 optime
306 1131 409 1206 possit3
427 1140 523 1190 mmen
537 1131 655 1204 cogitari
669 1128 771 1203 nequit
785 1133 818 1188 ut
831 1127 875 1187 ris
888 1129 1072 1189 accidentalis
1082 1136 1111 1189 et
1120 1129 1168 1190 ad·

116 1217 253 1290 ventitia,
272 1215 513 1291 quemadmodum
532 1221 575 1274 est
589 1214 625 1273 de
645 1213 756 1273 viribus
770 1213 930 1273 attrahendi
944 1220 973 1273 et
991 1215 1165 1289 repellendi,

116 1310 167 1361 aut
180 1303 216 1362 de
230 1303 368 1362 aldnitate
377 1300 544 1360 moleculari
557 1299 604 1358 vel
618 1298 758 1372 chymica.
773 1297 832 1356 liae
846 1299 934 1372 enim,
949 1305 984 1358 ut
996 1299 1068 1373 dixi,
1082 1301 1169 1360 mole·

117 1387 198 1444 culas
209 1386 315 1444 iamin
330 1401 383 1444 sua
397 1389 500 1442 natura
514 1383 681 1444 constitutas
696 1383 880 1455 subaudiunt,
896 1381 995 1456 eisque
1005 1382 1169 1444 deserviunt

118 1471 155 1528 ad
169 1485 244 1529 nova
258 1484 376 1542 corpora
390 1468 450 1546 sive
465 1468 605 1544 simplicia
619 1469 679 1527 sive
698 1467 791 1527 mixta
804 1465 1028 1541 progeneranda.
1044 1468 1078 1526 tt
1091 1467 1169 1541 prin·

118 1554 236 1628 cipium,
248 1554 283 1612 de
297 1568 353 1626 quo
363 1552 507 1627 loqmmur
517 1554 552 1612 ad
563 1553 655 1626 ipsam
662 1550 893 1611 constitutionem
903 1549 1043 1610 essentiae
1052 1549 1168 1610 illarum

117 1639 323 1698 molocularum
338 1638 479 1712 pertinere
493 1637 586 1697 debet.
602 1637 674 1696 llam
688 1636 726 1694 ad
740 1635 907 1694 earumdem
919 1634 1078 1708 unitatem,
1095 1649 1169 1708 quae

118 1738 185 1782 cum
199 1724 315 1783 entitme
329 1724 392 1798 ipsa
407 1723 597 1792 convertitur,
624 1728 653 1781 et
671 1721 709 1779 ad
722 1720 925 1796 primigeniam
938 1726 1059 1778 nauatae
1073 1720 1167 1779 diuer-

117 1807 230 1867 sitalem
249 1808 448 1882 explicandam
467 1807 632 1882 requiritur.
659 1806 752 1874 Quare
772 1803 991 1880 concipiendum
1014 1809 1059 1862 est
1077 1809 1110 1863 ut
1122 1805 1168 1864 xis

116 1893 260 1967 primitiva
274 1898 303 1951 et
316 1892 510 1952 substantialis
525 1891 562 1951 ad
575 1891 700 1966 primam
710 1888 893 1949 existentiam
906 1889 1032 1963 corporis
1047 1888 1092 1949 vel
1106 1904 1166 1948 mo
1252 1925 1255 1932 -

117 1975 224 2036 leculae
239 1977 356 2036 omnino
369 1977 541 2050 necessaria,
554 1983 584 2036 et
592 1976 655 2036 sine
670 1991 727 2049 qua
740 1973 897 2034 moloculae
910 1973 1098 2032 elementares
1111 1988 1166 2032 nec

116 2061 226 2119 unitate
239 2061 412 2134 gauderent,
431 2075 484 2120 nec
505 2061 537 2119 in
557 2060 747 2120 determinata
769 2058 865 2133 specie
882 2057 1015 2117 collocari
1028 2064 1163 2132 possent,

117 2151 202 2217 atque
217 2144 281 2202 ideo
297 2145 438 2203 existendi
449 2149 515 2203 actu
529 2145 645 2204 omnino
654 2143 845 2217 privarentur.

154 2229 198 2286 38.
214 2228 257 2286 Ex
271 2228 353 2286 dictis
368 2228 423 2287 duo
438 2233 595 2302 sequuntur
610 2227 769 2287 corollaria.
786 2227 807 2286 l.
822 2227 908 2287 Vetus
924 2227 1066 2287 seutenda
1080 2228 1165 2286 Scho-

42 2321 46 2328 “
117 2311 291 2384 leuticorum,
308 2311 333 2370 si
347 2313 431 2371 modo
445 2313 587 2386 proposito
606 2313 767 2386 explicetur
779 2314 829 2382 (ut
848 2327 950 2387 reapse
964 2313 1166 2386 explicandam

116 2411 181 2454 esse
196 2395 322 2469 censeo);
350 2396 409 2455 sola
423 2401 466 2455 cet
484 2413 557 2470 quae
572 2395 785 2472 compositionis
804 2396 999 2456 substantialis
1013 2411 1166 2469 corpomm

117 2485 321 2552 congruentem
333 2480 472 2540 rationem
487 2481 621 2554 assignat.
639 2481 730 2549 Quare
744 2481 806 2540 cius
820 2485 1000 2554 contemptus
1021 2478 1068 2538 rel
1080 2477 1166 2538 silen-

116 2563 188 2622 tium
203 2565 278 2638 apud
292 2565 462 2624 recentiores
485 2567 687 2641 philosophos,
710 2566 756 2625 vel
776 2565 958 2641 praeiudiciis
976 2563 1023 2623 vel
1040 2563 1165 2638 partium

115 2648 208 2707 studio
218 2648 262 2708 vel
271 2649 458 2723 negligentiae
473 2651 656 2712 tribuendum
666 2657 710 2710 est
725 2653 750 2707 ⁴.
761 2651 794 2709 ll.
806 2650 880 2708 llaec
890 2650 1032 2708 metentis
1044 2650 1165 2710 minime

115 2732 280 2792 adversatur
294 2733 418 2792 theoriae
432 2733 634 2808 physicorum,
658 2749 716 2806 qua
730 2748 849 2805 corpora
862 2733 955 2790 mixta
976 2748 1014 2791 ex
1028 2734 1164 2806 simplici-

114 2814 187 2888 bus,
204 2822 232 2875 et
245 2817 386 2890 simplicis
400 2833 437 2875 ex
452 2817 599 2876 moleculis
614 2822 746 2874 constare
760 2815 903 2873 dicuntur.
921 2805 1053 2872 sedeam
1068 2816 1162 2886 quoad

113 2899 262 2972 physicam
281 2899 422 2971 analysim
436 2899 631 2962 subaudiens,
647 2895 768 2953 ulterius
786 2896 823 2954 ad
836 2895 978 2969 principia
1002 2895 1164 2954 essentialia

112 2982 242 3057 ipsarum
251 2980 455 3038 molecrdarum
470 2979 664 3050 metaphysica
675 2977 847 3048 inquirenda
860 2977 1048 3052 progreditur.
1064 2979 1165 3039 Utrum

111 3081 182 3125 vero
197 3065 272 3121 inter
286 3077 412 3134 corpora,
430 3076 504 3133 quse
518 3060 611 3117 mixta
624 3058 768 3132 dicuntur,
785 3061 948 3134 dicresim
962 3079 1036 3138 quae
1050 3079 1109 3122 non
1120 3077 1165 3121 sa·

115 3149 151 3208 tis
165 3145 344 3220 explicentur
357 3158 408 3217 per
422 3157 532 3203 merem
546 3141 781 3216 compositionem
796 3146 989 3219 simplicium,
1015 3147 1065 3206 sed
1079 3146 1117 3204 ad
1130 3161 1165 3204 ea

114 3229 291 3293 edormauda
304 3231 416 3303 praeter
438 3228 641 3287 elementorum
657 3229 892 3288 commixtionem
906 3230 1054 3304 productio
1068 3229 1162 3302 requi·

115 3321 195 3374 rotm
208 3329 300 3373 novae
314 3313 377 3384 vis,
394 3327 467 3387 quae
485 3311 593 3372 unitate
607 3329 660 3371 sua
673 3312 815 3372 clementa
829 3314 879 3372 illa
893 3313 1036 3373 contineat
1053 3328 1165 3372 eomm-

116 3415 171 3474 que
192 3400 266 3460 vires
281 3399 336 3458 sibi
356 3397 489 3458 subiiciat
503 3397 554 3471 {ut
567 3397 610 3456 de¹
623 3397 721 3471 planta
734 3398 853 3457 interius
868 3398 972 3458 dicturi
986 3398 1115 3472 sumus);
1132 3397 1163 3457 id

116 3498 252 3558 quaeram
268 3481 425 3542 omittimus
439 3497 476 3542 ne
490 3481 612 3542 nimium
627 3489 775 3542 excrescat
790 3483 928 3542 tractatio.

160 3680 172 3725 l
189 3682 234 3728 lem
249 3697 262 3728 e
276 3683 321 3728 seir
335 3682 470 3745 temporibus
483 3682 605 3732 leibnitius
620 3681 746 3729 huiusmodi
765 3687 914 3746 contemptun
928 3681 1003 3745 nori,
1020 3679 1066 3727 non
1079 3660 1161 3728 rationi

114 3754 241 3802 tribuebat:
261 3777 269 3799 ι
288 3757 306 3802 ll
321 3757 403 3804 semble
416 3773 459 3820 qne
473 3757 551 3820 dapnis
565 3773 608 3820 peu
627 3757 648 3804 le
662 3773 714 3804 nom
732 3757 771 3804 dee
789 3761 875 3818 [ome
888 3758 1059 3804 utetoettettee
1072 3761 1105 3803 eet
1120 3755 1162 3802 de-
1225 3775 1236 3803 o

117 3851 126 3872 ι
143 3843 201 3876 veen
215 3831 295 3879 infame
310 3837 388 3895 cuprea
402 3833 429 3879 de
443 3835 550 3880 certeinee
565 3849 618 3894 geue
633 3839 655 3879 et
668 3833 706 3895 qu'
718 3847 747 3878 on
762 3848 775 3879 e
790 3832 857 3878 leonte
872 3831 923 3878 d'en
937 3832 1017 3894 parler.
1034 3831 1162 3894 &pudent
1222 3826 1224 3829 ’

116 3925 125 3948 ι
143 3905 160 3952 il
174 3923 187 3969 p
201 3922 214 3953 e
227 3923 305 3954 encore
318 3913 469 3970 pant-etreeu
479 3909 525 3956 cele
539 3907 589 3970 plue
599 3908 626 3956 ds
636 3907 701 3956 modo
714 3921 758 3970 que
773 3906 801 3955 de
814 3907 895 3954 reisoo.
916 3928 925 3950 ·
938 3909 1071 3958 Nouem
1081 3903 1163 3954 Emit

114 3989 156 4032 ete.
174 3981 212 4032 liv.
228 3981 270 4048 Ill,
286 3981 321 4030 ch.
338 3983 362 4046 o,
380 3981 405 4046 ὅ.
419 3982 458 4030 tt.
