2767 4492
238 255 289 315 160
563 261 955 311 uermnrsroteaaaaaars

235 355 280 426 tis,
288 352 393 428 quibus
404 351 545 422 coalescit,
553 350 658 408 rariori
667 349 775 422 nequit,
783 347 851 420 quin
864 346 949 405 simul
958 346 995 405 sit
1006 346 1180 421 triangulum
1190 352 1284 408 etnon

233 437 418 511 triangulum,
431 436 506 509 qnod
516 439 665 508 repugnat.
677 431 866 492 indivisibiles
875 446 942 490 vero
952 431 1140 505 appellantur,
1152 433 1220 505 qnia
1235 448 1284 490 ne-

233 538 290 597 que
299 522 392 580 minan
406 525 525 594 possunt
538 535 592 578 nec
606 519 719 592 angeri,
737 520 805 591 quin
821 521 974 592 conceptus
988 517 1067 575 illius
1076 517 1282 578 determinatae

233 607 373 667 essentiae
382 606 547 681 perimatur.
560 605 605 662 Sic
615 619 680 662 cum
692 603 825 664 animalis
836 603 960 661 essentia
970 603 1000 661 in
1010 619 1043 662 eo
1054 608 1189 675 moreau,
1204 609 1236 661 ut
1245 605 1284 663 sit

228 691 393 770 ,substantia
408 691 465 748 vita
479 703 621 762 sensuque
635 688 784 762 praedita,
801 687 967 761 complexas
981 687 1028 745 hie
1039 693 1172 746 notamm
1187 703 1238 762 pro
1248 703 1283 747 ea

232 777 321 835 reita
342 781 385 835 est
399 774 580 846 individuus,
601 779 633 832 ut
647 773 672 830 si
690 778 788 832 notam
804 787 892 831 unam
908 772 1074 845 sustulerit,
1092 787 1138 830 ex.
1154 788 1197 846 gr.
1218 785 1283 831 sen-

233 877 316 934 snm,
333 862 392 918 iam
401 875 460 919 non
474 857 581 917 animal
590 857 698 916 babeas
709 858 758 915 sed
769 857 912 932 plantam,
929 857 953 916 si
965 857 1050 916 aliam
1067 857 1219 930 addideris,
1232 873 1279 915 ex.

233 961 276 1018 gr.
293 945 452 1015 rationem,
469 958 528 1002 non
548 957 662 1000 merum
678 942 800 1014 animal,
817 942 866 1000 sed
880 942 1027 1000 bominem
1041 941 1156 1000 confles.
1174 943 1282 1000 Postre-

232 1045 280 1088 mo
295 1034 427 1087 aeternae
438 1027 586 1098 dicontur,
603 1041 661 1084 non
675 1031 816 1098 quatenns
826 1025 1030 1099 sempiternam
1041 1025 1072 1082 iu
1087 1041 1117 1084 se
1128 1025 1282 1084 habuerint

233 1114 415 1172 existentiam
437 1113 483 1186 (id
497 1113 574 1170 enim
596 1111 648 1169 soli
663 1109 720 1169 Deo
735 1110 901 1184 competit),
922 1110 972 1168 sed
987 1117 1126 1183 quatenns
1140 1111 1171 1168 in
1186 1126 1217 1169 se
1231 1109 1281 1168 ab·

233 1203 337 1257 straete
358 1198 495 1270 cogitatae
514 1193 718 1270 praescindunt
736 1210 754 1252 a
772 1199 897 1268 tempore
912 1199 941 1253 et
961 1195 1049 1253 abeo
1063 1210 1099 1252 ex
1115 1194 1280 1253 aeternitate

233 1282 339 1340 inerim
354 1281 492 1354 cognitae.
1271 1293 1272 1298 ’
1370 1263 1377 1288 ’

266 1366 311 1423 ⁶28.
328 1366 397 1424 Cum
407 1365 444 1422 ad
457 1365 595 1424 essentias
610 1363 788 1423 definiendas
797 1364 844 1424 vel
855 1364 1053 1439 explicandas,
1068 1379 1168 1422 earum
1178 1363 1281 1422 consti·

234 1449 341 1508 ruentia
355 1453 553 1521 recensentur,
569 1447 665 1507 afferri
680 1448 874 1522 solentpartes
884 1449 928 1507 rel
944 1448 1035 1507 aeoles
1048 1447 1094 1506 vel
1108 1447 1279 1506 actionales.

231 1534 327 1591 Partes
337 1533 429 1591 rooles
443 1531 563 1606 appello,
576 1548 650 1606 qnae
658 1533 775 1606 physice
785 1533 934 1592 distinctae
944 1537 1018 1604 sunt,
1029 1537 1061 1590 ut
1070 1532 1095 1590 si
1105 1530 1228 1590 hominis
1237 1546 1281 1590 es·

172 1621 175 1626 '
231 1618 354 1677 sentiam
369 1624 498 1676 constare
508 1618 588 1675 dicas
597 1634 635 1676 ex
644 1619 763 1692 corpore
776 1619 909 1691 organico
919 1624 948 1676 et
957 1618 1054 1676 anima
1063 1617 1203 1675 rationali.
1217 1617 1280 1674 Par-

232 1709 274 1760 tes
283 1717 350 1761 vero
359 1703 521 1761 actionales
529 1703 657 1771 nomino,
669 1719 743 1776 quae
753 1703 868 1762 notione
879 1707 990 1760 tantum
998 1701 1133 1760 differunt
1143 1706 1171 1759 et
1180 1699 1280 1759 distin·

231 1788 324 1845 ctione
337 1785 458 1858 formali,
470 1794 500 1844 nt
508 1786 532 1844 si
541 1787 689 1845 hominem
700 1787 778 1846 dicas
788 1803 850 1846 esse
860 1787 967 1845 animal
976 1785 1122 1858 rationale,
1136 1785 1280 1859 explicata·

231 1871 268 1928 do
281 1871 344 1928 eius
358 1870 513 1929 essentiam
522 1885 574 1944 per
583 1872 848 1945 gerrnsproximnm
858 1877 886 1930 et
895 1871 1086 1929 differentiam
1103 1869 1277 1944 specilicam.

232 1954 359 2012 molesto
373 1969 463 2027 genus
477 1971 536 2013 non
550 1959 662 2028 partem
678 1955 814 2028 exprimit
829 1971 903 2029 quae
918 1955 1034 2029 physice
1049 1954 1182 2014 distincta
1197 1954 1233 2012 sit
1243 1953 1280 2012 ab
1313 1969 1317 1974 ’

232 2037 312 2109 aliis,
328 2038 377 2096 sed
393 2043 480 2096 totam
489 2039 643 2101 essentiam
657 2033 865 2114 repraesentat,
877 2040 992 2099 notione
1007 2047 1103 2098 tamen
1117 2038 1280 2114 indetermi-

232 2127 310 2182 nata.
328 2123 373 2181 Sic
387 2123 504 2181 animat
524 2139 581 2182 non
596 2128 690 2183 solam
706 2139 808 2198 eorpus
824 2125 967 2198 signifieat
983 2126 1013 2183 in
1029 2123 1144 2182 homine
1160 2125 1168 2197 t
1177 2137 1279 2196 corpus

231 2207 310 2266 enim
326 2223 376 2280 per
385 2223 415 2266 se
424 2208 484 2266 vita
497 2213 526 2266 et
539 2223 624 2266 sensu
639 2209 753 2282 caret),
771 2209 820 2267 sed
834 2209 977 2282 significat
991 2223 1094 2283 corpus
1108 2214 1136 2268 et
1151 2208 1278 2266 animam

231 2291 324 2364 quoad
344 2291 549 2364 perlectionem
576 2298 604 2349 et
617 2291 693 2350 vires
714 2293 852 2365 quasdam
870 2292 1033 2364 dumtaxat,
1050 2289 1239 2350 abstrahendo
1262 2305 1279 2347 a

230 2375 333 2434 ceteris
348 2375 564 2434 sublimioribus
578 2375 688 2434 viribus
704 2383 732 2434 et
745 2377 835 2448 gradu
849 2375 986 2434 realitatis
1007 2391 1080 2450 quae
1094 2377 1125 2434 in
1141 2379 1280 2446 conceptu

229 2459 404 2530 rationalis,
417 2459 471 2532 ‘qui
481 2475 601 2518 munere
612 2460 788 2518 differentiae
799 2460 937 2533 iungitur,
952 2461 1141 2520 eontinentur.
1155 2459 1208 2518 Sed
1219 2459 1278 2517 sive

230 2550 325 2616 partes
333 2544 482 2616 physicae,
496 2543 556 2601 sive
570 2544 729 2602 nationales
741 2545 831 2617 (quae
843 2544 930 2602 etiam
940 2545 1152 2618 metaphysieae
1165 2543 1223 2603 dici
1233 2558 1276 2602 so·

231 2626 307 2698 lent)
322 2627 517 2706 perhibentur,
534 2642 647 2701 semper
656 2627 780 2686 essentia
794 2628 879 2686 realis
888 2627 992 2686 obiecti
1003 2628 1173 2702 exprimitur
1188 2633 1216 2686 et
1229 2627 1276 2686 de·

233 2710 341 2768 linitur.

267 2794 312 2853 29.
336 2796 425 2869 Atque
448 2797 501 2856 hoc
521 2796 583 2856 loco
597 2797 858 2872 perniciosissimus
873 2798 970 2856 Loekii
992 2813 1070 2857 error
1083 2797 1165 2858 reiiei
1179 2797 1274 2868 debet,

229 2880 278 2953 qui
293 2879 384 2939 reales
398 2882 536 2941 essentias
550 2882 634 2941 nobis
648 2883 766 2940 omnino
781 2882 891 2955 ignotas
907 2897 969 2942 esse
984 2883 1221 2942 comminiscitur.
1234 2881 1278 2940 tit

229 2965 308 3022 enim
322 2981 374 3023 nos
393 2982 451 3026 non
465 2983 636 3039 cognoscere
657 2966 714 3024 nisi
729 2968 869 3026 essentias
884 2966 1058 3033 nominales,
1078 2981 1149 3040 quas
1167 2981 1223 3024 non
1241 2966 1277 3024 ad

228 3051 271 3109 rei
286 3051 518 3109 constitutionem
537 3057 665 3124 spectare
684 3051 754 3110 dicit
775 3051 824 3110 sed
839 3067 910 3126 opas
925 3066 987 3126 essa
1002 3051 1106 3108 mentis
1121 3050 1273 3121 humanae,

229 3151 303 3208 quae
318 3136 478 3210 compendii
494 3137 585 3208 gratia
604 3152 652 3194 res
669 3137 763 3195 varias
780 3137 817 3196 ad
834 3137 985 3195 nonnullas
999 3135 1117 3194 reducat
1127 3134 1231 3194 classes
1249 3141 1277 3193 et

230 3220 411 3292 generalibus
426 3220 599 3294 qmbusdam
613 3221 778 3280 nominibus
793 3221 935 3294 significet
950 3223 974 3278 t.

270 3431 281 3476 l
300 3433 370 3478 Essas'
382 3433 443 3491 phil.
460 3446 565 3478 casceca
583 3433 691 3478 l'eatcud.
711 3435 774 3478 ham.
790 3432 830 3478 lis.
847 3433 870 3495 3,
888 3433 922 3478 eh.
939 3434 962 3478 5.
979 3433 1034 3479 ltlira
1049 3437 1081 3479 est
1095 3447 1185 3496 prorsus
1199 3437 1222 3478 et
1235 3433 1276 3477 Lo-

224 3505 273 3551 ehio
288 3523 339 3553 rere
353 3506 419 3567 digna
434 3507 532 3553 doctrina
549 3507 576 3553 dc
590 3508 699 3568 essentiis,
718 3523 782 3569 quam
798 3509 845 3570 ipsa
860 3508 947 3554 exhibet
962 3510 1027 3554 citato
1041 3511 1120 3572 capito.
1134 3511 1163 3555 Er
1180 3525 1223 3571 quo
1234 3507 1276 3554 ab·

224 3581 290 3626 surda
305 3582 411 3627 nonanus
426 3583 551 3628 summatim
567 3583 709 3645 depromam,
726 3588 750 3628 ut
764 3583 872 3629 indicetur
886 3599 951 3646 quarn
967 3585 1077 3647 sapienter
1091 3583 1217 3646 philosophi
1232 3599 1276 3629 no·

224 3671 275 3700 man
291 3655 342 3701 hnic
355 3659 465 3719 sophistae
479 3659 586 3705 tributam
601 3657 648 3703 sit!
665 3659 691 3703 ln
706 3659 783 3720 primis
804 3659 876 3720 itaque
891 3659 918 3705 de
933 3659 1061 3707 definitione
1079 3660 1190 3722 loquens,
1207 3674 1276 3719 pens-

223 3730 289 3776 ratim
303 3732 381 3777 assarit
394 3748 442 3778 eam
457 3734 574 3780 sibilasse
589 3733 658 3794 alind,
674 3734 718 3780 nisi
733 3734 799 3780 nnius
813 3735 911 3782 vocabuli
927 3752 968 3798 ope
983 3736 1080 3797 plurium
1095 3735 1187 3782 aliorum
1203 3734 1276 3797 expli·

224 3806 332 3853 tationem
347 3805 394 3870 (ss
411 3807 441 3852 lb
452 3807 469 3868 ).
489 3812 551 3856 ·Car
565 3809 587 3856 la
602 3807 718 3855 difinition
733 3809 756 3854 n’
767 3813 839 3874 dunt,
857 3827 939 3858 comme
955 3811 970 3858 il
984 3827 997 3858 a
1012 3814 1046 3858 dte
1061 3811 1109 3873 dit,
1126 3826 1169 3874 qno
1185 3809 1276 3872 l'expli-
