2767 4492
408 340 483 388 rens
495 337 843 390 mmm-sercnocoon
1094 325 1152 387 tor

143 439 226 515 resp.
242 438 446 500 Haecublectio
457 441 653 500 contusionem
669 440 803 500 subaudit
816 437 1006 514 simplicitatis
1015 451 1082 497 cum
1092 439 1149 512 spi·

107 524 277 598 ritualitate,
294 529 322 584 et
343 524 415 584 ialsa
435 526 631 585 atomistarum
650 524 758 582 theoria
780 525 880 582 nititur
894 525 971 582 circa
991 537 1145 596 corporum

109 609 257 668 elementa.
274 611 305 670 ln
319 609 420 684 primis
434 610 520 681 enim,
537 610 606 682 quid
620 615 718 667 nostra
729 609 847 667 interest
861 609 885 667 si
900 608 1035 674 mamriae
1049 609 1147 666 insunt
1201 625 1204 628 ⁴

109 694 293 768 proprietates
307 694 468 769 simplices?
481 693 590 752 Exinde
602 709 659 751 non
671 692 748 750 aliud
762 691 863 750 inierri
878 699 969 766 potest
978 693 1033 750 uisi
1047 692 1077 750 in
1089 706 1149 750 mn·

110 779 181 837 teria
194 789 251 838 non
266 793 328 838 esse
343 778 433 838 sulam
446 779 613 851 materiam,
630 793 680 836 sen
696 777 855 835 realitatem
869 784 1030 848 extensam3
1048 777 1097 836 sed
1117 777 1149 835 in
1195 773 1198 778 ’

110 877 144 921 ea
158 863 274 923 omnino
284 864 399 937 agnosci
408 869 536 937 oportere
547 862 719 937 principium
730 861 843 934 aliquod
855 860 991 934 simplex,
1003 867 1151 920 actuosum

110 950 138 1006 et
150 946 358 1020 determinans,
375 947 451 1022 quud
465 946 619 1006 moleculae
633 961 703 1004 vera
720 945 862 1013 soliditate
876 950 905 1003 et
919 944 1027 1002 unitate
1049 943 1147 1016 donet,

110 1031 308 1104 actionumque
322 1046 395 1105 qnae
408 1031 439 1090 in
453 1030 509 1091 illis
523 1031 752 1101 manifestantur,
768 1028 805 1087 sit
819 1029 891 1086 iens.
903 1028 932 1086 ld
942 1036 1038 1086 autern
1052 1031 1149 1100 aperte

109 1114 257 1173 docuimus
271 1114 301 1172 in
317 1114 490 1188 dcemologia
499 1114 535 1172 de
550 1114 698 1173 elementis
708 1127 859 1186 corpomm
869 1112 1040 1171 disserentes
1055 1113 1080 1169 t,
1093 1111 1147 1169 lin-

110 1198 145 1258 de
158 1199 229 1258 baec
243 1199 396 1258 dillleultns
410 1203 508 1258 conba
522 1197 733 1272 simplicitatem
747 1197 837 1255 animi
851 1202 980 1271 respectu
996 1196 1086 1255 nostri
1100 1209 1149 1254 ra·

109 1298 148 1342 na
162 1285 243 1342 estet
255 1282 352 1341 intilis.
366 1282 399 1342 ιιι
411 1283 499 1350 enim,
514 1282 582 1356 quia
596 1282 626 1338 in
642 1281 807 1354 corporibus
823 1286 890 1340 sunl
902 1282 1086 1354 proprietates
1096 1279 1150 1338 ali·

111 1381 194 1442 quae,
211 1381 285 1440 qnae
299 1366 509 1439 simplicitatem
525 1364 650 1438 aliquam
665 1365 824 1438 includunt,
836 1365 935 1424 inferri
944 1365 1028 1422 debet
1036 1365 1077 1423 ibi
1087 1379 1146 1422 uon

112 1465 175 1509 esse
190 1451 281 1508 solam
304 1449 501 1508 extensionem
515 1449 734 1522 molecularum,
751 1450 801 1507 sed
815 1449 933 1523 insuper
948 1449 1007 1506 uim
1026 1448 1152 1522 aliquam

111 1533 301 1608 primitivam,
318 1548 392 1607 quae
411 1533 575 1592 esnrmdem
592 1534 737 1591 actionum
751 1533 788 1590 sit
804 1532 990 1607 principium:
1007 1532 1049 1590 sic
1063 1547 1080 1589 a
1095 1531 1150 1590 ior·

111 1617 175 1677 tlori
191 1617 220 1675 in
236 1616 384 1690 sentiente,
401 1617 538 1692 quoniam
557 1631 613 1676 non
628 1617 712 1676 modo
727 1616 830 1675 adsunt
844 1616 969 1674 arbones
987 1614 1151 1688 simplices,

110 1701 161 1762 sed
175 1701 300 1760 actiones
314 1714 386 1776 quae
397 1699 463 1760 licet
472 1715 522 1774 per
536 1701 650 1760 diversa
669 1713 776 1773 organa
790 1706 988 1772 exerceantur,
1009 1699 1046 1757 ad
1060 1713 1151 1757 unum

111 1791 207 1844 tamen
228 1783 361 1860 idemque
384 1785 543 1844 subtectum
557 1785 734 1859 reseruntur3
757 1783 861 1842 deduci
881 1783 964 1858 debet
987 1784 1082 1843 inesse
1097 1782 1153 1857 ipsi

110 1868 282 1944 principium
297 1867 410 1942 aliquod
420 1873 487 1928 uere
497 1869 680 1944 simplicitate
694 1874 724 1927 et
736 1868 845 1927 unitate
855 1869 1023 1942 praeditum,
1036 1869 1111 1941 qnod
1123 1869 1154 1927 in

110 1951 230 2012 materia
243 1951 358 2028 qrridem
373 1953 410 2012 elt
423 1952 474 2012 sed
487 1953 607 2012 materia
620 1967 678 2011 non
688 1953 733 2011 sit.
745 1952 776 2011 ld
789 1967 873 2011 omne
884 1953 1095 2026 simplicitatem
1111 1967 1154 2010 re·

112 2035 203 2111 spicit.
217 2039 250 2095 dt
259 2053 311 2096 nos
321 2045 465 2110 praeterea
474 2037 731 2096 demonstrauimus
742 2037 970 2111 spiritualitatem
980 2038 1078 2109 animi,
1095 2052 1154 2096 non

111 2137 149 2180 en
162 2120 340 2194 simplicitate
357 2119 455 2178 seder
466 2121 661 2193 spiritualitate
679 2121 904 2195 actionumqua's
920 2120 1069 2194 illeelicit;
1087 2136 1154 2179 con·

114 2209 157 2262 tra
171 2219 258 2277 quam
272 2204 368 2276 inepta
382 2204 498 2262 omnino
508 2209 575 2262 sunt
589 2204 721 2278 exempla
731 2205 835 2264 virium
849 2203 987 2265 materiae
998 2221 1070 2280 quas
1083 2207 1154 2266 obii·

114 2289 153 2347 cit
166 2288 304 2361 Voltaire;
321 2288 375 2346 hae
390 2287 467 2345 enim
489 2293 565 2346 certe
588 2303 604 2346 a
627 2289 748 2347 materia
770 2290 930 2364 dependent
949 2291 980 2348 in
1002 2293 1154 2365 operando.

152 2371 352 2430 cellense
374 2371 531 2444 generatim
552 2377 698 2446 opponunt
719 2375 929 2433 materialistae.
947 2375 1000 2442 Oui
1024 2375 1154 2434 animum

113 2458 146 2514 ut
160 2455 347 2514 substantiam
363 2453 522 2528 simplicem
532 2460 560 2513 et
571 2456 747 2530 spiritualem
761 2459 905 2516 amatoria
920 2459 1036 2516 omnino
1051 2458 1150 2515 distin·

113 2544 188 2597 ctam
204 2543 325 2612 tuentur,
337 2539 367 2598 bl
384 2553 446 2598 rem
464 2540 616 2614 quamdam
628 2541 736 2600 nemini
752 2547 849 2601 notam
863 2556 938 2616 quae
949 2541 1151 2614 comprehendi

113 2623 271 2695 cognitione
287 2629 409 2696 nequeat
429 2637 528 2682 revera
547 2625 706 2684 adstruunt.
723 2625 814 2694 Quare
833 2641 898 2684 eam
919 2640 968 2697 per
986 2623 1151 2697 negationes

112 2705 221 2780 aliquas
236 2707 396 2766 describere
411 2715 559 2783 coguntur,
572 2711 679 2769 aientes
694 2725 759 2768 eam
773 2726 835 2769 esse
845 2711 1035 2781 inextensam,
1046 2709 1146 2770 inditi·

112 2788 212 2864 duam,
228 2790 325 2849 sensui
338 2801 396 2850 non
405 2791 580 2864 obnoxiam,
597 2795 659 2850 sine
674 2793 775 2864 ligura,
792 2793 854 2849 sine
869 2796 962 2863 motu,
979 2792 1015 2848 ab
1031 2792 1154 2865 aliisque

111 2874 330 2948 proprietatibus
344 2875 374 2932 id
387 2889 477 2948 genus
492 2876 620 2934 liberam.
642 2875 723 2934 Nulla
744 2875 832 2946 igitur
845 2889 913 2933 vera
927 2880 956 2932 et
970 2881 1047 2933 certa
1061 2881 1090 2933 el
1104 2891 1153 2949 po·

113 2957 197 3015 sitive
210 2957 247 3014 iis
256 2957 401 3015 vocabulis
415 2973 461 3015 res
476 2958 582 3027 subest,
595 2957 650 3014 nisi
667 2957 738 3014 iorte
749 2957 865 3016 nomine
879 2957 968 3016 animi
978 2957 1097 3032 intelligi
1107 2975 1153 3019 ve

112 3041 146 3099 lit
158 3040 221 3114 ipsa
236 3041 356 3097 materia
369 3040 482 3097 inilnite
497 3045 651 3097 ettenmta.

96 3165 99 3169 -
148 3123 230 3196 Resp.
247 3122 355 3180 idcirco
370 3121 406 3180 ab
426 3121 596 3180 adversariis
611 3121 725 3180 animus
736 3127 767 3180 ιιι
780 3139 826 3182 res
840 3124 995 3199 incognita,
1006 3141 1079 3200 quae
1089 3129 1152 3201 cepi

111 3211 244 3282 nequest,
261 3205 396 3280 hebetum
412 3206 480 3280 quia
494 3205 524 3264 bi
539 3205 663 3265 bominis
678 3207 878 3268 excellentiam
894 3225 911 3267 a
925 3226 956 3269 se
970 3211 1153 3286 abdicantes,

113 3291 251 3368 quidquid
270 3305 356 3350 sensu
377 3303 435 3350 non
453 3290 625 3364 percipitur,
649 3291 678 3349 id
698 3291 855 3365 generatim
873 3295 1075 3368 comprehendi
1096 3310 1156 3354 non

113 3393 195 3452 posse
209 3376 395 3435 deblaterant.
411 3377 445 3435 lit
459 3375 573 3434 animus
587 3375 655 3449 quia
669 3375 792 3450 simplex
805 3383 867 3451 est,
884 3393 971 3437 sensu
985 3379 1100 3452 quidem
1115 3384 1155 3437 at-

114 3462 185 3535 tingi
196 3461 304 3536 nequit,
317 3460 366 3519 sed
376 3459 558 3519 intellectuali
574 3459 734 3532 cognitione
745 3461 814 3520 satis
829 3477 970 3536 superque
986 3462 1155 3521 internosci-

117 3549 171 3603 lur.
187 3545 258 3604 lium
277 3544 355 3604 enim
376 3544 482 3618 optime
502 3543 678 3618 concipimus
695 3551 726 3603 ut
744 3545 933 3605 substantiam
948 3561 966 3603 a
984 3561 1100 3619 corpore
1115 3547 1156 3606 di·

115 3629 245 3688 stinctum
259 3635 287 3689 et
300 3630 468 3704 simplicem,
485 3643 558 3703 quae
572 3631 715 3690 sentiendi
726 3637 810 3705 atque
825 3631 1003 3705 intelligendi
1018 3632 1152 3692 iacultute

115 3711 227 3786 polleat,
243 3718 327 3788 atque
341 3712 372 3772 in
386 3713 529 3788 operando
544 3713 631 3775 nullis
644 3715 781 3776 materiae
801 3714 1009 3776 conditionibus
1023 3722 1152 3778 coercea-

73 3865 76 3870 '
159 3887 489 3958 tommosam.
