2767 4492
223 245 264 306 Ι88
679 259 809 308 noelcnn

225 342 395 417 praemissis
408 343 569 403 renonibus
582 341 702 418 censat,
718 345 796 403 velut
809 344 833 403 si
848 344 940 404 dicam
957 359 993 402 aaa
1006 343 1180 418 aequalibus
1194 359 1273 401 surio

225 428 295 500 mis,
311 427 487 501 aequalibus
506 428 630 508 demptis
642 429 789 504 partibus,
810 445 890 502 quoe
904 436 1063 503 superorat
1075 436 1146 486 aaut
1166 444 1274 502 acqua·

226 511 286 584 lia,·
302 511 390 586 utqui
407 512 442 570 iu
459 514 543 572 omui
562 513 715 587 tliouqulo
733 525 854 572 semema
872 511 1056 586 aequiorum
1073 519 1182 585 aequat
1199 511 1274 570 datos

225 595 352 670 capulos
366 603 473 667 rocws;
488 612 556 671 erqo
570 595 599 654 si
616 597 730 656 aooua
751 595 911 670 trinaqulis
932 594 1067 669 aequalis
1081 595 1211 668 capulus
1227 595 1274 653 de·

225 679 333 752 mitur,
348 695 484 738 sulnmol
497 681 690 756 eupoleonem,
708 681 763 754 qul
775 687 945 754 stupescunt,
961 687 1050 738 arunt
1068 679 1214 753 aequales.
1230 679 1275 738 tl-

227 769 321 823 terum
335 765 466 837 estquod
482 765 550 824 solis
564 764 836 838 experimentalihus
846 762 1113 834 iudiciiscoaleseit;
1128 767 1160 820 ut
1169 776 1216 820 ex.
1227 777 1271 835 gr.

226 846 307 920 iqals
320 848 448 922 stipulae
463 849 600 907 admotus
610 849 697 908 illam
706 849 869 920 comburil;
880 847 967 921 atqui
981 847 1051 905 huic
1060 845 1187 921 stipulae
1194 847 1274 920 tqots

216 929 421 1007 ‚admouetum
435 947 502 991 cam
519 933 616 1006 iqa'lau
634 931 769 990 amaad
788 939 906 1007 oportet.
923 931 1046 989 Tertium
1064 930 1177 1002 dicitur,
1198 931 1274 1004 quod

228 1013 319 1073 altera
339 1016 486 1089 rationali,
506 1016 594 1074 altera
613 1015 832 1090 experimentali
853 1014 1011 1089 praemissa
1031 1018 1153 1086 constat3
1179 1015 1274 1072 cuius·

226 1098 306 1157 modi
319 1105 396 1158 esset
408 1099 480 1158 haec
493 1099 685 1158 ratiocinatio:
702 1100 805 1174 aequit
819 1099 939 1157 cauare
957 1113 1006 1156 eos
1024 1098 1193 1170 couliuqeus
1214 1097 1275 1155 uisi

227 1182 334 1242 mutat
347 1199 397 1242 aas
412 1186 625 1256 mosomum
640 1185 727 1259 atqui
740 1185 821 1244 colio
834 1183 1032 1256 coutiuqeulia
1046 1183 1190 1254 cantuae
1205 1197 1273 1256 erqo

227 1266 350 1326 cuiatem
362 1276 472 1342 oportet
482 1284 533 1327 eos
542 1269 750 1328 suasorium.

261 1350 396 1409 interhas
405 1352 593 1412 ratiocinandi
603 1354 713 1427 specics
724 1354 778 1412 hoc
789 1353 909 1412 interest
919 1351 1083 1422 discrimen,
1096 1349 1171 1423 quod
1181 1349 1274 1423 prima

227 1434 343 1494 nonnisi
358 1435 511 1497 relationes
530 1438 669 1510 quasdam
685 1437 760 1496 inter
779 1438 856 1512 ipsas
871 1436 950 1495 ideas
970 1435 1084 1508 detegit,
1106 1434 1156 1494 sed
1173 1449 1225 1506 per
1243 1449 1273 1492 se

227 1515 265 1574 ad
278 1518 386 1578 realem
399 1536 497 1578 rernm
515 1521 698 1580 existentiam
719 1521 898 1581 inferendam
916 1519 1034 1578 minime
1052 1518 1140 1585 ralet;
1163 1523 1273 1577 contra·

228 1600 307 1663 tium
320 1618 388 1662 vero
398 1603 551 1663 dicendum
561 1611 605 1664 est
614 1606 650 1663 de
659 1605 786 1677 reliquis.
798 1606 869 1664 Nam
878 1604 1055 1664 ratiocinatio
1070 1601 1207 1676 empirica
1217 1608 1275 1662 tola

230 1692 339 1757 quanta
354 1692 397 1746 est
410 1687 441 1745 in
455 1689 584 1748 realitate
598 1690 661 1761 ipsa
675 1689 829 1749 indicanda
844 1694 873 1748 ct
886 1689 1057 1748 conterenda
1071 1693 1209 1746 uersatur.
1221 1687 1275 1746 Ra·

229 1768 374 1830 tiocinatio
389 1777 486 1832 autem
499 1774 592 1832 mixta
605 1774 755 1833 veritatem
774 1774 927 1848 quamdam
944 1788 1047 1848 puram
1063 1777 1091 1830 et
1105 1771 1274 1830 rationalem

228 1853 342 1911 veritati
357 1855 438 1914 alteri
452 1858 670 1931 experimentali
689 1858 795 1918 realem
810 1858 992 1918 existentiam
1010 1856 1166 1916 includenli
1185 1853 1274 1928 appli-

197 1951 202 1960 ·
229 1938 394 2004 cat-Quare
408 1941 531 2000 ostendit
541 1957 591 2001 eas
606 1943 721 2022 ipsasin
732 1943 818 2002 rehus
832 1942 956 2001 existme
970 1941 1130 2012 relationes,
1142 1954 1216 2013 quae
1230 1939 1275 1996 in-

229 2024 273 2078 ter
286 2021 365 2082 ideas
378 2023 570 2085 intercedunt.
587 2027 725 2087 veniales
740 2027 818 2086 enim
832 2041 921 2101 purae
931 2033 959 2086 et
970 2025 1140 2084 theoreticae
1155 2028 1229 2094 sunt,
1243 2026 1278 2080 ut

229 2103 270 2161 ita
283 2105 389 2180 dicam,
410 2109 602 2169 conditionate
621 2112 774 2185 practicae,
796 2117 935 2184 quatenus
954 2109 984 2168 id
1002 2109 1078 2177 quod
1096 2107 1223 2166 absolute
1238 2105 1277 2163 de

227 2187 302 2248 ideis
316 2198 457 2266 asserunt,
476 2201 608 2254 assemnt
620 2194 708 2254 etiam
723 2195 868 2266 derebus,
885 2194 969 2252 modo
979 2193 1111 2264 conditio,
1129 2205 1215 2265 quam
1230 2191 1275 2250 in·

228 2276 356 2348 cludunt,
372 2277 458 2336 realis
472 2277 616 2336 reddatur.
633 2279 679 2338 Sic
693 2293 760 2336 cum
775 2279 860 2338 dicis:
878 2277 1104 2350 cuscaatiaqeus
1119 2283 1276 2335 cataroae

228 2359 295 2432 quit
308 2359 371 2418 siue
382 2368 444 2419 aaa
453 2363 624 2435 maccio,
640 2363 782 2421 eiusmodi
796 2361 949 2436 propositio
964 2361 1040 2419 idem
1056 2359 1179 2418 eltirmat
1189 2365 1275 2432 alque

228 2442 299 2501 haec
308 2444 519 2505 conditionalis:
535 2446 563 2503 si
572 2447 670 2504 coistit
683 2463 733 2506 oros
748 2447 926 2520 continqaus,
938 2453 1052 2504 metare
1067 2444 1145 2502 debet
1159 2460 1208 2502 cres
1224 2459 1274 2502 ue·

227 2527 398 2585 cosanum.
414 2529 506 2595 Quare
525 2545 591 2588 cum
610 2536 708 2604 postea
723 2532 752 2590 vi
770 2532 889 2591 minoris
903 2527 1102 2604 propositionis
1117 2528 1273 2602 empiricae

227 2609 411 2668 existentiam
425 2612 499 2670 entis
513 2614 704 2688 contingentis
723 2629 849 2687 asseras3
866 2627 1042 2688 consequens
1062 2617 1105 2671 est
1119 2618 1150 2669 ut
1164 2612 1194 2669 in
1213 2610 1275 2670 illa·

229 2692 305 2754 tione
319 2694 426 2752 realem
435 2696 510 2756 entis
521 2698 809 2764 necessariideducas
819 2698 1009 2758 existentiam.
1018 2696 1061 2755 lix
1071 2711 1127 2769 quo
1137 2695 1221 2768 plane
1230 2696 1273 2754 in-

186 2840 190 2851 ,
229 2776 366 2852 telligitur
375 2785 498 2852 quantae
512 2782 643 2841 utilitatis
656 2782 694 2841 sit
708 2783 779 2842 hacc
790 2781 976 2841 ratiocinandi
986 2781 1107 2854 species;
1121 2782 1273 2855 peripsam

227 2862 306 2922 enim
320 2878 358 2922 ex
372 2861 418 2936 iis,
435 2879 509 2938 quae
523 2866 718 2939 experientiae
734 2866 862 2925 subiecta
876 2870 951 2938 sunt,
971 2880 1014 2937 ea,
1032 2880 1104 2938 quae
1119 2880 1171 2938 per
1188 2880 1273 2939 expo-

226 2947 359 3006 rientiam
370 2962 429 3006 non
443 2947 630 3022 attinguntur,
647 2949 731 3009 lacile
746 2955 774 3009 et
788 2949 948 3008 necessario
962 2947 1141 3007 deducimus.

262 3029 389 3104 Denique
403 3033 546 3094 oecensui
556 3039 648 3109 potest
660 3035 840 3094 ratiocinatio
849 3033 889 3092 ad
900 3033 1058 3105 mulceto,
1070 3049 1126 3106 qua
1135 3031 1272 3090 nimirum

227 3115 370 3187 exipsius
389 3115 618 3178 aduersariomm
637 3118 787 3192 principiis
808 3117 916 3192 aliquid
935 3123 1034 3176 contra
1055 3116 1132 3189 ipsos
1150 3115 1273 3174 ostendi-

227 3211 305 3269 mus3
322 3203 351 3256 et
364 3199 542 3258 rahooioatio
558 3199 753 3274 hypothetico,
773 3201 846 3260 idest
863 3215 921 3274 qua
933 3200 1098 3274 hypothesis
1118 3199 1273 3258 assumitur

227 3280 379 3354 quaedam,
395 3298 433 3341 ex
453 3283 572 3356 ipsaque
590 3283 788 3356 phaenomena
806 3281 994 3356 explicantur.
1011 3284 1043 3341 ht
1062 3283 1134 3341 haec
1151 3296 1208 3340 non
1227 3289 1274 3340 est

226 3364 288 3422 veri
301 3365 426 3424 nominis
440 3366 652 3439 demonstratio,
669 3373 698 3424 et
712 3366 763 3424 vix
778 3365 1010 3440 probabilitatem
1024 3365 1150 3424 exhibet.
1167 3365 1273 3422 'lamen

226 3447 306 3507 utilis
320 3453 364 3506 est
377 3449 547 3522 quandoque
557 3450 594 3507 ad
608 3448 735 3522 aliquam
746 3448 966 3522 exphcationem
980 3449 1142 3522 effectuum,
1160 3448 1209 3522 qui
1224 3445 1273 3521 apss

226 3537 337 3604 parent,
355 3531 530 3592 afferendam
543 3533 778 3607 quotiescumque
792 3546 860 3590 vera
874 3547 961 3590 causa
970 3533 1062 3607 detegi
1073 3533 1180 3607 nequit.

263 3613 309 3673 ts.
327 3616 570 3677 Demonstratione
584 3616 742 3690 acquiritur
755 3615 886 3689 naualia,
899 3631 972 3689 quae
982 3616 1219 3677 idcircodescrihi
1230 3631 1274 3675 so

227 3698 279 3758 let:
299 3700 424 3773 coqoilio
442 3710 521 3784 certo
539 3709 566 3759 ot
583 3699 698 3760 macas
716 3716 771 3776 per
789 3700 1068 3760 doutoustrotiooem
1082 3708 1273 3778 comporota;

226 3797 402 3860 quamquam
415 3783 561 3845 interdum
573 3784 629 3844 hoc
643 3784 760 3846 nomine
775 3783 950 3859 intelligatur
963 3785 1079 3848 habitus
1093 3785 1129 3846 ad
1139 3785 1220 3859 illem
1229 3783 1274 3856 inf
