2767 4492
263 299 317 364 ttln
595 307 983 362 usrmmsruansreonris

166 441 176 458 .
262 399 327 461 idea
342 411 477 476 expresse
493 397 635 476 docuerat,
652 400 840 474 consentiant,
857 396 974 484 difficile
984 403 1069 475 captu
1081 401 1133 461 est.
1151 401 1205 461 Sed
1215 403 1271 465 lroc
1288 407 1324 467 in
1370 477 1373 480 ⁴

262 501 342 545 more
356 486 561 560 propemodum
577 485 699 544 Cartesio
714 485 786 558 luit,
807 491 839 544 ut
854 501 919 545 cum
935 501 987 558 ea,
1010 501 1083 558 quae
1102 485 1222 546 fidenter
1237 507 1319 552 asse

262 575 368 643 ruerat,
390 569 547 644 oppugnari
561 569 756 644 conspiceret;
778 569 815 628 ad
829 569 971 628 eiusmodi
985 585 1123 643 responsa
1137 573 1319 652 confugeret,

263 653 367 728 quibus
382 654 443 712 loco
458 655 557 713 cedere
572 657 600 711 et
615 662 681 712 auto
697 653 780 714 dictis
796 653 990 713 contradicere
1006 653 1159 713 videretur.

301 737 360 797 til.
381 737 452 797 lliuc
466 737 638 797 Leibnitiani
655 743 683 797 et
699 735 830 796 ll'oltlani
844 738 1008 813 systematis
1022 739 1133 798 falsitas
1147 739 1238 801 multo
1252 759 1321 803 ma-

262 820 306 898 gis
322 829 446 898 apparet.
466 823 579 882 Praeter
594 822 672 882 enim
685 823 869 882 inutilitatem
883 823 960 882 illius
975 823 1056 884 ideae
1072 840 1158 898 quam
1172 825 1316 903 adstruit,

262 907 317 966 duo
333 905 450 966 offendit
459 902 649 966 iucorirmoda.
667 905 804 980 Primum,
817 907 893 981 quod
903 906 1118 966 ineluctabilem
1131 908 1319 970 idoansmum

261 989 396 1066 inducat3
418 991 553 1066 secundo,
574 991 649 1066 quod
663 992 802 1050 unionem
817 991 908 1050 auinri
921 1006 988 1050 cum
1003 988 1120 1064 corpore
1136 996 1315 1066 pessumdet.

260 1073 294 1133 Et
309 1077 345 1133 ad
358 1073 427 1134 iliud
443 1077 558 1150 quidem
574 1078 648 1150 quod
663 1075 783 1149 attinet,
803 1075 827 1134 si
842 1075 923 1134 ideae
937 1091 1037 1134 omnes
1053 1075 1109 1150 (ne
1125 1077 1315 1139 sensibilibus

262 1160 378 1233 quidem
394 1163 521 1235 exceptis
531 1161 539 1233 )
551 1177 588 1218 ex
599 1161 759 1220 evolutione
770 1160 883 1218 virtutis
897 1160 1046 1218 cuiusdam
1056 1159 1184 1220 internae
1199 1164 1313 1236 proiici-

262 1251 389 1318 scuutur‚
405 1260 478 1319 quae
493 1245 626 1304 contusas
640 1244 846 1318 perceptiones,
863 1244 894 1302 iu
915 1245 980 1302 idea
995 1245 1081 1303 totius
1100 1247 1226 1305 universi
1246 1263 1314 1307 con·

225 1381 234 1396 ,
262 1335 363 1399 tentas,
385 1328 524 1402 gradatim
540 1328 713 1402 distinguat,
735 1327 955 1390 communicatio
970 1329 1065 1387 omnis
1085 1328 1160 1387 inter
1179 1329 1311 1391 animum

261 1418 290 1472 et
303 1414 525 1487 adspectabilem
539 1413 678 1471 mundum
695 1412 882 1485 abrumpitur.
894 1414 984 1471 lmmo
994 1428 1087 1486 neque
1102 1430 1139 1472 ex
1153 1415 1314 1476 inclinatio·

260 1514 307 1569 ne,
328 1509 414 1570 quarn
428 1496 592 1570 experimur
612 1497 647 1554 ad
662 1495 837 1555 admittenda
856 1511 992 1570 corpora,
1015 1494 1126 1555 adiecta
1139 1497 1189 1557 Dei
1203 1502 1314 1560 veraci-

261 1588 327 1656 tate,
348 1587 378 1642 ut
392 1582 480 1640 voluit
496 1581 646 1650 Curiosius,
668 1581 821 1640 existentia
835 1582 937 1639 mundi
952 1581 1073 1640 risibilis
1088 1583 1189 1641 inferri
1204 1593 1310 1658 posset.

258 1663 406 1728 Inclinatio
422 1665 499 1722 cuim
514 1662 572 1737 illa,
595 1664 702 1722 latente
717 1660 828 1737 Wolfio,
851 1663 952 1721 eadem
966 1679 1083 1737 prorsus
1098 1671 1181 1739 esset,
1198 1665 1313 1727 etiamsi

259 1751 355 1812 nullus
371 1763 524 1823 corporeus
538 1747 663 1806 muudus
676 1753 810 1820 exstaret
830 1752 927 1822 utpote
942 1762 1016 1822 quae
1029 1747 1109 1807 ideas
1125 1763 1163 1808 es
1177 1751 1236 1810 solo
1251 1752 1313 1811 ani·

259 1848 307 1894 mo
323 1834 478 1910 pendentes
493 1833 683 1891 comitaretur.
701 1831 773 1905 Ergo
789 1845 827 1890 ex
842 1832 904 1905 ipsa
919 1831 1019 1892 inferri
1033 1847 1091 1891 non
1107 1839 1199 1908 posset
1208 1837 1313 1894 mundi

259 1919 389 1994 corporei
404 1917 558 1976 existentia
571 1913 666 1975 realis.
1048 1925 1052 1934 ’

296 1999 391 2070 Quoad
406 2001 527 2060 alterum
542 2015 617 2073 vero,
634 2003 734 2058 contra
749 1999 919 2058 Woliianum
934 2006 1060 2074 systema
1074 2001 1201 2075 torqueri
1215 2009 1311 2076 posset

258 2083 329 2145 illud
352 2085 467 2160 ipsum,
488 2085 564 2158 quod
586 2090 684 2144 contra
706 2084 881 2143 Platonicum
900 2084 1080 2144 dictumest.
1104 2087 1172 2146 Nem
1189 2085 1213 2145 si
1229 2085 1310 2146 ideae

259 2185 359 2230 omues
381 2171 417 2228 ab
436 2169 532 2230 auimo
555 2167 639 2229 unice
660 2169 802 2242 pendent,
825 2167 948 2228 nominis
962 2169 1151 2244 intelligentia
1164 2186 1215 2244 pro
1231 2186 1311 2245 prac-

260 2253 333 2314 senti
348 2254 501 2314 iunctionis
516 2257 590 2314 statu
605 2253 717 2312 nullum
737 2251 964 2313 emolumentum
983 2255 1059 2328 capit
1073 2271 1109 2312 er
1124 2255 1231 2314 unione
1245 2270 1311 2314 cum

259 2351 386 2414 corpore.
400 2337 488 2398 immo
505 2354 542 2411 ue
559 2335 687 2396 lniluxus
698 2337 816 2411 quidem
827 2335 883 2411 ille,
901 2353 987 2411 quem
997 2338 1075 2396 Plato
1085 2339 1188 2412 posuit,
1201 2334 1239 2398 es
1248 2355 1311 2413 par-

259 2425 286 2482 te
301 2423 425 2497 corporis
445 2423 480 2480 ad
502 2421 581 2480 ideas
595 2420 705 2478 ¹saltem
725 2421 894 2479 excitandas
913 2419 1022 2480 adstrui
1041 2425 1155 2496 posset,
1176 2423 1311 2481 monades

258 2509 345 2582 euim,
367 2507 443 2566 uude
459 2521 561 2580 corpus
576 2504 719 2578 coalescit,
741 2504 919 2564 Leibuitiano
934 2511 1097 2580 systemate,
1113 2507 1145 2566 in
1158 2505 1310 2565 monadem

255 2592 375 2651 minime
391 2597 488 2666 agunt.

759 2759 802 2820 ΙΙΙ.

534 2927 665 2989 licentiat
682 2937 811 3004 systema
827 2928 1031 3005 perpenditur.

1363 3030 1365 3125 l

294 3099 354 3160 122.
374 3099 405 3160 ln
420 3099 520 3175 primis
536 3102 660 3174 systema
675 3097 730 3158 hoc
744 3115 803 3158 non
817 3099 897 3158 leniri
907 3097 1078 3157 obscuritate
1094 3096 1214 3168 laborat,
1232 3097 1311 3170 quod

256 3185 330 3246 entis
341 3185 415 3258 idea,
432 3201 519 3260 quam
531 3189 675 3259 tantopere
686 3183 805 3257 extollit,
823 3199 881 3242 non
892 3184 961 3242 satis
971 3183 1099 3258 praecise
1110 3180 1227 3241 deliniat
1239 3182 1312 3254 quid

255 3268 301 3331 sit.
323 3270 428 3330 Saltem
444 3286 460 3328 a
475 3285 560 3328 seusu
576 3269 766 3328 communiter
787 3273 901 3341 recepto
916 3269 956 3326 ita
971 3267 1096 3338 recedit,
1118 3273 1150 3325 ut
1168 3280 1307 3338 maguam

254 3355 450 3416 confusionem
469 3352 569 3412 alferat
587 3353 617 3412 iu
638 3350 819 3426 disputando.
843 3351 900 3410 Etsi
916 3352 996 3410 enim
1011 3349 1195 3409 existentiam
1216 3347 1312 3422 ipsam

253 3436 368 3499 notione
382 3437 432 3519 illa
447 3435 585 3497 contineri
601 3437 692 3509 dicat,
716 3441 811 3494 taumu
830 3452 881 3510 pro
901 3435 1054 3495 existentia
1074 3433 1206 3507 intelligit
1225 3431 1306 3490 obic-

254 3525 408 3584 ctiritatcm
425 3521 476 3594 roi,
493 3529 632 3596 quatenus
646 3521 830 3594 distinguitur
845 3536 862 3578 a
876 3519 1037 3593 cognitione
1048 3523 1133 3594 prout
1146 3515 1307 3576 subiectira

256 3613 307 3664 est.
328 3605 357 3665 ld
374 3623 439 3666 vero
454 3605 529 3678 quod
543 3605 628 3664 ceteri
644 3619 743 3664 omues
757 3603 896 3662 vocabulo
910 3603 1080 3662 existentiae
1094 3605 1244 3674 usurpant,
1264 3599 1308 3657 ui·

254 3690 360 3748 mtrum
377 3691 519 3749 actualem
534 3705 631 3749 rerum
643 3687 835 3762 praesentiam
848 3686 881 3745 in
895 3693 1007 3760 ustura,
1024 3679 1241 3746 subsistentiam
1255 3699 1306 3742 no

253 3773 354 3832 minat.
370 3773 441 3832 'lum
456 3788 507 3832 ens
521 3789 554 3832 ea
569 3771 678 3830 ratione
694 3775 843 3844 acceptum
860 3786 927 3834 cum
947 3776 1011 3831 ente
1030 3768 1160 3843 possibili
1185 3767 1309 3827 coniun-

135 3879 138 3886 ’
253 3855 303 3930 die
320 3863 348 3916 et
362 3857 548 3917 nibilominus
561 3873 597 3916 ex
612 3856 674 3915 eius
690 3853 878 3929 applicatione
894 3852 931 3914 ad
946 3855 1098 3928 elementa,
1113 3868 1186 3930 quae
1198 3852 1230 3912 iu
1243 3867 1311 3911 sen-
