2767 4492
427 327 503 372 eras
517 326 830 372 eamn-menonem
1115 311 1151 374 lt
1264 379 1266 382 ,

113 413 279 474 sextom‘lsi
291 412 419 472 carenda
431 413 569 472 numero?
582 412 680 486 luepta
692 411 779 486 igitur
793 411 843 471 illa
855 409 1022 486 hypothesis
1040 415 1153 472 conua-

111 497 186 558 rium
199 497 271 573 eius,
285 497 361 574 quod
380 497 518 592 atlreistae
532 496 647 570 vellent,
662 496 772 570 prohat,
788 497 812 556 si
828 495 897 570 quid
910 496 1022 572 probat.

402 735 405 742 ,
508 671 680 728 Annicunus
699 668 742 728 lv.

281 839 388 901 Primo
401 840 511 901 mundi
524 857 616 900 cocco
630 839 695 900 clio
709 854 766 898 croc
780 853 842 898 coo
857 839 968 914 potuit,

548 925 609 985 cisi
622 925 707 984 Deru.

147 1094 191 1156 11.
207 1097 343 1157 llnndum
358 1113 446 1158 causa
460 1098 556 1172 aliqua
569 1097 727 1171 indiguisse
736 1095 876 1170 vidimus3
886 1101 984 1170 restat,
995 1103 1028 1156 nt
1037 1096 1151 1171 qualem

107 1195 172 1239 eam
187 1181 287 1242 haberi
302 1185 401 1243 deceat
414 1183 569 1242 videndum
583 1179 630 1240 sit.
645 1183 734 1256 ltque
747 1195 804 1254 quo
819 1180 968 1242 dilucidior
981 1181 1151 1256 breviorque

108 1267 210 1325 evadat
224 1267 401 1342 disceptatio,
413 1283 479 1327 eam
489 1282 547 1326 non
562 1266 703 1339 agitamus
717 1265 749 1324 iu
764 1265 906 1324 efficiente
921 1265 1044 1342 quedam
1057 1267 1152 1327 medio

107 1351 284 1426 vestigando,
295 1353 372 1426 qnod
381 1353 464 1427 quasi
473 1351 655 1409 interiectum
664 1349 772 1423 aliquid
783 1365 834 1423 per
847 1349 983 1408 nmutem
993 1366 1010 1409 a
1019 1365 1153 1424 suprema

107 1451 197 1494 causa
210 1442 355 1510 receptam
368 1436 511 1494 mundum
524 1433 682 1494 condiderit
696 1434 740 1508 tid
753 1433 831 1494 enim
842 1434 968 1494 hocloco
982 1441 1080 1494 nostra
1094 1449 1152 1494 non

106 1521 261 1594 interest);
273 1521 324 1580 sed
337 1519 535 1594 quaestionem
545 1519 744 1578 transferimus
753 1519 790 1577 ad
799 1517 880 1577 illam
894 1518 1079 1578 scrutandam
1089 1533 1155 1580 cau-

107 1619 182 1678 sam,
200 1619 273 1679 quae
286 1605 380 1679 prima
393 1605 424 1663 in
439 1604 590 1664 efficiendo
605 1603 700 1663 luerit.
713 1603 787 1662 llaec
802 1603 880 1662 enim
894 1603 957 1662 iure
974 1603 1089 1678 proprio
1104 1619 1153 1664 no·

106 1703 177 1748 men
191 1688 262 1748 illud
275 1689 331 1748 sihi
351 1689 490 1762 vindicat,
506 1687 624 1762 eiusque
644 1693 755 1746 mutum
774 1687 954 1762 investigatio
974 1689 1011 1748 ad
1030 1687 1154 1764 philoso-

105 1774 199 1848 phum
213 1774 345 1850 pertinet.
362 1773 461 1834 Utrum
475 1789 542 1832 vero
555 1772 696 1840 eiusmodi
716 1771 808 1846 prima
826 1787 913 1832 causa
933 1773 1171 1848 adspectebilem-·

103 1859 247 1917 mundum
266 1859 429 1918 immediate
448 1856 620 1930 condiderit,
639 1857 778 1916 suelteri
797 1872 901 1916 causae
915 1873 933 1916 a
947 1873 977 1917 se
997 1859 1153 1933 productae

104 1944 305 2003 exornandum
320 1944 420 2004 saltem
434 1949 464 2002 et
477 1943 686 2018 disponendum
701 1942 823 2017 dederit;
841 1958 899 2003 non
917 1943 1042 2017 partium
1059 1943 1151 2004 Philo-

104 2029 225 2104 sophiae
244 2030 295 2089 sed
310 2030 477 2103 'llreologiae
495 2029 623 2103 quaestio
637 2034 689 2087 est.
707 2027 772 2087 Dixi
785 2027 891 2087 saltem
905 2023 1112 2089 acorrtortdwm
1126 2037 1154 2090 et

102 2113 332 2190 deponentem,
344 2114 488 2188 quiscum
502 2113 564 2172 eius
578 2113 724 2187 primitiva
734 2113 855 2172 materia
870 2128 886 2172 e
901 2113 992 2174 nilriln
1007 2111 1090 2174 educi
1105 2115 1154 2174 de-

103 2197 214 2270 buerit,
224 2197 426 2256 immediatnm
440 2197 550 2272 primae
564 2212 668 2256 musae
678 2191 822 2256 inlluxum
836 2197 999 2278 postularit.
1011 2199 1059 2259 llis
1073 2215 1154 2274 prae·

101 2283 200 2356 iactis,
218 2282 254 2340 ad
270 2281 444 2356 propositum
459 2282 619 2340 veniamus.
960 2334 963 2344 ,

138 2367 173 2427 lu
188 2367 291 2442 primis
305 2366 376 2426 illud
388 2365 501 2440 elucet,
518 2382 576 2426 nou
589 2367 715 2442 potuisse
730 2369 871 2428 mundum
885 2371 1011 2445 seipsum
1025 2371 1150 2444 gignere.

100 2455 194 2514 Secns
209 2452 290 2511 enim
308 2451 449 2511 extitisset
468 2457 622 2527 antequam
640 2459 731 2528 esset,
749 2455 824 2528 quod
838 2456 1022 2514 manifestem
1035 2455 1155 2514 involvit

99 2537 337 2614 repugnantiam.
350 2537 440 2596 Causa
448 2537 536 2612 igitur
549 2537 679 2614 ratioque
692 2539 834 2599 mnndum
848 2539 986 2613 efficiens,
999 2539 1106 2614 aliquid
1116 2539 1153 2600 ab

99 2640 135 2684 eo
151 2623 323 2682 distinctum
335 2623 538 2698 diversumque
552 2640 615 2684 esse
629 2625 763 2700 oportuit.
774 2625 872 2700 ltaque
884 2626 918 2684 de
928 2641 963 2685 aa
977 2625 1151 2700 quaerimus,

98 2709 228 2768 fueritne
242 2723 294 2766 ens
309 2707 424 2782 aliquod
442 2710 637 2768 necessarlum
651 2726 690 2768 au
712 2711 901 2783 contingens?
916 2709 944 2769 Si
964 2710 1034 2769 illud
1053 2725 1153 2770 conoe·

98 2793 191 2866 ditur;
208 2793 270 2854 iam
284 2792 425 2852 habemus
440 2793 515 2868 quod
530 2809 755 2868 propugnamus,
765 2792 899 2850 videlicet
912 2794 1037 2866 primam
1050 2794 1152 2852 mundi

98 2893 221 2938 cansam
236 2877 323 2935 aliam
338 2893 396 2936 non
411 2893 473 2936 esse
488 2876 545 2936 nisi
565 2893 618 2936 ens
637 2877 780 2950 quoddam
797 2877 950 2948 iniectum,
967 2882 1084 2936 exstans
1104 2891 1155 2950 per

99 2978 141 3032 ee,
159 2961 242 3038 quod
255 2959 345 3018 Deum
358 2961 552 3031 nominamus,
566 2966 595 3018 et
607 2961 690 3018 cuius
704 2960 884 3018 omnimodas
899 2959 1086 3034 perfectiones
1102 2975 1154 3022 suo

98 3049 161 3109 loco
172 3059 278 3106 sumus
288 3043 456 3116 exposituri.
469 3043 519 3100 Sin
529 3043 651 3100 alterum
661 3042 775 3114 dicitur,
787 3057 837 3101 seu
849 3043 875 3102 si
890 3042 1042 3104 collocatur
1052 3045 1154 3104 mundi

97 3148 191 3193 causa
205 3130 240 3189 in
254 3132 319 3188 ente
334 3126 428 3199 aliquo
443 3126 640 3200 contingente,
657 3141 827 3201 responsum
844 3129 1009 3204 quaesuonl
1017 3129 1154 3190 idoneum

97 3231 204 3278 revera
216 3227 277 3272 non
291 3211 384 3270 datur.
400 3211 471 3271 llam
488 3215 521 3271 ut
542 3210 674 3270 omittam
690 3211 767 3285 quod
784 3227 835 3272 ens
857 3214 1034 3288 huiusmodi,
1056 3219 1154 3288 utpote

99 3302 183 3361 linita
200 3303 315 3358 tantum
329 3295 502 3355 instructum
515 3295 669 3370 activitate,
681 3297 718 3354 ad
732 3297 874 3358 mundum
888 3298 1069 3358 educendum
1081 3313 1098 3358 e
1109 3297 1153 3357 ni-

99 3385 159 3445 hilo
173 3381 346 3456 neutiqnam
360 3379 508 3454 valuissem
526 3380 709 3456 perspicuum
724 3397 793 3441 seno
803 3383 930 3458 estquod
945 3384 1038 3458 prima
1051 3383 1153 3442 mundi

101 3485 191 3530 causa
204 3483 270 3529 esse
283 3481 342 3525 non
356 3465 457 3542 potuit.
477 3466 533 3524 Eos
546 3465 625 3525 eninr
644 3481 729 3526 omne
745 3468 926 3542 contingens,
945 3473 977 3526 ut
991 3467 1087 3542 ipsum
1103 3483 1154 3527 no·

101 3569 170 3614 men
183 3553 306 3624 indicat,
322 3550 490 3611 indifferens
505 3557 609 3611 natura
622 3567 676 3611 sua
689 3557 732 3610 est
746 3553 782 3612 ad
801 3551 981 3612 existendum
999 3551 1042 3611 vel
1057 3567 1150 3628 secus,

101 3655 136 3698 ac
152 3640 178 3698 si
193 3643 299 3710 exstat,
315 3637 355 3696 ita
369 3641 472 3710 exstet,
483 3643 516 3695 ut
529 3636 674 3698 aliusnon
688 3643 803 3698 exstare
818 3639 949 3712 potuerit.
962 3637 1053 3706 Quare
1067 3637 1152 3697 ratio·

101 3739 174 3782 nem
188 3711 381 3783 sufficientem
397 3738 450 3782 cur
464 3723 502 3781 sit
513 3723 592 3783 nullo
603 3723 687 3783 modo
702 3724 774 3783 inse
789 3723 883 3796 habet,
900 3729 1075 3800 externoque
1089 3730 1153 3798 eget

101 3808 259 3884 principio,
275 3824 293 3867 a
311 3805 419 3882 quoad
438 3807 618 3868 existendum
636 3809 850 3867 determinetur.
868 3807 896 3867 Si
911 3807 997 3884 igitur
1011 3824 1063 3868 ens
1077 3809 1150 3868 elus·

100 3893 183 3953 modi
199 3893 300 3956 mundi
314 3907 434 3952 causam
448 3907 511 3952 esse
525 3892 713 3966 contenditur,
729 3893 764 3952 de
779 3908 813 3954 eo
825 3893 931 3954 iterum
947 3893 1052 3956 redibit
1066 3907 1151 3968 quae·
1230 3934 1235 3954 .
