2767 4492
507 393 585 438 1urus
603 395 747 439 utrumn
1097 385 1151 444 itit

103 481 293 552 temperatum
309 479 458 550 propterea
471 479 547 550 qnod
563 478 695 553 Episcopi
711 479 740 538 in
765 479 899 538 conciliis
912 493 972 539 uua
986 495 1052 540 cum
1068 481 1159 541 Ponti·

103 563 158 621 sice
172 577 316 620 summam
330 561 554 620 iurisdictionem
569 568 716 635 exercent,
734 568 762 620 et
776 578 841 621 vere
856 565 1000 641 principes
1020 567 1152 639 spiritua·

104 645 147 704 les
161 651 228 704 sunl
243 647 273 704 iu
288 645 402 721 propria
421 646 558 721 peculiari
573 646 716 721 llioecesi3
734 655 864 720 respectu
884 649 967 707 cuius
985 650 1062 724 leges
1084 667 1152 710 cou-

104 730 177 788 duut
191 737 219 789 et
233 731 334 788 ceteris
349 731 523 790 auctoritatis
538 732 708 790 muneribus
723 733 940 805 perfungantur.
956 734 1045 793 lmmo
1059 735 1095 794 de
1105 737 1154 795 de·

104 817 242 880 mocratin
261 815 368 888 aliquid
382 816 468 874 etiam
483 816 654 890 participare
669 817 726 874 dici
743 822 844 891 potest,
864 822 1006 890 quatenns
1021 834 1039 875 a
1053 835 1153 892 geren-

104 901 142 957 da
157 901 349 960 ecclesiastica
359 901 505 976 republica
520 917 605 960 nemo
620 902 800 970 excludatur,
814 903 864 960 sed
874 902 1008 961 omnibus
1025 903 1155 964 indiscri-

104 985 237 1044 minatim
255 986 468 1060 ad'qnemllbet
486 987 685 1058 magistratum
709 987 946 1060 adipiscendum,
966 1002 1004 1046 ne
1025 1003 1158 1062 supremo

13 1066 16 1072 '
105 1070 222 1142 quidem
238 1070 357 1142 imperio
372 1075 501 1144 excepto,
519 1070 609 1129 libera
623 1076 703 1144 patet
716 1071 771 1129 via.

144 1155 185 1212 lll.
203 1155 325 1212 Potestas
340 1154 481 1213 Ecclesiae
496 1170 554 1215 non
568 1155 652 1214 modo
668 1162 750 1214 actas
765 1161 899 1216 externos
916 1156 1034 1231 respicit
1049 1157 1153 1231 (siqui-

107 1240 171 1298 dem
187 1239 297 1311 sidetes,
315 1238 420 1311 quibus
433 1240 570 1314 imperat,
588 1239 718 1298 homines
740 1247 807 1299 sunt
826 1241 875 1315 qui
890 1243 1023 1301 externis
1046 1243 1157 1302 actibus

108 1323 291 1397 operanturl:
308 1324 458 1384 sedetiam
473 1331 501 1384 et
516 1326 667 1399 praecipue
681 1321 798 1399 res'picit
812 1333 894 1384 actus
908 1328 1050 1401 internos;
1068 1328 1157 1401 siqui·

107 1411 173 1466 dem
187 1408 391 1466 conscientiam
406 1425 519 1483 quoqne
534 1410 674 1468 diiudicat
688 1418 717 1468 et
727 1426 762 1469 ea
771 1411 872 1468 delinit
882 1427 957 1484 qnae
972 1412 1007 1469 ad
1023 1412 1157 1483 dogmata

107 1499 135 1552 et
150 1509 244 1552 mores
258 1494 409 1568 pertinent.
427 1495 517 1562 Quare
527 1495 590 1552 eius
605 1496 761 1553 auctoritas
776 1494 933 1569 spiritualis
948 1503 1058 1554 estnon
1072 1498 1157 1556 modo

106 1578 216 1636 ratione
232 1578 310 1652 Enis3
327 1579 377 1636 sed
388 1578 475 1637 etiam
489 1579 599 1638 ratione
614 1578 746 1652 submoti,
758 1579 791 1638 in
806 1580 882 1653 quod
897 1581 1027 1653 proxime
1042 1586 1071 1640 et
1085 1581 1156 1640 dire·

107 1668 152 1722 cte
170 1668 313 1736 operatur.
331 1663 376 1720 Sic
391 1678 491 1722 revera
506 1669 596 1723 totum
611 1663 770 1736 hominem,
788 1670 929 1737 quatenus
939 1665 975 1722 ad
984 1665 1033 1724 Dei
1048 1665 1157 1724 cultum

107 1749 136 1805 et
149 1753 294 1805 aeternam
309 1748 429 1804 salntem
448 1747 614 1820 dirigendus
628 1753 680 1818 est,
698 1749 862 1806 moderatur
875 1753 904 1807 et
918 1748 1068 1821 gubernet.

142 1831 204 1889 ⁶203.
221 1831 263 1889 Ex
279 1832 334 1903 liis,
350 1847 423 1904 qnae
438 1832 474 1889 ad
489 1839 622 1890 naturam
639 1833 781 1890 Ecclesiae
796 1849 854 1891 nou
876 1839 934 1891 tam
953 1833 1157 1906 explicandam

108 1915 197 1990 (qtrnd
214 1915 387 1988 propositum
412 1922 542 1974 nostrum
557 1915 720 1990 egreditur)
736 1915 787 1974 scd
807 1917 907 1975 leviter
931 1916 1160 1975 adumbrandanr

108 2001 302 2074 exposuimus,
320 2004 363 2056 sat
377 1999 470 2057 elucet
485 2000 639 2058 Ecclesiam
653 2016 754 2059 vorum
764 2017 826 2059 esse
842 2001 997 2074 imperium
1009 2001 1158 2074 spirituale

107 2084 182 2142 inter
198 2083 327 2142 nomines
342 2099 359 2139 a
374 2083 431 2140 Deo
446 2083 649 2154 constitutum,
672 2084 819 2142 diversum
840 2085 957 2143 omuino
979 2084 1016 2142 ub
1037 2085 1160 2164 imperio

109 2167 409 2238 civili,eoc1uolonge
427 2164 624 2222 excellentius.
643 2166 746 2224 Omnia
769 2168 847 2225 onim
869 2168 1027 2240 elementa,
1051 2167 1159 2241 quilius

110 2250 298 2320 constituitur,
312 2246 347 2304 ab
363 2247 511 2304 elementis
525 2247 697 2319 discrepant,
715 2264 789 2319 quae
804 2250 918 2306 ciiilem
933 2252 1097 2310 societatem
1117 2251 1157 2308 ei-

108 2329 241 2402 lormnut,
253 2331 350 2403 eisque
365 2330 518 2388 admodum
529 2329 711 2387 antecellunt.
729 2331 854 2389 llembra
868 2334 946 2390 enim
961 2335 1055 2392 civilis
1070 2335 1159 2393 socie·

110 2417 175 2474 tatis
190 2422 257 2473 suut
272 2414 400 2473 lromines
414 2413 617 2472 determinatae
632 2412 795 2484 regioniset
810 2415 904 2486 qirnad
917 2423 1033 2473 mutuas
1044 2417 1158 2476 relatio-

110 2517 161 2559 nes
184 2499 305 2574 inspecti
320 2499 464 2557 inordina
486 2513 565 2556 mere
583 2497 723 2568 naturali3
744 2498 876 2555 membra
897 2504 993 2555 antem
1016 2499 1157 2558 Ecclesiae

111 2591 178 2644 sunt
193 2585 308 2659 quidem
328 2584 382 2657 ipsi
397 2585 537 2655 homines,
555 2587 583 2641 at
598 2598 656 2640 uon
670 2582 755 2640 modo
769 2597 821 2654 per
836 2585 925 2639 totum
940 2581 1039 2638 orbern
1050 2581 1158 2656 diffusi,

112 2671 262 2728 sedetiam
285 2669 455 2728 considerati
472 2669 502 2726 in
518 2667 616 2726 ordino
632 2666 842 2740 supernaturali
857 2671 886 2737 et
901 2665 995 2739 quoad
1009 2665 1161 2724 relationes

113 2771 180 2828 erga
195 2755 284 2812 lleum
300 2759 445 2825 tamquam
459 2753 625 2812 eorumdem
640 2767 806 2824 supremum
822 2750 972 2809 dominum
983 2755 1011 2808 ct
1025 2750 1161 2808 ultimum

114 2840 210 2897 linem.
226 2836 302 2894 Finis
318 2836 460 2894 societatis
479 2836 570 2894 civilis
586 2840 628 2894 cst
643 2834 764 2892 felicitas
779 2834 965 2907 temporaria,
981 2849 1055 2907 quae
1069 2849 1160 2892 emer-

113 2921 154 2994 git
168 2937 205 2978 ex
222 2920 309 2978 tutela
334 2919 443 2978 ordinis
458 2919 573 2978 moralis
589 2927 617 2978 et
632 2918 786 2976 stabilitate
801 2919 908 2976 iunium
923 2916 998 2976 inter
1013 2918 1160 2991 liomiues3

115 3005 180 3063 sinis
194 3004 335 3062 Ecclesiae
345 3009 387 3062 est
397 3005 518 3062 felicitas
533 3009 648 3062 aeterua
658 3009 685 3061 el
697 3003 923 3076 supernaturalis
933 3001 1073 3074 lidelinm,
1087 3017 1161 3074 quae

115 3088 233 3160 emergit
248 3104 284 3146 ox
299 3088 497 3160 procuratione
512 3087 625 3146 divinae
639 3087 747 3160 gloriae
761 3092 789 3146 et
807 3087 1033 3145 sanctificatione
1052 3085 1162 3144 anima·

116 3188 190 3230 rum.
206 3173 363 3230 ductoritas
377 3172 469 3230 civilis
484 3188 522 3230 ea
536 3172 591 3229 Eoo
606 3171 724 3238 (paridem
740 3171 866 3243 procedit
881 3171 931 3228 sed
947 3171 974 3227 vi
986 3176 1117 3240 naturae,
1133 3173 1162 3226 et

117 3257 230 3315 alantis
245 3256 380 3314 lrumanis
398 3267 427 3314 et
441 3257 590 3315 homiuum
612 3254 741 3314 libertate
758 3254 863 3326 pendet
884 3253 980 3326 quoad
1003 3257 1166 3311 concretam

116 3341 266 3413 regiminis
281 3343 419 3414 lormam3
436 3341 589 3399 auctoritas
604 3338 797 3397 ecclesiastica
813 3353 830 3395 a
844 3338 901 3396 lieo
920 3337 1084 3396 immediate
1103 3349 1168 3408 pro·

118 3425 191 3482 cedit
206 3440 262 3482 uon
277 3425 369 3486 solum
385 3425 415 3484 iu
427 3440 457 3483 se
473 3425 565 3498 quoad
580 3439 642 3482 rem
656 3423 764 3497 ipsam,
782 3421 833 3480 sed
852 3421 938 3479 etiam
953 3421 1047 3494 quoad
1068 3418 1165 3478 subie—
1226 3492 1230 3498 ¹

118 3517 195 3567 ctum
215 3508 348 3582 specifice
368 3510 597 3580 consideratum,
614 3523 719 3580 nempe
742 3506 836 3580 quoad
857 3505 1006 3578 regiminis
1025 3506 1165 3577 formem,

119 3609 190 3668 (pune
201 3610 218 3651 a
229 3593 336 3652 Christo
351 3593 540 3652 determinata
554 3599 606 3660 est,
622 3592 724 3650 noc-ali
734 3589 966 3650 homiuemutnri
977 3603 1105 3663 uuquam
1119 3601 1167 3660 po-

119 3683 180 3737 test.
197 3677 422 3736 Potestescivilis
432 3687 584 3736 externum
600 3682 768 3756 apparatum
783 3675 942 3732 mediorum
957 3673 1051 3731 ordini
1062 3671 1166 3731 morali

119 3763 325 3822 conferentium
334 3762 447 3836 proprie
457 3761 582 3834 respicit,
592 3776 644 3818 uec
655 3761 745 3818 ullum
756 3760 898 3818 inlluxum
909 3758 1015 3816 directe
1026 3756 1056 3814 in
1068 3755 1167 3828 ipsura

118 3847 247 3906 ordinem
261 3847 398 3906 moralem
418 3853 548 3920 exercet;
567 3850 689 3920 potestas
712 3845 854 3904 Ecclesiae
876 3858 934 3901 non
957 3841 1048 3900 solum
1072 3845 1165 3898 exter-

119 3947 188 3992 num
202 3932 252 3994 sed
261 3932 405 3996 internum
420 3930 505 3992 etiam
518 3946 609 4008 perse
623 3930 750 4006 respicit,
761 3946 795 3990 ac
805 3929 912 3996 directe
924 3927 1020 4073 {psum
1035 3923 1167 4018 ordipena

950 4033 958 4074 a
