2767 4492
559 358 764 410 mnuonuono
1147 347 1179 412 tu

79 440 84 449 '
174 443 207 508 it
220 452 318 508 contra
326 445 515 508 rationalium
526 447 786 507 nanscendentates
796 450 962 512 illudetianu
976 445 1089 524 militat,
1101 450 1180 525 quoti

137 536 265 611 ipsorum
279 535 407 596 deliratio
421 549 479 594 non
495 535 578 594 modo
592 534 733 594 rationem
746 535 782 592 ad
797 551 895 595 omnes
904 540 1038 597 veritaoes
1052 538 1184 610 hengen-

138 621 189 680 ‹lus
207 620 359 680 valituram
381 625 489 696 purant,
510 620 560 679 sed
576 633 639 678 enm
655 620 799 693 cumipse
814 622 906 694 primo
926 623 1002 682 iona
1016 623 1183 682 earumdem

139 706 289 766 veritatum
310 705 495 764 contundunt.
522 706 582 764 Non
596 704 674 764 enim
699 702 778 764 iliam
792 711 825 763 ut
842 705 1064 766 instrumentum
1078 713 1107 766 at
1124 722 1185 766 mu·

139 791 218 850 dium
232 791 314 851 nobis
328 791 427 850 datum
445 792 481 849 od
494 805 590 850 rerum
605 794 738 848 naturam
753 795 781 848 st
794 790 924 849 ordinem
938 791 1182 865 cognoscendum

138 877 188 936 sod
207 882 239 938 ut
256 877 428 951 principium
451 875 546 949 ipsum
568 874 743 948 concipiunt,
760 875 836 949 quod
854 890 892 933 es
906 891 937 934 se
956 881 985 934 at
998 891 1037 934 es
1059 875 1182 948 legibus,

138 963 214 1022 unda
236 965 354 1036 constat,
369 959 430 1022 veri
448 960 575 1040 notitiam
593 966 621 1019 ut
637 959 781 1018 obiectum
795 960 913 1019 derivet.
931 960 991 1027 Qua
1009 960 1041 1018 in
1055 960 1132 1018 reiis
1145 961 1187 1019 vi·

138 1047 241 1105 dentur
258 1046 374 1119 slmiles,
387 1045 436 1118 qui
448 1051 589 1103 astrorum
604 1044 819 1118 dispositionum
833 1050 863 1103 ot
876 1059 993 1104 cursum
1003 1059 1041 1103 ex
1055 1044 1131 1102 oculi
1140 1045 1185 1102 in-

139 1133 244 1191 tuentia
257 1132 286 1190 ri
301 1135 350 1189 aut
363 1145 400 1189 ex
415 1129 557 1204 telasoopii
567 1134 711 1188 structura
725 1130 870 1203 explicare
883 1130 981 1189 veiint.
997 1129 1076 1189 iiuns
1087 1129 1187 1187 huma·

138 1231 177 1274 na
191 1216 311 1276 iacultas
325 1219 420 1274 creata
444 1219 496 1290 eut,
519 1229 593 1288 qnae
607 1214 762 1286 obiectum,
778 1229 883 1288 nempe
897 1229 1007 1288 nerum,
1024 1228 1082 1272 non
1098 1219 1186 1286 creat,

139 1300 189 1358 sud
212 1299 325 1372 detsgh
344 1299 383 1358 hd
403 1299 457 1357 hoc
482 1298 537 1356 sihi
552 1299 793 1371 persuadendum,
811 1299 880 1356 satis
895 1303 971 1358 essct
984 1298 1184 1358 consideratio·

138 1397 207 1442 nem
222 1384 345 1442 addooes
360 1383 507 1456 utriusque
523 1389 697 1442 conuertere.
714 1383 785 1442 itam
800 1398 901 1441 verum
910 1387 955 1441 est
968 1389 1126 1455 aeternnm,
1138 1396 1187 1440 ne·

139 1467 304 1542 casuarium,
322 1467 460 1526 limitibus
477 1481 593 1541 oerenu;
613 1481 695 1526 nuens
710 1468 837 1526 humana
851 1472 894 1526 est
914 1472 1106 1540 temporanea,
1123 1480 1203 1524 oon-a

140 1552 272 1626 tingens,
298 1553 387 1611 linita.
416 1551 615 1612 Rationalistae
643 1553 711 1610 inde
733 1552 932 1625 decipiuntur,
958 1553 1033 1626 quuod
1061 1551 1189 1610 satanica

139 1636 251 1710 abrepti
265 1636 398 1710 superbia
419 1643 546 1695 mentem
561 1637 718 1695 humanam
743 1651 810 1695 cunr
825 1636 922 1694 dirim
937 1635 1128 1708 contundunt3
1146 1641 1187 1693 at·
1299 1686 1301 1689 .

139 1735 195 1794 nne
205 1737 243 1780 eur
252 1720 457 1779 absurdissima
473 1721 526 1779 hae
541 1721 690 1795 hypothesi
702 1721 738 1778 ad
750 1720 1009 1794 philosophandum
1018 1719 1185 1793 procedunt.

174 1805 206 1864 ii.
224 1797 344 1864 Omnino
358 1806 516 1864 conharins
531 1805 727 1864 rationaiismo
741 1809 786 1863 est
799 1821 878 1864 error
890 1803 1126 1875 traditionalisnri,
1136 1801 1187 1876 qui

138 1889 169 1948 in
184 1905 217 1949 eo
232 1895 275 1949 est
289 1891 396 1965 positus
412 1891 486 1964 qood
500 1890 641 1964 principia
654 1905 768 1949 morum
780 1890 994 1963 dirigendornm
1008 1887 1087 1946 nulio
1105 1892 1189 1961 pacto

139 1975 277 2034 alumine
291 1975 410 2034 rationis
424 1975 528 2048 detegi,
546 1975 597 2034 sed
614 1979 725 2033 tantum
734 1979 853 2034 externo
863 1974 1027 2048 magisterio
1041 1989 1093 2046 per
1106 1987 1187 2031 rese-

137 2059 272 2118 lstionem
281 2059 372 2136 accipi
387 2074 469 2132 posue
486 2058 623 2118 decernit.
641 2059 696 2130 Sic,
712 2065 776 2132 post
794 2059 909 2132 Bonuld,
925 2059 1062 2131 Bennetty
1083 2057 1189 2131 alhqns

139 2145 305 2202 existimant
326 2143 470 2216 senates,
495 2159 568 2218 qnae
590 2145 748 2219 respiciunt
769 2144 995 2218 spiritualitatem
1017 2143 1115 2216 animi,
1137 2141 1188 2200 Dei

139 2227 330 2294 existentiam,
348 2227 471 2285 hominis
494 2227 581 2285 tinem
596 2237 623 2286 et
648 2227 752 2300 oiticia,
769 2245 894 2288 necnon
918 2229 1031 2303 regulas
1045 2227 1188 2286 societatis

139 2309 230 2369 civilis
245 2315 273 2370 et
287 2309 467 2384 domesticae,
479 2327 625 2385 nunquam
635 2311 720 2372 nohis
730 2314 855 2386 potuisse
864 2315 1052 2386 innotescere,
1064 2311 1119 2371 nisi
1129 2311 1187 2386 pri-

139 2407 219 2453 mum
230 2409 247 2452 a
257 2395 312 2453 lieo
325 2395 522 2454 manifestatae
537 2397 677 2470 gratimim
690 2413 745 2471 ope
761 2399 919 2460 traditionis
934 2399 968 2458 od
980 2413 1033 2457 nou
1042 2398 1187 2471 pervenis·

140 2484 204 2538 sunt
219 2481 244 2538 t.

192 2565 294 2624 verum
320 2565 391 2626 haec
410 2566 568 2641 sententis,
596 2583 651 2644 qua
675 2575 756 2646 parte
775 2569 965 2644 cognitionem
985 2564 1188 2645 speculativam

139 2655 256 2723 spectat,
269 2651 412 2710 coniurata
427 2659 469 2711 est
484 2653 513 2710 in
528 2654 724 2732 metaphysica
734 2671 801 2713 cunr
814 2657 849 2712 de
862 2653 970 2726 origine
980 2651 1110 2709 idearum
1124 2663 1190 2721 ago·

139 2749 244 2793 remus.
262 2734 362 2808 Nequit
376 2747 470 2794 nutem
486 2735 558 2795 ialua
572 2753 634 2795 esse
650 2739 744 2811 quoad
761 2738 951 2811 cognitionem
967 2732 1187 2807 speculativam,

139 2818 208 2890 quin
223 2819 309 2877 utiam
321 2820 357 2877 sit
373 2821 444 2878 ialua
457 2821 550 2893 quoad
565 2822 757 2894 cognitionem
773 2821 937 2894 practicam.
949 2818 1019 2877 Nam
1029 2814 1190 2874 intellectus

140 2899 340 2974 speculativos,
357 2903 510 2973 ntegrcgiu
520 2903 643 2960 ostendit
658 2903 685 2960 S.
702 2903 823 2961 Thomas
840 2905 865 2976 2,
881 2916 939 2959 non
953 2899 1075 2958 ffiherta
1088 2899 1189 2973 practi-

107 3023 110 3028 -
141 2999 174 3042 co
185 2983 240 3040 nisi
250 2983 326 3055 flne3
343 2991 482 3056 qnatenus
497 2985 621 3056 cognitio
636 3001 709 3060 quae
724 2985 755 3043 in
770 3001 852 3044 mera
863 2984 1101 3059 contemplatione
1115 2983 1190 3043 sistit

140 3067 250 3125 dicatur
265 3065 447 3139 speculativa,
464 3077 496 3126 ut
509 3083 556 3126 ex.
573 3083 615 3142 gr.
633 3067 708 3127 Deua
719 3077 759 3128 est
775 3069 882 3142 beroe·
897 3086 971 3145 qnae
982 3085 1048 3130 sero
1058 3070 1093 3128 ad
1103 3071 1190 3128 actio-

139 3167 207 3209 nem
225 3150 361 3225 inclinat,
388 3151 499 3210 dicatur
512 3153 655 3227 practica,
679 3159 712 3212 ut
727 3154 801 3212 Deos
823 3163 864 3214 eet
879 3155 1037 3214 amandus.
1054 3155 1134 3228 Sed,
1158 3159 1190 3212 nt

140 3241 241 3309 patens
259 3243 321 3308 est,
347 3251 404 3294 nna
423 3251 480 3295 non
501 3235 595 3295 ditiert
609 3237 645 3296 ah
661 3237 718 3297 aiio
734 3239 892 3299 substantia
906 3256 972 3314 sna3
995 3238 1191 3298 tantummodo

142 3319 302 3379 ulteriorum
323 3321 466 3394 quendam
486 3327 647 3396 respectum
666 3323 814 3398 includit,
840 3340 944 3398 nempe
968 3329 1130 3398 respectum
1154 3321 1191 3382 ad

141 3404 344 3480 operationem,
361 3421 435 3480 quae
451 3406 486 3464 ah
502 3407 620 3481 obiecto,
638 3410 715 3482 qnod
725 3409 907 3484 contemplati
921 3423 1030 3482 sumus,
1047 3407 1188 3480 exigatur.

143 3490 219 3550 Unde
244 3492 386 3566 sapienter
410 3493 572 3553 Aristoteles
598 3496 719 3554 assernit
749 3495 925 3554 intellectum
954 3493 1189 3566 speculativum,
1215 3526 1219 3532 -

141 3576 306 3636 extensione
322 3576 383 3636 iteri
400 3578 565 3652 practicum.
583 3579 628 3638 Sic
638 3596 676 3638 ex
691 3579 1011 3656 Metaphpsicagradum
1026 3577 1190 3640 iacimusad

185 3767 196 3820 i
216 3769 271 3825 iiis
287 3773 406 3830 Βοιιιτιι
423 3774 525 3832 louein
541 3773 669 3842 emtor.
687 3777 840 3842 ortulano,
855 3782 885 3834 lit
900 3778 975 3850 eris,
992 3777 1036 3835 eol.
1053 3777 1102 3832 vin
1111 3812 1119 3846 ‚
1137 3791 1188 3846 pap

139 3844 194 3914 hit,
211 3853 274 3914 eiquo
291 3851 343 3900 alibi
361 3855 449 3918 passim.

188 3925 203 3974 ²
218 3928 315 3980 sm
332 3931 408 3982 nm·
425 3929 436 3978 4
456 3947 490 3999 Pu,
506 3947 529 4000 q·
545 3925 586 4002 79,
604 3947 624 3988 {a
641 3930 677 3983 xis
