2767 4492
413 343 489 391 nans
503 341 853 392 aarum-rarenouoara
1050 349 1058 362 ·
1104 327 1155 387 105

113 442 201 488 «non
223 427 297 488 redit
319 442 457 503 unquam.
475 428 546 488 ilinc
568 428 695 502 sequitur
714 428 867 487 essentiam
887 426 1014 502 eorporis
1032 425 1156 485 urendo

112 528 200 573 «non
220 513 333 573 fundari
347 513 379 572 in
394 511 454 572 suis
472 513 622 572 elementis
640 512 823 585 inorganicis,
843 510 894 570 sed
913 511 944 570 in
960 511 1085 585 quodam
1099 507 1155 569 alio

111 596 289 672 «principio,
312 595 390 671 quod
403 596 544 656 elementa
564 596 733 670 inorganica
752 595 916 654 eommunia
938 594 1073 653 omnibus
1095 607 1155 654 cor·

112 702 125 733 ι
142 681 257 754 poribus
270 680 432 741 virentibus
453 679 585 755 disponat
599 681 636 739 ad
654 676 866 754 cooperandum
887 678 1067 752 productioni
1088 678 1156 738 elle·

113 769 199 824 «ctus
212 765 365 840 peculiaris
379 773 408 824 et
417 764 599 825 determinati
614 763 664 839 qui
676 778 729 838 pro
738 761 840 837 quavis
855 762 949 835 specie
964 762 1085 822 differat.
1097 763 1156 822 lioc

113 871 125 900 ι
141 849 322 924 principium,
338 850 415 924 quod
427 865 480 909 nos
495 849 698 923 distinguimus
712 847 830 906 nomine
843 846 889 904 oia
902 845 1004 905 utalia
1022 852 1072 906 aut
1084 847 1157 906 arsi

113 932 312 1006 «milatrier's,
330 947 388 992 non
406 938 449 992 ost
472 933 624 993 inhaerens
643 932 792 992 elementis
814 930 996 1004 inargentata,
1017 946 1071 990 neo
1091 945 1157 990 con-

113 1039 124 1068 «
143 1017 235 1075 stituit
248 1016 433 1090 originariam
451 1017 576 1092 aliquam
591 1014 758 1076 eorumdem
771 1016 983 1089 proprietatem,
1000 1014 1101 1089 quales
1115 1027 1158 1073 os

112 1123 125 1152 ι
143 1103 207 1159 sent
224 1101 358 1174 maias,
374 1101 636 1175 impenetrabiliter,
659 1099 795 1174 polaritas
809 1099 941 1158 electrina
954 1104 1025 1171 etc.;
1042 1098 1093 1158 sed
1105 1113 1158 1156 nos

113 1207 126 1238 ι
141 1199 311 1259 cognoscere
326 1185 477 1260 nequimus
486 1185 555 1259 qnid
568 1183 640 1243 illud
650 1185 697 1256 sit,
708 1183 848 1257 quomodo
862 1189 1006 1256 nascatur,
1017 1182 1158 1257 quomodo

113 1292 126 1321 «
143 1275 249 1342 pereat.
265 1270 319 1330 Noa
334 1270 432 1345 itaque
446 1270 587 1328 conlisere
600 1282 752 1341 possumus
767 1267 842 1340 quod
861 1266 1039 1326 danatus
1057 1265 1159 1340 globos

114 1375 126 1404 a
145 1357 271 1414 exstaret
284 1367 351 1412 eum
362 1354 422 1412 suis
431 1353 579 1422 elementis
593 1351 768 1425 inorganicis
781 1352 845 1410 sine
858 1355 961 1410 natura
974 1351 1096 1422 urente,
1108 1351 1159 1410 sed

114 1459 126 1488 a
144 1436 311 1509 ceteroquin
331 1436 362 1495 in
381 1435 483 1494 iisdem
507 1435 742 1508 circumstantiis3
758 1435 784 1494 is
801 1435 924 1493 existere
943 1438 1076 1507 pergeret
1095 1434 1158 1492 sine

114 1544 126 1572 a
144 1519 259 1580 entibus
274 1519 424 1594 organicis.
442 1520 489 1579 Vis
499 1521 639 1594 quaedam
653 1518 948 1593 incomprehensibilis
962 1523 1099 1577 exbanea
1112 1531 1162 1576 na·

114 1628 126 1658 a
144 1609 225 1663 turae
241 1609 369 1663 mortuns
383 1604 558 1678 principium
572 1604 643 1663 illud
657 1603 817 1662 introduxit
830 1602 861 1661 in
875 1616 1000 1660 massam
1015 1601 1160 1674 inorgani·

113 1712 125 1739 «
144 1703 223 1760 cam;
237 1691 321 1761 atque
333 1687 385 1746 boc
399 1687 502 1748 accidit
515 1703 574 1747 non
587 1693 735 1761 tamquam
744 1687 861 1746 effeetus
875 1686 1017 1757 fortuitus,
1029 1685 1079 1744 sed
1093 1699 1160 1743 cnm

113 1796 125 1824 a
142 1773 278 1832 varietate
292 1771 428 1840 mirabili,
445 1785 512 1830 curn
526 1772 666 1847 sapientia
681 1772 829 1844 altissima,
842 1775 927 1844 atque
942 1785 976 1829 eo
990 1771 1094 1829 tinent
1111 1770 1159 1829 de·

113 1881 124 1908 ι
142 1857 287 1918 terminati
301 1857 488 1931 gignerentur
500 1857 628 1929 effecms,
641 1862 669 1916 et
678 1872 738 1916 non
751 1857 910 1930 interrupta
928 1855 1070 1934 successio
1085 1855 1158 1914 indi·

113 1967 124 1995 a
142 1942 293 2002 viduorum
306 1941 497 2016 periturorum
512 1947 688 2015 exsurgeret,
704 1956 777 2014 quae
788 1940 893 1998 aliaeu
908 1939 972 1998 aliis
986 1944 1158 1999 enascantur

114 2048 126 2078 a
142 2027 253 2085 etinter
267 2041 341 2100 quae
355 2026 509 2086 destructio
522 2025 679 2100 organismi
688 2025 717 2083 iu
735 2023 880 2098 aliquibus
894 2023 1035 2083 deserviat
1044 2039 1158 2084 conser-

114 2133 126 2162 «
143 2109 252 2169 rationi
267 2109 388 2169 aliorum
404 2111 428 2167 l.
449 2131 460 2160 a

158 2279 169 2323 l
191 2297 200 2320 ι
214 2281 232 2324 Α
246 2279 268 2325 la
280 2279 349 2326 virili
362 2279 395 2325 les
409 2277 504 2326 alemans
519 2279 546 2326 da
560 2281 582 2326 la
596 2285 673 2327 nature
688 2281 807 2344 orpaniqne
820 2286 871 2328 sont
890 2281 950 2330 aussi
968 2281 1158 2343 iadeabaelibias3

112 2373 122 2396 a
140 2353 196 2398 mais
209 2351 334 2399 l’bristoneo
348 2357 489 2415 proprement
503 2353 547 2399 dito
563 2353 601 2400 das
615 2370 678 2418 corps
700 2357 829 2418 organiqass
848 2361 882 2403 ast
900 2357 994 2403 ddtrnils
1008 2371 1060 2403 sans
1073 2361 1156 2404 ratam.

112 2447 123 2469 a
140 2426 266 2474 L'indiridu
286 2429 323 2489 qui
344 2432 433 2492 mouri,
449 2432 471 2475 ai
491 2430 528 2491 qui
548 2429 617 2476 rende
636 2447 670 2478 aas
690 2431 785 2479 didmsna
799 2437 812 2479 b
828 2433 850 2478 la
871 2437 948 2479 natare
962 2432 1115 2492 inorpaniqns,
1131 2445 1160 2475 ns

112 2522 122 2542 u
141 2502 226 2548 rosioni
238 2503 325 2564 jamais
344 2503 364 2549 Il
383 2503 401 2549 s’
412 2505 486 2550 enauit
501 2505 528 2552 de
540 2505 563 2551 lt
578 2521 621 2568 qua
635 2504 744 2554 l'asasnea
763 2507 797 2562 du,
808 2523 871 2570 corps
885 2507 961 2553 vivant
977 2505 1000 2550 n'
1011 2510 1044 2550 ast
1058 2520 1098 2566 pas
1111 2503 1160 2549 fon·

112 2597 122 2620 ι
141 2576 180 2623 dds
190 2577 245 2623 dans
255 2593 289 2624 ses
300 2578 405 2626 didments
415 2581 579 2644 innrpaniquss,
590 2581 645 2627 maia
655 2582 711 2629 dans
721 2583 815 2646 quelque
824 2587 886 2629 autre
896 2581 1012 2643 principa,
1024 2579 1062 2642 qui
1072 2579 1160 2642 disposo

112 2671 122 2693 ι
140 2650 171 2698 ios
186 2651 281 2699 olamans
294 2654 448 2718 inorqaniqusa
461 2673 574 2704 ecmannus
589 2660 602 2704 l
616 2663 665 2704 tous
678 2659 710 2706 lea
725 2674 789 2722 eorpa
803 2659 898 2720 visana,
910 2659 923 2704 l
933 2660 1035 2719 cooporar
1049 2660 1061 2703 b
1075 2655 1096 2701 ia
1110 2669 1160 2718 pro·

113 2745 122 2768 a
139 2726 228 2774 duetion
243 2727 295 2775 d'un
311 2731 402 2777 multat
414 2733 540 2795 particulisr
555 2733 675 2780 delorminai
689 2738 712 2780 al
725 2733 830 2779 dilidrsnt
843 2749 899 2794 pour
913 2733 995 2794 chaque
1008 2735 1094 2793 espace.

159 2823 168 2844 a
185 2801 214 2849 Ca
226 2804 327 2868 principa
340 2823 383 2868 qno
397 2823 452 2854 noua
466 2809 584 2870 ddaipnons
598 2822 638 2870 par
652 2808 674 2853 ie
690 2823 741 2853 nom
756 2806 784 2852 dc
800 2809 863 2865 [creo
877 2808 950 2852 strato
964 2822 993 2851 on
1006 2807 1158 2852 matallasc-

113 2897 122 2919 ·
139 2891 172 2933 co,
187 2877 210 2924 a'
220 2884 253 2924 ast
267 2895 306 2941 paa
315 2880 418 2940 laborant
432 2897 473 2928 aur
487 2883 583 2930 clemens
598 2881 753 2941 inorganiqnaa
767 2882 790 2924 el
804 2893 833 2924 na
842 2880 951 2924 constitus
960 2891 999 2939 paa
1009 2893 1053 2924 uno
1064 2877 1160 2924 doleara

111 2972 122 2994 a
137 2953 259 3015 propriores
273 2955 410 3016 originairea,
422 2957 484 3002 telles
498 2972 540 3016 quo
550 2956 571 3000 la
581 2956 707 3015 plantant,
717 2950 927 3016 l'imptnttrabiiitd,
939 2951 961 2998 ia
974 2951 1066 3013 poiaritd
1075 2951 1160 2998 alectri-

111 3047 122 3070 a
139 3043 182 3090 que
197 3033 238 3073 eta.
252 3043 259 3088 3
275 3027 330 3073 mais
345 3042 400 3074 nour
410 3043 438 3074 no
448 3042 546 3090 poarona
557 3026 672 3072 eoneaaoir
686 3041 714 3072 en
729 3025 780 3087 quoi
795 3026 812 3070 il
826 3026 930 3090 consiste,
942 3030 1052 3074 comment
1061 3025 1079 3073 il
1088 3028 1159 3090 prend

110 3123 121 3145 a
140 3103 264 3156 naiasancs,
278 3106 387 3150 comment
401 3101 418 3146 il
431 3101 489 3148 finit.
508 3102 567 3146 Noua
581 3113 679 3162 marona
691 3100 748 3146 donc
757 3101 843 3162 prdvoir
858 3117 900 3164 quc
914 3103 933 3148 si
947 3103 969 3150 la
982 3103 1045 3164 giobo
1060 3107 1161 3149 taram

111 3198 121 3219 ι
140 3176 228 3222 exialait
240 3190 291 3222 arao
306 3189 340 3222 ses
351 3175 446 3222 alcmena
455 3175 624 3238 lnerqanlquea,
636 3190 687 3222 sans
697 3175 719 3222 la
729 3180 808 3222 natura
817 3177 921 3241 vivente,
932 3179 988 3224 maia
998 3178 1028 3224 du
1038 3182 1096 3224 reate
1106 3177 1161 3222 dans

112 3271 122 3294 a
139 3251 173 3298 ias
186 3257 268 3297 mames
282 3252 455 3317 circonstancsa,
467 3252 484 3298 ii
498 3251 645 3299 oontinuorait
659 3253 671 3298 l
686 3256 755 3299 roslar
768 3267 819 3299 sans
834 3259 890 3300 atras
904 3255 1024 3316 nrpaniso's.
1041 3254 1088 3300 Uno
1102 3252 1161 3299 iares

115 3347 124 3370 a
142 3327 373 3391 incomprdlrensibls‚
389 3331 501 3390 ttranpdra
516 3331 528 3374 b
541 3328 563 3374 ia
578 3331 655 3373 nabars
673 3333 743 3374 morte
757 3342 769 3373 a
784 3327 891 3374 introdnit
908 3345 933 3375 ea
952 3329 1053 3390 principa
1067 3328 1122 3374 dans
1138 3328 1160 3373 ia

115 3423 125 3445 a
142 3417 213 3450 masse
228 3404 389 3467 inorpaniqua;
407 3409 429 3452 at
444 3404 490 3452 oola
504 3403 522 3451 s'
534 3407 567 3450 eat
581 3403 621 3450 leit
635 3417 680 3450 non
695 3419 779 3451 wmmo
788 3420 819 3450 un
830 3403 882 3451 eliel
896 3404 927 3450 du
940 3403 1029 3466 hasard,
1040 3404 1095 3450 mais
1108 3418 1160 3450 aros

115 3497 124 3520 ι
142 3493 186 3525 ana
199 3480 280 3526 variato
294 3479 486 3544 adminuissea
500 3495 544 3527 una
558 3495 643 3540 rogasse
659 3485 762 3542 extreme,
778 3494 830 3528 aree
843 3479 865 3527 le
878 3479 919 3526 bnt
932 3479 960 3526 ds
973 3478 1064 3540 produir
1078 3479 1116 3525 des
1126 3482 1160 3525 rd-

115 3573 124 3596 ι
141 3553 219 3600 saltata
232 3555 363 3602 determinas
377 3561 399 3602 ot
412 3571 456 3604 ans
470 3557 593 3604 meeasaion
607 3569 651 3602 non
666 3557 815 3618 intarrompare
830 3555 965 3602 d'indiaidns
978 3553 1108 3615 perissablas
1121 3555 1160 3617 qui

115 3648 125 3670 ι
143 3631 241 3677 uaisaent
254 3631 285 3678 los
299 3647 341 3678 uns
357 3630 395 3678 aisa
409 3637 490 3696 anua,
501 3637 524 3678 at
533 3631 603 3694 parmi
618 3630 713 3694 lssqnsis
723 3630 888 3691 l'organiaation
898 3629 992 3675 ditruite
1005 3629 1043 3676 des
1058 3644 1100 3676 nna
1114 3635 1159 3678 sart

118 3730 128 3752 a
145 3707 157 3750 l
171 3705 296 3753 l'entratien
311 3705 349 3754 das
362 3711 443 3754 autres⁸
459 3727 468 3750 ι
486 3708 565 3754 Taciti
580 3707 608 3754 do
622 3707 713 3754 Cbtmie
726 3719 766 3768 par
779 3704 800 3752 l.
815 3704 836 3750 l.
849 3705 984 3767 Bmaurus,
998 3703 1049 3752 2de.
1065 3706 1137 3754 Partis
1149 3724 1155 3752 ε

113 3785 204 3832 cunta
218 3783 360 3842 Oceanique.
