2767 4492
440 257 879 328 emesenam-mammon
1128 267 1181 327 177

140 367 176 428 ad
191 383 234 441 ea,
247 379 320 441 quae
334 364 530 440 complectitur
540 380 668 439 quaeque
684 365 743 423 suis
757 364 897 424 adiunctis
907 367 936 423 ct
949 363 1024 424 uotis
1033 363 1183 438 adstringit

139 451 327 510 determinare
343 457 446 525 potest,
464 449 586 522 cognitio
606 455 702 507 autem
717 449 915 509 intellectualis
934 463 1102 524 corporeum
1120 463 1180 507 am-

138 533 200 594 bitu
215 533 329 594 omnino
344 539 459 608 superat
474 538 502 591 et
516 549 533 591 a
548 532 691 607 corporeis
706 532 914 590 conditionibus
928 538 971 592 est
980 534 1065 607 plane
1079 547 1178 592 vacua.

139 621 169 679 ln
195 620 321 686 subiecto
339 619 426 692 igitur
444 617 597 677 necessitas
622 616 671 676 illa
685 633 743 675 non
758 616 842 675 inest.
860 617 914 676 Sed
932 632 1025 690 neque
1049 623 1180 691 exparte

140 703 242 762 obiecti
260 703 376 776 eogitari
392 708 491 778 potest.
509 701 624 760 Obiecta
638 701 715 759 enim
738 700 981 773 contemplationis
1000 701 1062 760 eius
1076 701 1131 760 alia
1147 703 1180 760 in

137 787 224 846 rebus
241 803 298 845 non
310 787 452 862 corporeis
471 785 560 860 posita
575 791 651 858 sunt,
662 785 719 843 alia
733 784 764 842 in
779 784 921 857 corporeis
937 784 1062 858 quidem,
1080 791 1109 843 at
1122 801 1180 845 non

139 872 295 930 secundum
309 885 459 944 corporeas
473 870 613 942 imagines
640 868 835 927 consideratis
848 867 889 928 Ex
904 883 961 941 quo
975 869 1072 927 existit
1085 875 1117 928 ut
1130 885 1180 929 ne·

138 969 193 1028 que
207 955 316 1013 ratione
330 954 406 1012 modi
418 968 474 1027 quo
488 953 631 1012 obiectum
641 953 742 1026 attingi
752 951 845 1023 debet,
858 951 1012 1009 necessitas
1028 952 1180 1011 iunctionis

138 1038 213 1096 illius
228 1043 372 1113 appareat.
390 1037 524 1109 Cogitatio
538 1038 615 1096 enim
631 1034 793 1094 huiusmodi
804 1051 859 1093 non
877 1050 1010 1109 corporea
1020 1042 1070 1094 aut
1083 1035 1180 1094 sensili

137 1123 232 1196 aliqua
246 1120 504 1196 repraesentatione
521 1121 674 1193 perficitur,
691 1119 740 1177 sed
756 1119 941 1191 conceptione
951 1123 1061 1178 tantum
1074 1119 1178 1178 mentis
1214 1114 1219 1125 '

137 1213 165 1265 et
177 1207 292 1265 iudicio.
309 1207 399 1264 lmnto
413 1221 481 1263 vero
496 1205 520 1262 si
535 1202 794 1276 repraesentatione
809 1202 894 1260 huius
909 1203 1021 1275 generis
1041 1203 1179 1262 coalesco

136 1294 189 1362 ret,
205 1289 338 1347 mentalis
348 1289 396 1348 illa
407 1287 529 1360 cognitio
539 1287 652 1360 penitus
667 1285 867 1344 destrueretur.
880 1285 961 1344 Nulla
975 1286 1061 1358 igitur
1076 1288 1107 1345 in
1117 1288 1177 1346 ani·

135 1387 183 1430 mo
198 1373 290 1446 quoad
313 1371 496 1444 cogitationes
518 1385 583 1428 suas
603 1368 808 1427 intellectuales
826 1369 1001 1428 exercendas
1023 1370 1178 1428 necessitas

125 1455 291 1515 iunctionis
301 1469 366 1512 cum
380 1469 496 1526 corpore
511 1453 580 1526 fingi
591 1459 704 1526 potest:

173 1541 262 1613 Atque
281 1539 334 1597 hoc
350 1537 531 1612 perspicuum
546 1537 636 1609 magis
651 1537 713 1609 erit,
730 1537 755 1594 si
774 1537 810 1595 de
824 1537 985 1610 cognitione
998 1536 1107 1596 rellexa
1121 1553 1178 1596 ser·

135 1637 183 1682 mo
198 1623 247 1691 sit,
275 1638 331 1695 qua
350 1621 463 1680 animus
483 1620 514 1678 iu
532 1620 658 1694 seipsum
680 1619 830 1693 cogitando
847 1621 1006 1679 revertitur.
1030 1621 1177 1680 Obiectum

137 1708 215 1766 enim
230 1707 265 1764 ad
279 1721 343 1764 eam
357 1704 550 1763 determinans
565 1719 623 1762 non
638 1705 706 1762 loris
718 1704 841 1776 positum
856 1709 908 1772 est,
925 1719 978 1763 nec
998 1706 1176 1763 extrinsecus

134 1791 261 1864 advenit;
278 1791 327 1848 sed
339 1791 417 1848 intus
433 1789 462 1846 in
481 1788 542 1862 ipso
558 1789 654 1846 animo
670 1789 776 1862 existit,
789 1796 818 1847 et
834 1789 1015 1861 cognoscenti
1030 1789 1070 1847 ita
1083 1789 1176 1863 iungi·

136 1881 181 1934 tur
192 1883 225 1934 ut
239 1875 311 1934 nihil
326 1875 362 1934 sit
376 1873 402 1932 ei
416 1873 556 1931 intimius.
571 1873 707 1942 Quocirca
716 1873 796 1931 nulla
811 1873 967 1946 probabilis
981 1874 1053 1932 ratio
1063 1879 1173 1947 estcur,

134 1959 282 2034 absumpto
301 1973 426 2031 corpore,
439 1957 649 2030 praepediatur.

167 2043 245 2101 ldem
258 2043 305 2101 dic
325 2044 360 2101 de
382 2041 461 2114 ideis,
479 2057 550 2114 quas
564 2042 678 2100 animus
696 2042 806 2116 corpori
823 2042 970 2116 copulatus
989 2042 1108 2116 adeptus
1121 2048 1173 2103 est.

132 2127 209 2186 Mens
223 2125 377 2196 enimcum
392 2139 440 2182 eas
455 2125 530 2196 apud
546 2139 576 2182 se
589 2125 720 2197 retineat,
736 2126 886 2184 materiam
901 2126 1026 2199 prolecto
1040 2127 1172 2201 possidet,

132 2223 220 2283 quam
235 2208 347 2266 assidue
367 2206 575 2280 contempletur
588 2215 616 2266 et
637 2223 674 2266 ex
698 2225 755 2282 qua
768 2224 857 2267 noras
872 2211 1055 2284 cogitationes
1069 2209 1172 2269 eliciat.

131 2289 304 2364 Patetigitur
318 2286 447 2349 animum
458 2291 587 2351 innatam
602 2291 743 2366 cogitandi
756 2293 824 2366 um,
841 2307 906 2351 eum
921 2299 1100 2368 separatura
1114 2309 1174 2354 eor·

129 2391 208 2450 pore,
224 2373 322 2448 procul
336 2373 423 2433 dubio
437 2379 613 2434 retenturum
628 2387 700 2449 esse,
710 2392 799 2451 eaque
813 2378 929 2452 spoliari
944 2395 1002 2437 non
1017 2393 1109 2452 posse.
1121 2379 1174 2436 lm·

130 2474 179 2518 mo
193 2457 289 2531 edam,
301 2457 325 2517 si
336 2473 404 2518 vera
417 2457 548 2518 volumus
557 2459 693 2534 iudicare,
710 2476 784 2535 eam,
796 2461 850 2521 hac
859 2462 1033 2521 seiunctione
1047 2467 1171 2535 peracta,

129 2543 214 2616 longe
227 2543 368 2616 potentius
389 2548 417 2602 et
432 2545 591 2618 expeditius
610 2546 764 2604 exercebit.
790 2547 824 2606 Ut
838 2547 916 2606 enim
936 2546 1049 2604 interna
1066 2545 1170 2620 cuique

129 2627 294 2700 expetentia
315 2628 486 2704 manifestat,
504 2629 592 2688 etiam
615 2630 804 2704 inpraesenti
823 2637 898 2688 statu
912 2646 946 2688 eo
967 2630 1128 2689 distinctius
1142 2633 1172 2689 et

129 2710 247 2769 nitidius
271 2711 472 2785 intelligimus,
498 2727 553 2786 quo
575 2714 667 2786 magis
687 2719 814 2771 mentem
836 2728 854 2770 a
872 2728 989 2784 corpore
1009 2728 1170 2771 avocamus.

128 2792 274 2852 Praeclare
287 2794 392 2852 'lrrlllus
406 2793 467 2852 loco
482 2811 574 2870 nuper
588 2796 686 2852 citato:
707 2795 819 2867 «atque
834 2810 868 2852 ea
882 2796 1007 2868 prolecto
1022 2801 1083 2852 tum
1097 2795 1170 2852 mul-

132 2899 143 2928 t
166 2883 193 2934 to
207 2877 323 2949 puriora
336 2883 364 2933 et
379 2877 546 2934 dilucidiora
562 2881 727 2941 cernuntur,
745 2891 820 2944 cum,
832 2893 888 2950 quo
902 2882 1005 2935 natura
1018 2878 1081 2950 lert,
1098 2876 1172 2935 liber

132 2983 144 3012 a
165 2959 278 3016 animus
292 2959 462 3030 pervenerit.
480 2959 549 3018 Nam
564 2973 641 3016 nunc
657 2958 772 3030 quidem
782 2974 955 3033 quamquam
968 2960 1107 3020 foramina
1120 2960 1171 3021 itta

132 3065 143 3092 a
165 3055 237 3114 qnae
252 3045 348 3113 patent
366 3040 403 3097 ad
417 3039 546 3098 animum
562 3055 579 3096 a
593 3053 710 3112 corpore
724 3039 906 3101 callidissimo
930 3043 1049 3102 artificio
1068 3049 1170 3102 natura

132 3149 143 3176 a
165 3121 303 3182 fabricata
320 3127 372 3196 est,
390 3127 487 3180 tamen
509 3123 628 3182 terrenis
643 3123 839 3198 concretisque
859 3127 1023 3200 corporibus
1041 3133 1108 3185 sunt
1126 3126 1170 3185 in-

132 3232 143 3258 «
166 3213 287 3281 tersepta
307 3206 523 3281 quodammodo.
548 3207 616 3265 Cum
633 3213 729 3266 autern
744 3209 815 3266 nihil
836 3210 889 3268 erit
902 3216 1015 3284 praeter
1028 3209 1168 3283 animum,

132 3292 243 3350 «nulla
267 3307 313 3351 res
337 3291 448 3351 obiecta
472 3290 607 3366 impediet
634 3291 789 3366 quominus
814 3293 953 3367 percipiat
976 3293 1059 3367 quale
1086 3291 1169 3365 qnid-

132 3397 143 3428 ·
165 3391 219 3450 que
233 3375 279 3436 sit.
303 3399 314 3428 ν
