2767 4492
231 385 711 582 mararensium
747 446 1058 549 saucians

362 721 366 728 -
472 671 594 742 PARS
616 671 813 742 ALTERA

415 995 866 1086 PSYCHOLOGIA

555 1235 719 1285 ··.······

478 1565 612 1638 cirur
635 1569 795 1638 PRIMUM

332 1775 372 1823 DE
386 1775 503 1825 ΑΝΙΜᾸΕ
519 1775 666 1826 EUMAME
685 1774 926 1828 rncntrartnus.
965 1799 977 1822 ο

146 1938 275 2013 Naturae,
287 1956 361 2015 quae
373 1943 538 2004 immediate
547 1959 605 2004 non
615 1948 722 2019 patent,
735 1957 794 2004 non
808 1943 891 2004 aliter
904 1943 1082 2004 innotescere
1092 1957 1155 2020 pos·

111 2027 193 2094 sirnt,
211 2023 267 2084 nisi
281 2039 319 2082 cx
340 2025 488 2086 effectibus
502 2031 531 2085 et
548 2028 778 2102 proprietatibus.
795 2028 865 2085 Cum
882 2027 969 2100 igitur
982 2028 1017 2087 de
1031 2029 1156 2089 essentia

110 2105 224 2162 animae
237 2107 380 2166 humanae
395 2109 557 2168 intuitivam
575 2111 707 2170 notitiam
719 2126 777 2169 non
791 2110 963 2183 habeamus³
979 2125 1096 2171 necesse
1111 2117 1155 2172 est

107 2193 139 2245 ut
155 2189 326 2260 arguitivam
347 2191 429 2250 nobis
449 2207 664 2266 comparemus,
685 2193 821 2266 indagine
842 2195 1001 2269 actionum,
1018 2195 1154 2270 quasilla

107 2269 196 2344 elicit,
214 2278 298 2344 atque
314 2273 376 2332 ideo
391 2275 559 2336 facultatum
573 2277 677 2350 quihus
690 2277 850 2338 instruitur.

144 2355 204 2413 lam
219 2371 271 2429 age
290 2357 457 2418 facultatum
471 2359 611 2420 eiusmodi
624 2362 774 2436 multiplex
793 2367 835 2421 est
850 2378 951 2437 genus.
971 2363 1060 2422 Homo
1075 2363 1154 2421 enim
1261 2395 1267 2404 ·

106 2453 274 2512 supremum
288 2441 364 2502 inter
380 2447 525 2504 terrestres
539 2445 713 2506 substantiae
723 2447 818 2505 locum
832 2463 985 2520 occupans,
997 2462 1056 2504 non
1069 2445 1154 2503 modo

105 2523 289 2583 existentiam
304 2540 371 2585 cum
384 2528 471 2588 rebus
485 2530 633 2606 omnihus,
650 2547 751 2591 verum
766 2533 853 2590 etiam
871 2530 969 2589 vivere
983 2543 1051 2586 cum
1069 2527 1154 2586 arbu-

105 2607 166 2678 stis
179 2609 282 2669 sentus
293 2625 359 2670 cum
375 2614 579 2684 animantibus,
591 2615 752 2690 intelligere
762 2631 829 2674 cum
839 2613 986 2687 spiritibus
1001 2627 1153 2673 commuue

104 2690 199 2750 habet.
216 2692 255 2752 De
273 2693 319 2754 hle
338 2694 426 2770 igitur
447 2698 612 2772 singillatim
635 2699 766 2769 viribus,
787 2698 926 2770 separatis
947 2696 1076 2756 articulis
1098 2694 1152 2754 elo·

101 2789 230 2846 qircmur.

477 2950 645 3004 inmenens
663 2945 776 3002 Parnes

517 3111 555 3172 Dc
573 3111 731 3172 vitalitate.

138 3283 183 3345 51.
199 3285 413 3344 animaruum
431 3281 615 3358 distinguitur
629 3297 647 3342 a
665 3281 767 3342 ceteris
786 3282 913 3357 entibus,
930 3281 1006 3356 moi
1020 3281 1059 3342 sit
1071 3280 1149 3356 prin·

102 3369 210 3443 cipinm
224 3369 309 3442 vitae,
321 3383 355 3428 ac
369 3368 539 3442 subiectum,
552 3367 628 3442 quod
636 3367 782 3442 informat,
792 3368 869 3427 inter
878 3363 1004 3428 virentia
1016 3371 1146 3441 reponat.

102 3453 230 3518 ViventIa
244 3458 340 3513 autem
353 3452 511 3528 generatim
520 3467 555 3510 ea
569 3451 712 3526 dicuntur,
724 3467 798 3526 quae
812 3457 923 3511 metum
933 3455 1069 3510 exercent
1084 3465 1147 3510 sua-

101 3543 147 3611 pte
162 3539 204 3612 vi,
220 3553 279 3596 non
293 3537 420 3612 impulsu
434 3537 542 3612 alieno,
560 3551 612 3596 seu
625 3553 699 3612 quae
713 3536 745 3596 in
760 3537 860 3611 seipsis
875 3541 1030 3610 operantur
1042 3534 1147 3595 virtute

102 3621 226 3694 propria.
243 3621 312 3680 Cum
326 3622 405 3682 enim
419 3622 525 3696 duplex
535 3621 608 3680 actio
622 3621 797 3681 considerari
811 3621 914 3696 possit:
926 3620 1015 3678 attera
1029 3619 1146 3695 quaein

103 3705 229 3765 subiecto
247 3705 363 3779 quidem
377 3705 528 3780 recipitur,
545 3711 574 3764 at
588 3721 645 3766 non
660 3705 697 3764 ab
715 3705 778 3780 ipso
797 3704 926 3780 procedit
939 3704 990 3762 sed
1010 3703 1046 3762 ab
1066 3709 1145 3763 exte

101 3788 175 3847 riore
189 3803 284 3862 causa,
299 3794 331 3848 nt
345 3789 435 3848 iactus
449 3789 551 3864 lapidis
566 3795 615 3849 aut
630 3805 721 3864 aquae
735 3789 896 3861 calefacti03
911 3787 999 3847 altera
1014 3803 1088 3861 quae
1102 3786 1145 3846 sic

101 3873 261 3934 subiectum
275 3873 364 3932 allicit
377 3877 408 3932 ut
425 3873 597 3933 intrinsecus
612 3887 629 3932 a
642 3873 784 3947 principio
797 3873 830 3945 in
847 3888 881 3932 eo
900 3873 1041 3942 mittente
1059 3869 1144 3946 prou-
