2767 4492
372 293 378 304 ’
417 310 493 354 runs
506 309 820 354 rurus-cosnonoors
1102 297 1135 354 17
1214 303 1218 310 ·

96 397 191 471 pdone
204 392 446 454 modificatioumn
459 392 690 472 subiectivarum,
703 391 734 451 id
742 391 774 451 in
782 390 966 464 Pspcoologia
980 391 1137 450 videndum

95 479 157 538 erit.

131 563 203 624 θιιιι.
218 564 262 624 ιιι.
279 563 424 638 suspicari
437 577 589 637 posmmus
603 561 639 620 de
651 560 779 634 maligno
793 560 887 634 aliquo
902 560 1003 634 genio,
1020 560 1071 634 qm
1084 574 1136 619 nos

93 646 129 705 de
142 645 535 721 mdustrramoognosceudo
549 644 681 719 decipiat
876 665 879 672 ¹

127 730 209 804 liesp.
224 730 302 806 Nego
324 737 523 805 meuutptwn.
538 728 881 789 Temiculameutumhoc
894 729 1002 802 puerile
1016 735 1068 789 est.
1087 730 1137 789 Fa·

92 813 229 874 cultatum
236 830 317 874 emm
330 813 519 911 cognoscendi
533 813 687 885 veracitas,
704 813 765 872 sive
779 812 814 871 ds
829 815 947 873 Auctore
959 819 1072 874 nostrae
1085 830 1135 876 na·

92 902 170 958 turrae
184 900 343 974 cogitemus
356 900 416 958 sive
430 914 498 973 nou,
514 904 577 962 rata
591 902 620 958 et
634 897 755 957 indubia
768 897 893 971 profecto
908 900 1096 958 manentiam
1111 900 1137 960 si

90 981 125 1041 de
137 983 188 1044 illo
202 983 370 1058 cogitamus,
382 981 490 1057 ambigi
505 980 606 1056 nequit
619 981 718 1056 quina
731 980 872 1056 principio
887 997 998 1040 summe
1013 981 1088 1041 bono
1102 997 1135 1040 ao

89 1067 273 1128 veracissimo
288 1073 382 1127 ortum
395 1069 543 1141 ducamus,
556 1083 574 1125 a
588 1082 644 1141 quo
653 1082 707 1125 nec
717 1066 748 1125 in
762 1080 888 1124 errorem
902 1066 1008 1140 induci,
1022 1081 1075 1125 nec
1090 1067 1137 1125 de

89 1150 221 1232 cipientis
240 1152 388 1211 cuiusdam
407 1151 484 1226 genii
500 1151 626 1210 ludibrio
644 1150 772 1224 permitti
791 1165 951 1224 possumus.
975 1151 1025 1209 Sin
1043 1151 1080 1210 ab
1103 1167 1135 1211 eo

88 1241 223 1295 avocetur
232 1237 372 1310 cogitatio,
384 1237 439 1295 hoc
448 1243 544 1296 tamen
554 1240 668 1294 maneat
677 1249 795 1294 necesse
805 1239 856 1307 est,
869 1234 1137 1296 facultatesuostras

88 1323 189 1392 suapte
201 1320 233 1378 ιι
246 1321 277 1378 iu
291 1319 488 1393 cognoscendo
501 1316 559 1377 non
574 1318 681 1392 decipi,
698 1317 758 1375 nisi
772 1317 939 1376 rationalem
953 1323 1094 1393 neutram,
1106 1325 1138 1378 ut

88 1417 176 1476 supra
188 1403 260 1475 dixi,
275 1404 427 1476 repudiare
440 1402 562 1461 velimus
577 1407 661 1474 etque
676 1401 709 1459 in
723 1401 881 1460 amentium
894 1400 996 1460 haberi
1006 1417 1134 1461 numero.
1225 1411 1230 1422 ·

87 1485 179 1558 lique
194 1486 225 1544 id
239 1486 345 1559 optime
360 1485 436 1544 cavit
448 1489 566 1558 natura,
584 1500 658 1560 quae
674 1485 716 1544 sic
732 1485 861 1544 animum
875 1489 1006 1544 nostrum
1025 1500 1137 1558 compa-

87 1569 178 1642 ravit,
194 1575 240 1642 ut,
256 1569 371 1628 etiamsi
383 1583 533 1642 conemur,
550 1574 664 1642 umen,
681 1569 719 1627 ad
734 1569 842 1627 factunm
858 1569 934 1642 quod
947 1567 1086 1642 pertinet,
1102 1569 1138 1628 de

86 1653 259 1712 certitudine
282 1655 458 1720 obiectorum
480 1653 655 1713 evidentium
678 1668 779 1712 revera
801 1657 929 1712 metuere
950 1666 1136 1725 nequeamus.

88 1736 168 1804 Quod
178 1738 220 1798 ita
229 1737 346 1797 insitum
356 1739 460 1811 cuique
470 1742 525 1810 est,
536 1743 570 1796 ut
579 1738 634 1812 ipsi
648 1738 807 1811 idealistae,
819 1737 893 1811 licet,
906 1735 976 1797 dum
985 1753 1052 1796 suos
1061 1737 1140 1796 libel·

83 1818 128 1879 los
143 1820 197 1881 soli
211 1823 372 1895 lucubraut,
385 1822 454 1880 talia
464 1827 653 1895 exaggerent;
670 1826 777 1893 tamen,
790 1821 1043 1880 cumascribendo
1053 1836 1083 1880 se
1093 1836 1137 1880 re·
1239 1879 1244 1889 ,

87 1910 223 1979 movent,
239 1906 275 1964 ad
291 1921 474 1965 communem
490 1911 650 1966 ceterorum
663 1906 814 1965 hominum
825 1906 997 1966 sententiam
1007 1905 1135 1964 redeant.

85 1987 176 2062 Adeo,
192 2005 263 2064 prae
280 1990 340 2049 suis
355 1991 573 2065 systematihus,
590 1997 710 2049 naturae
732 1990 860 2049 bonitate
875 1989 1039 2049 vincuntur.
1058 1989 1137 2057 Quod

86 2069 111 2128 si
125 2087 162 2130 ex
177 2073 280 2133 timore
294 2074 415 2148 maligni
430 2074 551 2133 alicuius
565 2074 642 2148 genii
656 2074 782 2147 prudens
797 2073 923 2132 incidere
946 2078 1041 2146 posset
1053 2072 1136 2133 dubi·

86 2155 162 2229 tatio,
173 2157 206 2216 id
216 2172 302 2216 omne
316 2163 415 2216 contra
429 2158 525 2231 ipsum
538 2157 781 2224 italehranchium
795 2158 902 2216 valeret
912 2157 1013 2231 etiam,
1030 2157 1136 2232 quippe

85 2252 151 2297 cum
164 2256 219 2316 pro
233 2256 286 2299 sua
300 2256 413 2314 quoque
426 2242 598 2300 revelatione
613 2240 691 2300 illius
705 2241 821 2300 fraudes
837 2242 930 2300 timeri
943 2245 1068 2317 possent.
1087 2241 1136 2298 Sin

84 2336 152 2382 vero
166 2326 206 2383 ad
220 2325 297 2383 hunc
312 2323 476 2399 pellendum
490 2325 622 2384 timorem
636 2325 778 2399 principia
791 2326 909 2384 rationis
923 2325 1065 2384 evidentia
1080 2323 1137 2381 sibi

82 2417 239 2482 suppetere
247 2408 473 2468 italebraucluus
482 2409 615 2483 aiiirmat
627 2424 712 2470 eccur
721 2411 868 2470 nosetiam
876 2410 1002 2484 idipsum
1010 2425 1061 2483 pro
1073 2423 1135 2466 sen-

83 2503 169 2549 suum
184 2493 356 2552 certitudine
370 2493 464 2552 dicere
477 2494 681 2568 prohibemur‘.t

119 2575 212 2636 Obiic
228 2576 271 2636 ιι.
289 2577 319 2646 Si
331 2576 470 2636 naturalis
484 2579 622 2637 certitudo
637 2579 673 2638 de
687 2580 840 2640 existentia
855 2594 1006 2676 corporum
1015 2579 1135 2639 habere-

84 2662 140 2733 tur,
156 2661 186 2719 id
203 2661 383 2735 potissimum
396 2662 573 2736 contingeret
586 2663 622 2721 de
637 2679 765 2738 corpore,
778 2666 825 2724 cui
835 2665 949 2724 suimus
964 2671 1059 2725 noster
1069 2680 1135 2724 oon-

83 2739 200 2805 iuuctus
215 2751 266 2805 est.
283 2748 317 2804 lt
329 2746 384 2805 hoo
399 2746 503 2804 falsum
523 2747 646 2806 videtur.
662 2749 771 2807 Accidit
785 2749 864 2807 enim
883 2765 1089 2822 saepenumero
1103 2754 1135 2808 ut
1203 2782 1210 2792 =

84 2825 131 2885 cui
143 2827 298 2889 brachium
312 2830 358 2889 vel
371 2829 427 2888 alia
438 2845 504 2903 pars
514 2832 639 2904 corporis
654 2837 800 2904 amputata
813 2836 865 2904 est,
878 2833 903 2890 is
913 2833 1039 2890 dolorem
1049 2849 1080 2890 se
1094 2833 1136 2890 ibi

83 2914 290 2982 persentiscere
298 2914 441 2987 opinetur.
452 2915 542 2973 immo
552 2915 639 2972 etiam
648 2915 779 2978 nonnulli
789 2919 865 2985 sunt,
878 2915 928 2986 qui
937 2929 988 2986 per
998 2914 1133 2973 delirium

84 2996 206 3056 credunt
219 3011 250 3056 se
265 3001 384 3054 cornuto
398 2997 490 3068 capite
504 2996 610 3067 ornari,
627 3000 676 3053 ant
690 2995 757 3068 gelli
771 2995 937 3069 gallinacei,
946 2996 993 3058 vel
1006 2997 1076 3072 lupi,
1090 2996 1135 3057 vol

83 3075 164 3136 bovis
178 3079 288 3137 habere
301 3079 434 3152 figuram.

118 3162 206 3237 Resp.
224 3161 308 3220 Gooc.
324 3161 492 3236 amtorem
505 3177 578 3237 nepo
591 3163 748 3238 minorato,
763 3165 863 3224 etvini
877 3167 996 3226 rationis
1010 3166 1132 3225 additae.

83 3242 137 3304 Nos
151 3247 187 3308 de
203 3245 356 3307 existentia
370 3245 506 3320 corporis,
524 3245 641 3322 qruoum
656 3247 769 3308 animus
783 3253 880 3308 noster
893 3251 1053 3324 copulatur,
1074 3265 1134 3308 cer-

85 3327 188 3393 tissimi
202 3347 303 3392 sumus
317 3347 354 3391 ex
368 3331 505 3391 relatione
520 3347 622 3393 sensus
636 3333 753 3394 interni
774 3334 864 3394 liuius
879 3337 956 3395 enim
980 3351 1033 3409 ope
1048 3349 1134 3408 expe·

85 3410 175 3475 rimur
189 3421 343 3477 extensum
351 3415 518 3514 quoddam,
534 3417 665 3492 partibvs
679 3423 779 3478 mutuo
794 3418 936 3478 distinctis
950 3419 1131 3492 coalescens,

86 3495 166 3559 nobis
179 3502 281 3560 mume
295 3501 445 3576 coniungi,
462 3502 582 3576 eiusque
601 3502 775 3563 adminiculo
789 3519 842 3562 nos
856 3504 1052 3578 perceptiones
1070 3517 1134 3561 sen-

85 3577 152 3640 tiles
164 3600 309 3645 exercere
329 3585 472 3646 Habemus
486 3587 575 3660 igitur
592 3587 669 3646 unde
688 3587 888 3648 certitudinem
902 3587 992 3647 nostri
1008 3586 1132 3662 corporis

88 3673 279 3740 assequentem.
296 3670 386 3738 Quam
401 3666 519 3744 quidem
532 3671 633 3730 deliria
646 3673 713 3746 illa,
736 3688 809 3747 quae
822 3673 1049 3732 Malebranclrins
1062 3671 1133 3731 obii-

88 3742 148 3819 cit,
174 3766 212 3811 ne
232 3752 326 3812 hilum
348 3753 466 3828 quidem
489 3755 648 3814 infirmant.
673 3755 713 3814 ιιι
736 3756 815 3816 enim
833 3757 915 3815 iniis
938 3756 1129 3830 contingunt,

88 3826 137 3894 (lui
161 3838 241 3895 extra
268 3840 373 3897 statum
397 3837 434 3897 ad
457 3837 512 3897 rite
540 3839 768 3912 cognoscendum
793 3838 928 3898 idoneum
955 3845 1131 3912 versantiu3
