2767 4492
505 279 580 326 usas
596 279 718 325 ansam
1085 267 1135 326 105

103 389 113 416 ι
131 366 214 426 fldem
230 364 393 426 habendam
408 363 549 436 sensibus,
560 363 727 437 memoriae,
738 363 852 438 rationi,
865 361 996 424 similiter
1010 363 1089 437 cogi;
1105 377 1138 422 ac

102 473 113 499 ι
130 450 194 508 dum
207 455 300 510 certus
313 454 388 508 esset
406 464 436 507 se
455 447 620 508 ratiocinari
633 453 663 506 et
676 447 827 521 dubitare,
844 461 903 506 non
925 445 1014 506 fuisse
1032 447 1139 521 pariter

107 555 118 582 ·
134 539 236 594 ceruum
250 534 307 592 duo
321 532 417 592 addita
431 531 523 590 tribus
533 531 658 592 conflare
668 529 852 604 quamtum,
870 531 1138 591 autsomaumavi·

103 640 112 663 ·
127 617 191 689 gitia
204 633 268 678 esse
282 617 464 676 distinctum.
481 615 568 689 lingis
580 629 650 672 veru
663 613 751 673 etiam
765 615 928 674 mirandam
942 621 994 690 est,
1010 615 1137 675 dialecti-

100 723 110 750 ·
125 715 188 759 curn
202 702 273 760 adeo
286 700 462 778 profundum
475 713 534 758 non
548 697 747 773 perspexisse,
764 703 854 758 toturn
869 699 1062 773 ratiocinium,
1081 716 1137 774 quo

99 799 189 844 «suas
202 785 349 844 facultates
368 798 451 857 possa
469 798 532 842 esse
551 780 667 842 fallaces
686 781 826 857 ostendit,
843 798 902 842 non
916 783 972 842 nisi
986 783 1137 858 putissimo

97 869 296 942 «sophismate
309 867 461 927 contineri.
476 867 589 926 Etenim
604 866 629 924 si
645 866 701 923 bae
716 865 866 925 facultates
879 873 995 942 possent
1010 883 1071 926 esse
1086 867 1138 926 ial-

97 975 106 1001 ·
122 951 207 1026 laces,
220 969 279 1012 nae
291 953 372 1026 ipsae
385 958 501 1026 possent
514 965 583 1010 eam
597 949 696 1010 fallere
710 949 741 1008 in
762 949 815 1008 bac
830 949 893 1024 ipsa
907 951 1135 1022 ratiocinatione,

98 1059 109 1085 ι
126 1041 155 1092 et
168 1037 198 1094 in
211 1038 336 1096 illatione
350 1037 387 1095 ad
401 1051 488 1110 quam
502 1033 638 1094 devenire
648 1033 759 1105 nititur,
772 1033 909 1094 nimirum
923 1035 998 1110 quod
1012 1049 1071 1094 non
1086 1033 1135 1092 fal·

96 1118 193 1178 «lant.
208 1122 283 1180 llaec
297 1119 387 1178 illatio
405 1135 464 1178 non
482 1125 526 1177 est
545 1117 641 1189 aliud,
657 1131 745 1190 quiam
764 1118 929 1176 eammdem
949 1119 1135 1194 facultatum,

96 1227 107 1254 ι
124 1219 198 1278 qrrae
211 1206 245 1264 in
258 1204 425 1278 quaestione
434 1206 596 1272 versamur,
607 1200 643 1260 de
657 1216 688 1258 se
706 1199 776 1273 ipsis
790 1200 937 1276 iudicium,
952 1205 1028 1277 quod
1042 1205 1135 1278 proin·

93 1309 104 1337 «
121 1288 157 1346 de
171 1289 233 1347 vim
245 1287 357 1346 nullam
372 1285 467 1342 babet.
484 1285 622 1342 Adversus
640 1290 802 1342 nostrarum
822 1284 987 1346 facultatum
1001 1289 1138 1348 veracita-

92 1394 102 1420 ε
120 1377 182 1428 lem
196 1369 323 1428 difficilis
338 1374 382 1426 est
400 1367 437 1426 ad
451 1365 671 1438 excogitandum
696 1365 868 1438 difficultas,
884 1383 956 1440 quao
971 1370 1057 1428 simul
1071 1387 1137 1430 con·

92 1477 104 1502 u
123 1453 277 1510 scientiam
292 1451 385 1524 ipsam
399 1464 458 1506 non
472 1449 607 1523 impetat3
623 1453 652 1506 et
666 1448 796 1523 quisquis
816 1450 921 1509 indicio
940 1451 1140 1512 (1111113133-

91 1560 103 1586 «
124 1534 218 1608 doni,
234 1549 308 1608 quae
322 1534 397 1592 dono
411 1532 518 1607 recepit
532 1548 550 1590 a
563 1532 638 1605 ileo,
655 1533 681 1592 is
695 1534 727 1592 in
745 1532 792 1593 tali
808 1549 859 1593 suo
875 1535 1053 1608 scepticismo
1068 1538 1141 1612 cogi-

94 1645 104 1670 ι
123 1624 172 1679 tur
186 1633 364 1694 perruanere,
375 1617 466 1677 donec
480 1617 515 1675 dc
529 1618 641 1676 insania
655 1618 845 1691 convalescat,
857 1624 907 1678 aut
920 1633 1009 1680 novas
1024 1621 1140 1681 faculta-

94 1726 104 1752 ·
123 1708 186 1775 tos,
202 1701 308 1776 quibus
323 1702 455 1775 antiquas
467 1701 591 1775 iudicet,
608 1703 741 1762 sortiatur
755 1719 772 1760 a
787 1702 853 1762 Deo.
870 1702 897 1760 Si
912 1703 999 1762 istaec
1014 1707 1139 1780 proposi·

94 1809 104 1836 ι
123 1788 179 1846 do:
196 1786 350 1860 facultates
363 1794 482 1844 nostroe
498 1801 559 1844 noo
573 1795 644 1846 curat
657 1788 793 1860 fallaces,
810 1787 841 1845 in
862 1788 1020 1860 primorum
1034 1789 1138 1864 princi-

95 1871 235 1944 «piovum
254 1885 374 1929 numero
392 1885 451 1930 non
470 1870 609 1941 babetur3
629 1870 660 1928 in
681 1870 1092 1948 absolutum'sceplicismum,
1111 1881 1139 1935 et

94 1956 184 2014 «sine
203 1954 329 2014 remedio
355 1955 531 2014 delabemnr.
549 1954 723 2029 Principium
742 1955 821 2014 enim
841 1955 1002 2017 huiusmodi
1023 1959 1138 2020 demon·

94 2065 104 2089 «
121 2041 209 2100 strari
223 2056 282 2100 non
295 2045 408 2113 posset3
425 2047 524 2099 contra
538 2039 563 2098 si
577 2038 672 2114 ipsum
686 2056 746 2100 non
760 2045 802 2098 est
816 2039 977 2116 indubium,
989 2043 1061 2104 nibil
1076 2061 1138 2119 pos

94 2130 366 2184 «setessecertum
384 2127 439 2183 l.»

124 2207 206 2268 lianc
221 2209 386 2268 lleidianam
401 2209 558 2270 illationem
568 2225 630 2270 esse
640 2209 820 2268 verissimam
832 2224 916 2271 nemo
930 2213 1056 2287 negabit.
1069 2215 1138 2274 Nam

92 2292 139 2363 qui
152 2294 188 2352 in
202 2294 382 2352 omnimodae
396 2293 578 2353 dubitationis
597 2294 792 2369 labyrinthum
814 2309 844 2352 sc
866 2296 954 2354 semel
968 2297 1136 2372 detruserit,

90 2374 115 2433 is
128 2377 238 2438 nullius
251 2378 390 2436 Ariadnae
403 2378 451 2438 filo
466 2378 545 2436 illinc
564 2378 666 2453 poterit
684 2379 817 2438 extricari
831 2397 838 2452 3
856 2380 967 2438 sedant
981 2384 1139 2454 pugnantia

91 2457 164 2521 iuter
181 2477 214 2520 se
228 2461 305 2536 loqui
319 2462 447 2535 coaptm,
464 2467 514 2521 aut
527 2463 557 2521 in
573 2468 708 2537 perpetuo
722 2477 876 2522 mansurus
891 2471 934 2522 est
948 2465 1137 2538 scepticismo.

90 2540 216 2606 flubium
230 2546 309 2604 enim
324 2546 485 2605 huiusmodi
499 2547 605 2622 expelli
619 2547 701 2606 aliter
710 2547 819 2621 nequit,
831 2546 887 2606 nisi
903 2547 992 2607 multa
1006 2563 1065 2608 non
1079 2563 1138 2609 mo·

91 2627 125 2686 do
139 2631 177 2688 ad
193 2631 405 2704 conscientiam,
422 2633 472 2690 sed
486 2633 522 2690 ad
537 2633 607 2692 alias
622 2633 708 2692 etiam
724 2631 872 2692 facultates
886 2633 1065 2707 pertinentia,
1083 2651 1136 2694 ceu

90 2709 264 2774 inconcussa
278 2721 308 2774 et
321 2715 467 2775 evidenter
485 2719 598 2790 cognita
611 2717 840 2790 praemittantur.
856 2716 890 2775 Et
904 2734 972 2776 sane
987 2735 1043 2790 quo
1057 2725 1140 2791 pacto

91 2796 172 2874 circa⁴
183 2799 240 2857 alia
253 2798 364 2858 obiecta
378 2814 502 2859 examen
512 2807 560 2858 aut
568 2799 815 2858 ratiocinationem
824 2798 959 2858 inchoare
970 2815 1138 2871 possumus;

90 2879 147 2940 nisi
161 2881 223 2941 vim
237 2883 421 2954 comparandi
435 2882 524 2953 ideas,
539 2883 599 2940 rim
612 2880 767 2949 iudicandi,
780 2881 839 2934 vim
853 2881 1050 2950 ratiocinandi,
1068 2883 1140 2936 cete·

89 2976 197 3037 casque
211 2964 359 3021 facultates
373 2965 409 3019 ad
423 2962 484 3019 veri
504 2963 696 3033 cognitionem
709 2959 863 3029 requisitas
877 2961 993 3018 fallaces
1006 2976 1065 3020 non
1080 2975 1141 3020 esse

90 3058 146 3117 pro
160 3050 239 3101 certo
253 3045 312 3100 iam
326 3047 392 3100 ante
406 3042 584 3099 habeamus?

128 3127 259 3201 Reponet
276 3125 395 3182 fortasse
414 3122 554 3181 castesium
571 3123 601 3181 id
618 3139 656 3182 es
674 3123 724 3182 liei
738 3124 889 3186 veracitate
907 3127 1018 3188 deduci.
1038 3128 1141 3188 lerum

92 3211 158 3284 quis
173 3225 232 3270 non
247 3208 334 3281 videt,
345 3208 376 3267 id
388 3209 420 3266 in
433 3206 534 3282 primis
547 3208 744 3269 ratiocinando
758 3209 878 3286 deduci,
895 3219 979 3288 atque
993 3221 1141 3289 propterea

92 3295 152 3353 vim
166 3293 366 3366 ratiocinandi,
382 3291 523 3367 principia
542 3293 646 3368 quibus
659 3294 837 3356 radocinatio
851 3297 960 3373 nititur,
978 3299 1054 3374 leges
1067 3316 1140 3375 quas

95 3385 202 3453 servat,
218 3383 304 3452 atque
319 3377 376 3436 alia
388 3377 419 3436 id
433 3391 538 3452 genus,
555 3383 588 3438 ut
600 3378 685 3438 firma
699 3385 728 3438 et
742 3385 803 3440 rata
818 3381 848 3441 in
864 3389 1005 3442 certorum
1019 3399 1140 3444 numero

95 3464 289 3524 subaudienda
301 3463 360 3521 lam
374 3464 460 3523 esse?
474 3463 579 3523 Deinde
594 3479 720 3538 quonam
738 3467 821 3526 modo
839 3484 877 3526 ex
890 3469 941 3528 liei
955 3469 1018 3528 idea
1032 3469 1139 3544 aliquid

96 3550 163 3608 certi
177 3548 278 3606 inferri
291 3548 410 3622 poterit,
426 3547 483 3606 nisi
500 3550 601 3608 saltem
623 3550 824 3625 intelligentia,
841 3567 915 3627 quae
930 3554 980 3613 llcl
994 3555 1139 3614 notionem

84 3631 236 3708 exhibeat,
253 3631 329 3690 circa
347 3647 432 3691 suum
446 3632 589 3693 obiectum
606 3648 665 3693 non
679 3633 773 3709 decipi
788 3640 1054 3728 praesuppunalur‘l
1068 3639 1138 3708 Quid

141 3813 152 3855 t
170 3813 269 3874 emron
285 3815 313 3864 aa
328 3817 353 3863 a
369 3817 413 3875 toa.
432 3803 529 3866 arao.
549 3819 618 3868 aaut
633 3817 657 3881 o,
675 3817 711 3866 eu.
730 3819 754 3882 n,
772 3821 874 3872 occare·
889 3825 941 3870 rom.
961 3823 983 3870 r.
