2767 4492
228 260 263 319 ro
556 268 784 314 mnrarnrsrmn
799 267 946 312 serenare

227 371 309 416 ream
322 355 441 415 alteram
454 357 484 413 et
496 359 655 426 extensam,
667 368 741 426 quae
755 351 832 411 velut
841 367 907 426 pars
921 351 1046 410 exterior
1055 351 1145 411 ileum
1159 353 1280 412 vestiret

229 442 397 513 lorinsecus,
415 455 448 498 ac
462 438 594 498 sensibus
607 446 636 498 et
653 436 859 496 mutationibus
873 435 1009 495 subderet
1025 437 1049 494 l.

264 523 415 584 lleeentius
424 522 535 582 baruch
550 522 677 596 Spinoza‚
687 521 734 580 air
747 525 811 594 post
824 519 962 579 reiectum
975 519 1152 580 Iudaismum
1164 521 1278 580 nullam

227 609 371 683 protessus
391 607 559 680 religionem
574 607 599 678 2,
615 605 829 679 pantheismum
843 604 1013 678 iampridem
1028 604 1179 678 explosum
1193 605 1278 664 resti-

228 699 308 753 tuere
322 707 356 752 ac
370 707 422 766 pro
437 691 547 750 viribus
561 689 715 749 obfirmare
730 695 847 756 conatus
861 694 913 748 est.
930 690 1006 763 Opus
1015 689 1093 746 enim
1102 688 1274 748 lucubravit:

227 777 364 838 Etbtaam
376 776 546 852 paoawtrieo
565 774 668 833 ordine
686 774 939 846 dorsumdurum,
957 772 1142 832 artificiosum
1156 773 1276 846 quidem

228 863 264 922 ed
278 861 465 934 illudendum,
478 861 529 920 sed
541 875 573 918 re
587 858 799 933 ineptissimum
813 873 847 917 ae
861 857 1055 932 pugnantibus
1068 858 1145 916 inter
1158 872 1189 917 se
1203 858 1278 919 ideis

227 947 312 1022 plane
326 949 474 1007 refertum.
493 948 525 1006 ln
540 961 574 1006 eo
588 946 728 1005 unitatem
746 943 922 1004 substaniae
941 959 980 1003 ex
993 943 1122 1002 eiusdem
1140 942 1278 1017 ambigua

227 1032 394 1092 delinitione
407 1033 538 1092 derivare
552 1031 678 1104 studuit3
696 1029 807 1104 ipsique
822 1029 928 1103 duplex
943 1028 1073 1104 appinxit
1087 1027 1274 1103 attributum,

226 1115 370 1175 inlinitum
383 1116 521 1176 nimirum
536 1115 738 1186 comminuam
748 1119 777 1173 et
786 1113 930 1172 infinitam
943 1112 1050 1186 pariter
1062 1111 1272 1186 extensionem3

227 1203 312 1274 atque
322 1217 359 1260 ex
372 1203 476 1260 barum
489 1199 758 1271 modificationibus,
770 1197 801 1260 in
815 1213 886 1272 quae
900 1196 1087 1256 multifariam
1101 1196 1277 1268 sempiterna

226 1283 276 1342 illa
289 1290 392 1344 namra
406 1301 436 1345 se
451 1285 612 1344 necessario
625 1282 777 1356 evolveret,
789 1287 883 1341 cetera
896 1281 994 1339 omnia
1003 1286 1140 1355 quotquot
1148 1285 1274 1354 exstant,

227 1367 288 1427 sire
302 1369 418 1444 spiritus
433 1369 491 1428 sint
504 1369 565 1428 sive
579 1383 708 1441 corpora,
724 1365 844 1426 conflari
857 1369 1036 1425 commentus
1050 1371 1093 1423 est
1108 1366 1132 1424 ⁵.

271 1540 282 1585 l
301 1540 351 1586 vid.
370 1541 498 1587 Cunwour.
514 1543 577 1599 Spst.
593 1541 671 1586 tstett.
688 1555 708 1584 e.
725 1539 749 1602 o,
766 1537 792 1602 ᾗ.
810 1537 849 1584 25.

269 1617 285 1662 2
303 1635 312 1658 ι
329 1617 388 1662 Exiit
402 1631 453 1676 erpo
472 1633 498 1662 ex
517 1616 672 1662 eommunione
689 1617 763 1660 eoetus
785 1613 883 1676 iudaiei,
904 1627 974 1675 neque
997 1616 1069 1659 umen
1085 1611 1125 1658 ulli
1139 1625 1163 1658 sa
1176 1627 1276 1674 uuquam

226 1711 235 1733 ι
254 1690 424 1737 christianorum
443 1695 514 1736 usaue
529 1689 630 1752 addixit,
648 1705 688 1736 nee
702 1689 757 1738 sacri
771 1689 888 1736 levaminis
902 1689 961 1734 unda
976 1703 1076 1751 aspersus
1097 1691 1148 1750 est,
1164 1687 1199 1736 rel
1212 1687 1275 1734 ebri-

226 1786 235 1807 α
254 1766 338 1812 stiauas
354 1764 465 1810 doetrinae
479 1763 637 1826 profusionem
651 1764 719 1810 ullam
734 1763 811 1826 edidit,
823 1764 874 1810 licet
888 1764 947 1811 inter
961 1763 1091 1810 ubristiauoe
1101 1762 1129 1808 ad
1138 1763 1196 1809 sitae
1206 1761 1275 1809 finem

227 1859 236 1881 ι
254 1841 346 1902 viseret,
362 1844 384 1885 et
398 1839 554 1886 eruditissimis
563 1840 616 1886 viris
626 1839 722 1886 amicitia
737 1840 890 1886 innotesceret.
906 1859 915 1880 ·
929 1839 1035 1886 Beuum
1046 1840 1107 1885 dls'at.
1120 1840 1174 1885 erit.
1184 1840 1272 1898 pbilas.

223 1919 264 1960 ete.
281 1920 298 1959 t.
314 1916 338 1976 d,
354 1920 411 1977 part.
427 1914 451 1978 2,
467 1930 515 1978 per.
532 1915 556 1977 d,
572 1931 594 1977 p.
612 1915 636 1977 2,
651 1914 667 1960 l.
685 1915 709 1978 2,
725 1931 745 1961 c.
762 1915 786 1977 5,
802 1915 828 1978 ὃ.
845 1915 868 1961 8.

269 1988 284 2032 ’ὅ
299 1990 327 2034 Ut
341 1994 411 2035 tutum
424 1990 529 2052 spinosae
543 1995 638 2052 systema
652 1991 676 2036 in
690 2006 760 2053 panea
775 1990 908 2055 conduratur,
924 1990 977 2038 haee
991 1991 1090 2054 aecipite.
1107 1991 1128 2036 le
1142 1990 1216 2052 itaquo
1227 1990 1275 2052 pri·

223 2079 284 2110 mum
297 2063 436 2110 definitiones
455 2070 504 2110 ectu
518 2065 542 2111 in
556 2071 692 2112 antecessum
715 2065 824 2128 collocat,
840 2081 895 2128 quae
913 2065 1051 2128 pantheismo
1071 2065 1129 2112 riam
1143 2065 1206 2127 quasi
1220 2070 1276 2112 ster-

224 2145 286 2185 nant.
302 2140 363 2186 lnter
376 2155 412 2186 eas
426 2141 543 2203 praecipue
558 2142 624 2187 tertia
637 2142 727 2204 eminet,
744 2156 786 2204 qua
801 2142 898 2188 dieitur:
915 2144 964 2188 Pro
979 2143 1110 2188 subeuntia
1124 2143 1230 2201 daleltipo
1246 2141 1274 2187 s'd

223 2217 285 2274 quad
299 2217 327 2261 iss
339 2229 363 2262 se
377 2221 412 2263 eat
427 2222 448 2262 et
461 2231 507 2276 per
522 2231 546 2264 se
560 2219 703 2276 wseips'tur,
721 2231 761 2265 sees
775 2220 843 2265 saissa
858 2223 977 2277 aoueeptua
993 2233 1042 2265 aaa
1058 2219 1148 2277 iadt'pet
1164 2221 1274 2277 eoaeeplss

223 2293 322 2339 stertas
338 2295 376 2339 τοί
391 2297 418 2338 ut
434 2295 558 2353 formetur.
575 2293 660 2338 Deinde
674 2297 757 2356 septem
770 2293 863 2340 labris-at
878 2295 992 2357 axiomata,
1005 2294 1120 2356 exquibus
1134 2293 1273 2356 potissimum

223 2373 324 2428 quartum
340 2357 423 2412 adverti
442 2367 520 2414 debet:
540 2370 610 2415 Notio
626 2369 718 2427 effeetus
733 2384 748 2414 a
765 2371 859 2415 uatibus
876 2383 957 2416 causae
971 2371 1074 2433 pendet,
1094 2383 1189 2428 eamque
1206 2371 1233 2415 s'u
1249 2381 1273 2416 sa

221 2445 367 2490 masolam
381 2445 538 2506 amplectitur,
550 2445 605 2488 Tum
619 2437 717 2505 plurium
733 2445 907 2506 propositionum
921 2445 1044 2491 ordinatam
1058 2444 1169 2491 subuertit
1182 2444 1270 2508 seriem,

221 2520 314 2580 quarum
328 2519 351 2564 in
367 2517 412 2564 line
429 2519 498 2566 tribus
513 2518 547 2564 bis
562 2518 664 2581 vocibus,
680 2521 743 2579 qaod
760 2524 811 2566 erat
829 2521 1046 2575 remunerandam,
1063 2519 1271 2582 quasiquibusdam

222 2593 371 2639 incentatoriis
386 2593 455 2653 signis
468 2594 551 2655 emnia,
567 2609 623 2656 quae
638 2595 712 2657 eupit,
728 2611 752 2640 se
766 2593 870 2657 perlicere
886 2595 1010 2641 arbitratur.
1028 2597 1097 2658 Atque
1112 2611 1186 2642 aarum
1201 2595 1271 2642 baue-

222 2667 272 2713 lieio
288 2669 354 2714 iulert
368 2670 391 2715 in
406 2671 450 2715 Vl:
467 2672 628 2718 Substantiam
645 2685 694 2716 suas
708 2685 774 2730 possa
791 2685 821 2718 ear
838 2673 888 2718 atta
900 2672 1002 2731 produci
1014 2673 1159 2728 mittenda,-
1170 2672 1193 2717 in
1208 2671 1268 2719 llll:

222 2746 321 2791 Praeter
334 2749 418 2800 Deam
433 2749 587 2795 mamutium
601 2750 695 2795 aarum
709 2749 809 2806 eops'lars'
821 2761 894 2807 posse.
911 2747 976 2809 Hine,
992 2747 1059 2794 veluti
1075 2748 1216 2814 consectaria,
1233 2747 1268 2794 de·

222 2820 278 2867 rirat
291 2821 387 2882 primurn
402 2815 491 2868 uouuisi
506 2838 573 2870 uuum
587 2829 671 2870 entare
685 2823 830 2870 subeuntium
844 2821 985 2884 eamdemque
998 2821 1108 2870 induitaru
1123 2837 1184 2884 esse;
1202 2821 1268 2868 dein-

222 2895 249 2941 de
261 2912 309 2942 rem
322 2903 433 2944 extensam
447 2914 472 2945 ae
486 2914 533 2946 rem
546 2901 678 2961 mpitautem
691 2915 737 2946 nou
751 2897 810 2946 aliud
825 2913 872 2945 esse
886 2899 930 2944 uisi
945 2897 979 2946 rol
993 2898 1097 2945 attributa
1111 2899 1159 2960 Dei,
1175 2897 1211 2945 rel
1226 2897 1268 2944 bo-

221 2985 271 3016 rum
285 2973 438 3020 attributorum
452 2975 537 3021 modos.

268 3047 323 3093 Aliis
337 3049 424 3112 verbis,
443 3055 501 3096 totus
516 3052 563 3098 eius
577 3069 707 3118 processus,
723 3055 747 3101 in
763 3070 831 3117 puuea
845 3052 951 3116 oollatue,
969 3051 1005 3098 hic
1020 3058 1060 3100 est.
1077 3053 1174 3100 Primum
1195 3057 1268 3100 eenmt

222 3127 322 3170 naturam
335 3139 380 3170 nou
395 3141 421 3171 ex
434 3128 567 3188 experientia
578 3132 600 3174 et
607 3128 671 3174 laetis
685 3145 732 3177 esse
746 3129 894 3192 indicandam,
906 3129 943 3175 sed
955 3144 970 3175 a
977 3131 1059 3189 priori
1069 3129 1188 3176 dumtaxat.
1206 3129 1267 3184 Quod

221 3199 401 3260 capitulissimuan
419 3202 563 3248 rationalisrni
582 3210 721 3268 praereptum
741 3205 950 3251 Transcendanteles
968 3204 1105 3267 pantheistaa
1118 3206 1160 3252 sibi
1175 3204 1267 3252 fideliter

221 3275 388 3323 custodiendum
402 3283 526 3337 assumunt3
543 3280 581 3340 qui
595 3279 613 3324 si
628 3278 755 3339 diligentius
770 3282 793 3325 iu
808 3281 854 3326 suis
870 3280 1006 3341 doprnatibus
1020 3287 1042 3328 et
1056 3281 1189 3343 procedendi
1204 3279 1267 3327 modu

221 3350 394 3415 considerentur,
411 3353 471 3399 aliud
485 3368 561 3400 revera
574 3368 619 3399 nun
632 3353 725 3417 luriunt,
738 3353 781 3400 nisi
796 3359 821 3400 ut
837 3356 860 3400 in
875 3356 977 3402 omnibus
992 3356 1060 3403 lerum
1075 3358 1191 3420 Spiuoaam
1205 3355 1269 3402 aliter

220 3432 360 3486 personatum
373 3428 453 3474 iterum
468 3429 589 3490 produeaut
603 3430 627 3473 iu
642 3445 737 3476 suenum.
755 3431 796 3475 Sed
812 3433 837 3478 ut
851 3430 880 3476 ad
893 3431 957 3478 illum
972 3439 1126 3496 reuertamur,
1145 3433 1228 3478 iseum
1245 3430 1268 3475 iu

220 3500 285 3547 rebus
299 3505 377 3549 creatis
389 3503 498 3550 existendi
514 3504 664 3550 ueoessitsteru
678 3520 723 3550 nun
738 3507 885 3570 perspieeret,
900 3523 936 3554 ess
951 3523 995 3554 non
1010 3523 1057 3554 ease
1071 3507 1203 3554 substantias
1221 3506 1268 3552 esi-

220 3576 328 3639 stimarit3
344 3579 451 3640 siquidem
466 3579 598 3634 sumunda,
612 3585 637 3625 ut
651 3579 789 3644 definiverat,
805 3583 941 3630 existentiam
956 3571 1079 3630 nmessario
1095 3582 1203 3645 includit,
1219 3597 1268 3628 eum

221 3650 250 3695 sit
263 3666 302 3712 per
315 3668 346 3698 se.
363 3654 407 3700 Nee
425 3653 469 3700 diei
489 3660 580 3717 possam
600 3655 651 3702 illae
671 3655 806 3704 substantiae
820 3659 848 3705 ab
862 3659 904 3706 alia
920 3675 967 3706 esse
982 3659 1116 3723 productae,
1132 3659 1213 3720 quippe
1227 3656 1267 3702 beo

220 3725 293 3785 ipsum
307 3727 440 3776 substantiae
453 3730 566 3776 notionem
578 3733 703 3792 perimeret.
719 3733 778 3781 Haeo
792 3735 851 3782 enim
865 3736 956 3782 omnino
970 3736 1041 3798 poseit
1055 3740 1080 3782 ut
1093 3739 1223 3796 muesptum
1236 3731 1267 3780 rei

220 3799 317 3864 alterius,
332 3817 345 3848 a
358 3818 401 3864 qua
414 3805 517 3869 pendeat,
532 3821 578 3853 nou
592 3807 702 3872 iurolpat3
717 3809 775 3872 quod
790 3817 861 3859 autem
876 3811 965 3859 aliunde
981 3810 1118 3874 producitur,
1136 3809 1159 3856 id
1174 3825 1200 3857 ex
1214 3822 1266 3858 eau-
