2767 4492
239 293 291 354 138
570 295 960 351 333333333333333333333

228 405 314 466 saepe
330 390 471 462 tenentum
484 387 525 446 313
540 383 1240 458 311331133333113333331133133,3333331313
1255 405 1291 450 se

229 477 357 537 habeant
371 489 405 537 ac
421 471 508 532 veluti
523 471 697 530 societatem.
713 467 839 527 11133333
853 482 939 540 3333,
957 469 1041 543 quia,
1059 476 1091 529 ut
1105 473 1230 548 quisque
1244 481 1291 536 331

231 561 374 634 33333133,
392 558 445 620 3131
459 557 570 616 obiecta
588 554 733 628 disparata
748 553 818 627 sint,
835 557 932 612 tamen
946 568 979 613 ea
994 559 1088 628 potest
1106 555 1182 631 quis,
1199 559 1224 620 31
1240 575 1289 620 ve·

233 647 284 718 111,
301 645 332 702 13
348 640 572 702 consideratione
588 638 629 696 sie
643 643 742 696 mutuo
757 637 910 712 colbgare,
928 642 961 706 ut
975 638 1100 698 excitata
1115 642 1202 701 uuiue
1220 644 1289 704 idea

230 730 350 790 alteram
365 731 428 802 post
442 739 473 786 ee
488 722 697 797 quodammodo
713 721 815 783 trabat.
838 721 883 780 Sic
902 737 1065 780 sermonem
1084 725 1261 787 addiscimus
1275 776 1284 803 ,

232 815 311 876 ideas
331 809 525 873 determinatis
547 807 663 870 vocibus
683 806 876 866 adnectentes.
898 807 1099 875 desociationis
1120 825 1189 870 vero
1203 813 1283 887 prin·

231 898 321 974 cipia,
338 902 371 954 ut
385 895 456 956 31133
471 892 636 966 innuimus,
652 891 708 952 tria
722 890 758 951 ab
774 889 876 952 Humio
892 897 1099 952 numerantur:
1116 895 1284 973 simihtudo,

232 980 368 1056 temporis
384 985 433 1039 aut
447 978 502 1038 loci
517 975 688 1051 coniunctio,
701 974 800 1034 relatio
815 988 933 1036 causam
942 975 1018 1036 inter
1028 977 1209 1039 etehectum.
1228 981 1285 1042 Sed

231 1066 300 1124 licet
313 1065 454 1124 fateamur
468 1063 539 1124 haee
554 1077 616 1120 esse
631 1059 803 1136 praecipua,
820 1063 916 1117 tamen
931 1059 967 1118 ad
981 1059 1060 1119 ideas
1075 1064 1285 1129 consociandas

230 1149 390 1224 quamlibet
403 1148 572 1210 relationem
587 1145 719 1206 sulficere
738 1143 926 1218 arbitramur,
943 1145 1004 1204 3133
1018 1145 1055 1204 311
1069 1147 1284 1225 331313133333,

229 1235 291 1296 3133
306 1233 422 1306 ordinis,
440 1234 501 1292 sive
516 1228 732 1304 dependentiae,
749 1227 810 1287 3133
825 1228 1028 1305 oppositionis,
1045 1228 1105 1290 3133
1118 1246 1283 1310 mensurae,

232 1320 294 1379 sive
308 1319 364 1379 3113
378 1317 492 1392 generis
508 1315 724 1387 cuiuscumque.

267 1403 378 1462 33313
399 1402 490 1461 obiter
509 1398 658 1475 explicatis
678 1397 714 1456 ad
733 1396 911 1474 propositum
929 1404 1116 1462 reuertamur.
1135 1402 1233 1476 ltaque
1253 1407 1285 1464 ut

231 1488 377 1550 obiectum
397 1485 537 1546 memoria
555 1484 679 1544 retinere
698 1481 865 1556 veleamus,
882 1482 985 1560 aliquis
1004 1497 1117 1561 semper
1135 1501 1194 1545 uon
1213 1487 1284 1546 13313

230 1572 394 1632 attentionis
414 1570 520 1646 gradm
540 1567 710 1644 exquiritur.
736 1567 791 1627 Nec
816 1579 852 1626 33
870 1567 1040 1643 plemmque
1060 1572 1186 1645 suflicit,
1210 1588 1284 1648 quae

230 1663 386 1732 spontanea
401 1660 445 1716 331
459 1661 487 1714 31
505 1653 535 1712 13
551 1652 630 1711 omui
644 1667 758 1724 semper
772 1650 847 1710 inest
861 1653 1052 1727 perceptione,
1069 1655 1120 1714 sed
1134 1656 1184 1717 illa
1198 1672 1283 1732 expo

230 1741 338 1815 scitur,
354 1755 427 1814 3333
442 1738 619 1798 3331331313
637 1735 766 1810 procedit
779 1740 808 1794 et
822 1735 963 1796 reflexum
981 1739 1135 1812 quemdam
1149 1747 1283 1800 conatum

231 1825 321 1886 animi
337 1824 430 1898 quoad
444 1821 547 1882 obiecti
564 1819 821 1880 considerationem
831 1821 960 1880 13331311.
976 1823 1066 1883 burno
1076 1824 1163 1884 etiam
1174 1840 1280 1885 memo-

230 1911 290 1970 riae
312 1909 448 1968 tenacitas
468 1907 604 1982 gradibue
629 1905 794 1966 attentionis
814 1905 924 1966 obiecto
943 1907 1088 1968 adhibitae
1111 1911 1284 1984 respondere

220 1994 322 2054 -solctr
336 1994 426 2062 03333
442 1991 544 2052 3313313
558 1990 694 2065 paribus,
712 2005 768 2065 quo
782 1989 922 2050 intensior
936 1991 986 2051 illa
999 1993 1101 2062 inerit,
1118 2009 1152 2052 eo
1167 1994 1282 2054 firmius

230 2095 277 2138 res
292 2077 470 2153 apprehense
484 2076 615 2136 inhaeret
632 2075 806 2148 memoriae3
828 2091 884 2149 quo
900 2075 948 2136 1113
966 2077 1103 2150 debilior,
1119 2078 1285 2140 3313311133

228 2178 276 2222 333
289 2162 433 2222 dilabitur.
450 2160 490 2220 dd
504 2175 565 2220 rem
575 2159 712 2220 Bacouus:
733 2182 744 2210 α
758 2159 834 2227 Quae
848 2166 1036 2234 expectantur
1050 2166 1078 2221 et
1092 2161 1281 2222 attentionem

232 2273 243 2300 ι
265 2248 401 2319 33311331,
413 2245 516 2306 melius
531 2245 650 2306 haerent
658 2257 747 2316 quam
756 2259 829 2318 quae
838 2245 1056 2321 praetervolant.
1072 2247 1283 2328 1133333133τί-

232 2357 243 2385 .
264 2340 345 2408 ptum
360 2329 475 2404 aliquod
489 2329 577 2388 313133
591 2327 767 2402 perlegeris,
783 2344 842 2388 uon
857 2335 915 2390 1331
935 2331 1017 2391 facile
1032 2331 1103 2390 illud
1116 2333 1283 2392 memoriter

233 2441 243 2470 ι
266 2418 378 2490 disces,
395 2429 482 2489 quarn
497 2413 521 2472 si
536 2412 607 2471 illud
620 2412 700 2486 tegas
715 2413 828 2488 decies,
846 2416 980 2477 tentando
994 2416 1111 2476 interim
1125 2417 1197 2476 illud
1210 2418 1283 2476 reci-

234 2526 245 2552 3
268 2507 328 2560 1333
342 2499 434 2571 stubi
449 2497 546 2557 delicit
560 2496 699 2554 memoria
712 2497 890 2570 inspiciendo
905 2501 1012 2560 librum
1027 2503 1078 2560 1,»

265 2584 390 2642 illerum
405 2580 482 2654 quod
496 2579 531 2638 ad
547 2579 788 2640 reminiscendum
808 2583 888 2643 iuvat
906 2590 950 2644 331
969 2584 1119 2645 associatio
1138 2586 1280 2646 ideamm.

229 2667 297 2726 lnde
312 2667 391 2727 enim
405 2665 436 2722 sit
449 2671 490 2737 ut,
502 2669 668 2723 occurrente
677 2664 798 2739 obiecto,
810 2668 887 2742 quod
901 2685 959 2728 333
974 2685 1041 2728 eum
1055 2669 1110 2730 alio
1126 2670 1283 2732 attentione

231 2751 355 2826 qtradam
376 2755 542 2824 perceptum
556 2749 612 2822 sit,
628 2748 714 2829 huius
729 2749 816 2808 etiam
834 2751 900 2812 idea
918 2760 1047 2813 recurrat
1066 2755 1172 2814 aniano.
1194 2756 1240 2813 Sic
1255 2755 1281 2814 si

230 2836 368 2910 templum
382 2835 500 2908 1331333,
512 2833 561 2892 ubi
576 2833 759 2906 eloquentem
769 2837 894 2896 audieris
905 2840 1072 2898 concionem
1083 2846 1133 2898 aut
1143 2855 1281 2914 magnum

229 2921 412 2996 conspexeris
426 2921 530 2988 virum,
542 2918 675 2976 contiuuo
686 2919 789 2978 horum
802 2922 883 2981 ideae
899 2939 956 2982 uua
964 2923 1108 2983 redibunt.
1120 2925 1195 2984 llaec
1204 2939 1282 2984 3333

230 3005 359 3064 clationis
369 3005 414 3064 lex
430 3004 602 3080 adaltuppio
620 3002 688 3062 2sic
701 3007 878 3083 proponitur:
891 3007 988 3082 elapsa
997 3009 1151 3084 perceptio,
1169 3009 1282 3068 sicom-

228 3088 314 3162 plesa
329 3093 398 3161 crat,
410 3088 520 3162 integra
535 3090 719 3166 instauratur,
731 3106 798 3153 cum
811 3105 878 3167 pars
892 3091 954 3151 3133
969 3094 1111 3152 excitatur
1125 3094 1157 3153 in
1171 3093 1279 3160 animo.

229 3171 373 3232 Eiusmodi
387 3187 471 3246 porro
486 3176 671 3235 associatione
686 3177 816 3236 idearum
831 3191 878 3234 ars
887 3177 1072 3237 mnemonico
1082 3177 1192 3252 nititur,
1205 3193 1283 3251 quae

229 3263 287 3317 tota
296 3261 403 3331 quanta
412 3263 455 3315 est
465 3260 631 3319 3333313313
642 3261 744 3320 mediis
754 3260 977 3336 suppeditandis,
986 3262 1090 3335 quibus
1100 3263 1198 3322 ordine
1207 3277 1282 3336 quo·

228 3343 293 3402 dam
309 3345 338 3400 et
352 3357 431 3400 nexu
445 3341 525 3402 ideae
540 3343 720 3404 instruantur
733 3350 842 3420 mutuo,
856 3350 888 3404 ut
902 3345 985 3405 133113
1001 3346 1090 3405 311333
1100 3345 1215 3405 31133133
1227 3345 1281 3403 ud·

227 3425 365 3521 miniculo
383 3433 540 3488 revocetur.
560 3429 649 3502 utque
670 3429 742 3490 haec
761 3430 796 3490 de
817 3429 957 3490 memoria
976 3431 1046 3491 satis
1066 3429 1180 3506 paridem
1198 3429 1282 3489 dicta

229 3517 295 3570 3131.

274 3763 285 3808 1
303 3765 365 3811 Noui
381 3769 471 3827 Orpaot'
485 3768 525 3816 lit.
544 3768 567 3833 2,
585 3769 637 3836 apli.
656 3771 695 3820 211.

273 3839 287 3884 2
303 3841 399 3889 1331331
414 3845 440 3891 dt
453 3847 507 3904 Lep.
526 3849 608 3896 31131.
626 3847 669 3896 331.
687 3847 711 3913 l,
728 3847 768 3894 loz.
786 3849 825 3895 91).
