<?xml version="1.0" encoding="UTF-8"?>
<!DOCTYPE html PUBLIC "-//W3C//DTD XHTML 1.0 Transitional//EN"
    "http://www.w3.org/TR/xhtml1/DTD/xhtml1-transitional.dtd">
<html xmlns="http://www.w3.org/1999/xhtml" xml:lang="en" lang="en">
 <head>
  <title>
</title>
<meta http-equiv="Content-Type" content="text/html;charset=utf-8" />
  <meta name='ocr-system' content='tesseract 3.04.00' />
  <meta name='ocr-capabilities' content='ocr_page ocr_carea ocr_par ocr_line ocrx_word'/>
</head>
<body>
  <div class='ocr_page' id='page_1' title='image "./institutionesph00libegoog_0205.png"; bbox 0 0 2767 4492; ppageno 0'>
   <div class='ocr_carea' id='block_1_1' title="bbox 150 364 1157 542">
    <p class='ocr_par' dir='ltr' id='par_1_1' title="bbox 150 364 1157 542">
     <span class='ocr_line' id='line_1_1' title="bbox 505 364 1157 429; baseline 0.005 -3"><span class='ocrx_word' id='word_1_1' title='bbox 505 381 560 427; x_wconf 86' lang='lat' dir='ltr'>ssu</span> <span class='ocrx_word' id='word_1_2' title='bbox 575 381 748 427; x_wconf 81' lang='lat' dir='ltr'>ourouoom</span> <span class='ocrx_word' id='word_1_3' title='bbox 1106 364 1157 429; x_wconf 82' lang='lat' dir='ltr'>los</span> 
     </span>
     <span class='ocr_line' id='line_1_2' title="bbox 150 461 1153 542; baseline 0.005 -19"><span class='ocrx_word' id='word_1_4' title='bbox 150 461 287 526; x_wconf 86' lang='lat' dir='ltr'>Praeterea</span> <span class='ocrx_word' id='word_1_5' title='bbox 301 466 325 525; x_wconf 91' lang='lat' dir='ltr'>si</span> <span class='ocrx_word' id='word_1_6' title='bbox 339 480 398 525; x_wconf 89' lang='lat' dir='ltr'>non</span> <span class='ocrx_word' id='word_1_7' title='bbox 412 466 526 524; x_wconf 87' lang='lat' dir='ltr'>animus</span> <span class='ocrx_word' id='word_1_8' title='bbox 541 471 645 540; x_wconf 90' lang='lat' dir='ltr'>noster,</span> <span class='ocrx_word' id='word_1_9' title='bbox 662 467 713 525; x_wconf 90' lang='lat' dir='ltr'>sed</span> <span class='ocrx_word' id='word_1_10' title='bbox 729 461 806 525; x_wconf 88' lang='lat' dir='ltr'>solus</span> <span class='ocrx_word' id='word_1_11' title='bbox 820 465 894 526; x_wconf 87' lang='lat' dir='ltr'>Deus</span> <span class='ocrx_word' id='word_1_12' title='bbox 909 465 940 526; x_wconf 90' lang='lat' dir='ltr'>in</span> <span class='ocrx_word' id='word_1_13' title='bbox 956 466 1040 526; x_wconf 89' lang='lat' dir='ltr'>nobis</span> <span class='ocrx_word' id='word_1_14' title='bbox 1054 483 1153 542; x_wconf 90' lang='lat' dir='ltr'>opera-</span> 
     </span>
    </p>
   </div>
   <div class='ocr_carea' id='block_1_2' title="bbox 12 549 1152 624">
    <p class='ocr_par' dir='ltr' id='par_1_2' title="bbox 12 549 1152 624">
     <span class='ocr_line' id='line_1_3' title="bbox 12 549 1152 624; baseline 0.004 -16"><span class='ocrx_word' id='word_1_15' title='bbox 12 613 16 618; x_wconf 66' lang='grc'>,</span> <span class='ocrx_word' id='word_1_16' title='bbox 116 554 198 624; x_wconf 78' lang='lat' dir='ltr'>retum,</span> <span class='ocrx_word' id='word_1_17' title='bbox 212 551 302 610; x_wconf 92' lang='lat' dir='ltr'>omnis</span> <span class='ocrx_word' id='word_1_18' title='bbox 316 549 433 609; x_wconf 89' lang='lat' dir='ltr'>libertas</span> <span class='ocrx_word' id='word_1_19' title='bbox 448 550 593 610; x_wconf 88' lang='lat' dir='ltr'>actionum</span> <span class='ocrx_word' id='word_1_20' title='bbox 602 554 775 623; x_wconf 88' lang='lat' dir='ltr'>nostrarum,</span> <span class='ocrx_word' id='word_1_21' title='bbox 791 565 876 610; x_wconf 92' lang='lat' dir='ltr'>omne</span> <span class='ocrx_word' id='word_1_22' title='bbox 890 551 1026 610; x_wconf 88' lang='lat' dir='ltr'>meritum</span> <span class='ocrx_word' id='word_1_23' title='bbox 1042 559 1091 612; x_wconf 89' lang='lat' dir='ltr'>aut</span> <span class='ocrx_word' id='word_1_24' title='bbox 1102 553 1152 612; x_wconf 86' lang='lat' dir='ltr'>de·</span> 
     </span>
    </p>
   </div>
   <div class='ocr_carea' id='block_1_3' title="bbox 103 633 1170 3652">
    <p class='ocr_par' dir='ltr' id='par_1_3' title="bbox 112 633 1157 1135">
     <span class='ocr_line' id='line_1_4' title="bbox 116 633 1154 710; baseline 0.002 -18"><span class='ocrx_word' id='word_1_25' title='bbox 116 635 250 708; x_wconf 80' lang='lat' dir='ltr'>meritum,</span> <span class='ocrx_word' id='word_1_26' title='bbox 264 649 350 694; x_wconf 91' lang='lat' dir='ltr'>omne</span> <span class='ocrx_word' id='word_1_27' title='bbox 372 633 495 708; x_wconf 90' lang='lat' dir='ltr'>deniqne</span> <span class='ocrx_word' id='word_1_28' title='bbox 510 634 664 693; x_wconf 82' lang='lat' dir='ltr'><strong>discrimen</strong></span> <span class='ocrx_word' id='word_1_29' title='bbox 682 634 758 693; x_wconf 91' lang='lat' dir='ltr'>inter</span> <span class='ocrx_word' id='word_1_30' title='bbox 773 635 926 694; x_wconf 89' lang='lat' dir='ltr'>honestum</span> <span class='ocrx_word' id='word_1_31' title='bbox 944 638 973 694; x_wconf 92' lang='lat' dir='ltr'>et</span> <span class='ocrx_word' id='word_1_32' title='bbox 992 640 1073 710; x_wconf 81' lang='lat' dir='ltr'>turpe</span> <span class='ocrx_word' id='word_1_33' title='bbox 1093 651 1154 696; x_wconf 89' lang='lat' dir='ltr'>cor-</span> 
     </span>
     <span class='ocr_line' id='line_1_5' title="bbox 116 717 1154 795; baseline 0.004 -18"><span class='ocrx_word' id='word_1_34' title='bbox 116 723 214 778; x_wconf 86' lang='lat' dir='ltr'>rueret.</span> <span class='ocrx_word' id='word_1_35' title='bbox 230 719 258 778; x_wconf 90' lang='lat' dir='ltr'>Si</span> <span class='ocrx_word' id='word_1_36' title='bbox 273 720 353 778; x_wconf 91' lang='lat' dir='ltr'>enim</span> <span class='ocrx_word' id='word_1_37' title='bbox 367 718 443 778; x_wconf 87' lang='lat' dir='ltr'>Deus</span> <span class='ocrx_word' id='word_1_38' title='bbox 455 719 525 778; x_wconf 89' lang='lat' dir='ltr'>lacit</span> <span class='ocrx_word' id='word_1_39' title='bbox 535 732 733 794; x_wconf 88' lang='lat' dir='ltr'>quaecumque</span> <span class='ocrx_word' id='word_1_40' title='bbox 746 717 827 792; x_wconf 76' lang='lat' dir='ltr'>liunt,</span> <span class='ocrx_word' id='word_1_41' title='bbox 844 718 993 793; x_wconf 89' lang='lat' dir='ltr'>llagilium,</span> <span class='ocrx_word' id='word_1_42' title='bbox 1011 720 1113 795; x_wconf 90' lang='lat' dir='ltr'>scelus,</span> <span class='ocrx_word' id='word_1_43' title='bbox 1126 727 1154 781; x_wconf 92' lang='lat' dir='ltr'>et</span> 
     </span>
     <span class='ocr_line' id='line_1_6' title="bbox 115 801 1153 878; baseline 0.004 -18"><span class='ocrx_word' id='word_1_44' title='bbox 115 801 246 876; x_wconf 92' lang='lat' dir='ltr'>quidquid</span> <span class='ocrx_word' id='word_1_45' title='bbox 259 802 428 862; x_wconf 86' lang='lat' dir='ltr'>indecorum</span> <span class='ocrx_word' id='word_1_46' title='bbox 442 807 493 875; x_wconf 85' lang='lat' dir='ltr'>est,</span> <span class='ocrx_word' id='word_1_47' title='bbox 509 801 620 861; x_wconf 88' lang='lat' dir='ltr'>lromini</span> <span class='ocrx_word' id='word_1_48' title='bbox 633 816 784 875; x_wconf 80' lang='lat' dir='ltr'>perperam</span> <span class='ocrx_word' id='word_1_49' title='bbox 798 801 964 878; x_wconf 89' lang='lat' dir='ltr'>imputatur.</span> <span class='ocrx_word' id='word_1_50' title='bbox 980 804 1070 863; x_wconf 88' lang='lat' dir='ltr'>immo</span> <span class='ocrx_word' id='word_1_51' title='bbox 1084 821 1153 864; x_wconf 87' lang='lat' dir='ltr'>uero</span> 
     </span>
     <span class='ocr_line' id='line_1_7' title="bbox 113 885 1157 962; baseline 0.005 -19"><span class='ocrx_word' id='word_1_52' title='bbox 113 885 182 944; x_wconf 87' lang='lat' dir='ltr'>nihil</span> <span class='ocrx_word' id='word_1_53' title='bbox 194 887 368 960; x_wconf 82' lang='lat' dir='ltr'>flagitiosum</span> <span class='ocrx_word' id='word_1_54' title='bbox 382 887 606 946; x_wconf 83' lang='lat' dir='ltr'>existimandum</span> <span class='ocrx_word' id='word_1_55' title='bbox 620 891 705 959; x_wconf 90' lang='lat' dir='ltr'>esset,</span> <span class='ocrx_word' id='word_1_56' title='bbox 728 885 833 960; x_wconf 84' lang='lat' dir='ltr'>quippe</span> <span class='ocrx_word' id='word_1_57' title='bbox 848 901 915 945; x_wconf 89' lang='lat' dir='ltr'>cum</span> <span class='ocrx_word' id='word_1_58' title='bbox 929 887 1003 946; x_wconf 89' lang='lat' dir='ltr'>Deus</span> <span class='ocrx_word' id='word_1_59' title='bbox 1018 887 1157 962; x_wconf 78' lang='lat' dir='ltr'>flagitiose</span> 
     </span>
     <span class='ocr_line' id='line_1_8' title="bbox 112 969 1156 1046; baseline 0.004 -17"><span class='ocrx_word' id='word_1_60' title='bbox 112 987 168 1030; x_wconf 91' lang='lat' dir='ltr'>uon</span> <span class='ocrx_word' id='word_1_61' title='bbox 182 977 257 1046; x_wconf 87' lang='lat' dir='ltr'>agat.</span> <span class='ocrx_word' id='word_1_62' title='bbox 269 972 359 1045; x_wconf 91' lang='lat' dir='ltr'>lltque</span> <span class='ocrx_word' id='word_1_63' title='bbox 372 972 489 1030; x_wconf 86' lang='lat' dir='ltr'>itaordo</span> <span class='ocrx_word' id='word_1_64' title='bbox 498 971 624 1043; x_wconf 89' lang='lat' dir='ltr'>moralis,</span> <span class='ocrx_word' id='word_1_65' title='bbox 640 969 755 1030; x_wconf 85' lang='lat' dir='ltr'>virtutis</span> <span class='ocrx_word' id='word_1_66' title='bbox 765 970 900 1044; x_wconf 91' lang='lat' dir='ltr'>studium,</span> <span class='ocrx_word' id='word_1_67' title='bbox 916 973 1077 1032; x_wconf 90' lang='lat' dir='ltr'>communis</span> <span class='ocrx_word' id='word_1_68' title='bbox 1089 987 1156 1033; x_wconf 92' lang='lat' dir='ltr'>con-</span> 
     </span>
     <span class='ocr_line' id='line_1_9' title="bbox 112 1055 941 1135; baseline 0.001 -21"><span class='ocrx_word' id='word_1_69' title='bbox 112 1055 239 1129; x_wconf 93' lang='lat' dir='ltr'>suetudo,</span> <span class='ocrx_word' id='word_1_70' title='bbox 255 1056 374 1135; x_wconf 78' lang='lat' dir='ltr'>serietas</span> <span class='ocrx_word' id='word_1_71' title='bbox 388 1055 511 1130; x_wconf 89' lang='lat' dir='ltr'>denique</span> <span class='ocrx_word' id='word_1_72' title='bbox 526 1056 589 1130; x_wconf 89' lang='lat' dir='ltr'>ipsa</span> <span class='ocrx_word' id='word_1_73' title='bbox 604 1055 734 1113; x_wconf 83' lang='lat' dir='ltr'>funditus</span> <span class='ocrx_word' id='word_1_74' title='bbox 747 1069 863 1128; x_wconf 84' lang='lat' dir='ltr'>pessum</span> <span class='ocrx_word' id='word_1_75' title='bbox 877 1055 941 1115; x_wconf 89' lang='lat' dir='ltr'>iret.</span> 
     </span>
    </p>

    <p class='ocr_par' dir='ltr' id='par_1_4' title="bbox 109 1139 1158 1806">
     <span class='ocr_line' id='line_1_10' title="bbox 147 1139 1156 1215; baseline 0.005 -17"><span class='ocrx_word' id='word_1_76' title='bbox 147 1141 300 1215; x_wconf 86' lang='lat' dir='ltr'>Postremo,</span> <span class='ocrx_word' id='word_1_77' title='bbox 321 1155 359 1199; x_wconf 92' lang='lat' dir='ltr'>ne</span> <span class='ocrx_word' id='word_1_78' title='bbox 372 1141 456 1213; x_wconf 90' lang='lat' dir='ltr'>plura</span> <span class='ocrx_word' id='word_1_79' title='bbox 477 1145 634 1212; x_wconf 88' lang='lat' dir='ltr'>consecter,</span> <span class='ocrx_word' id='word_1_80' title='bbox 650 1139 675 1197; x_wconf 90' lang='lat' dir='ltr'>si</span> <span class='ocrx_word' id='word_1_81' title='bbox 690 1143 794 1196; x_wconf 81' lang='lat' dir='ltr'>nattua</span> <span class='ocrx_word' id='word_1_82' title='bbox 811 1140 928 1213; x_wconf 82' lang='lat' dir='ltr'>quaevis</span> <span class='ocrx_word' id='word_1_83' title='bbox 949 1141 1086 1202; x_wconf 86' lang='lat' dir='ltr'>adfinem</span> <span class='ocrx_word' id='word_1_84' title='bbox 1106 1144 1156 1203; x_wconf 87' lang='lat' dir='ltr'>ali-</span> 
     </span>
     <span class='ocr_line' id='line_1_11' title="bbox 113 1220 1153 1301; baseline 0.005 -19"><span class='ocrx_word' id='word_1_85' title='bbox 113 1239 198 1297; x_wconf 89' lang='lat' dir='ltr'>quem</span> <span class='ocrx_word' id='word_1_86' title='bbox 212 1225 267 1285; x_wconf 91' lang='lat' dir='ltr'>sibi</span> <span class='ocrx_word' id='word_1_87' title='bbox 282 1224 528 1285; x_wconf 89' lang='lat' dir='ltr'>accommodatum</span> <span class='ocrx_word' id='word_1_88' title='bbox 546 1223 779 1296; x_wconf 89' lang='lat' dir='ltr'>consequendum</span> <span class='ocrx_word' id='word_1_89' title='bbox 794 1220 879 1296; x_wconf 81' lang='lat' dir='ltr'>dirigi</span> <span class='ocrx_word' id='word_1_90' title='bbox 898 1223 997 1298; x_wconf 91' lang='lat' dir='ltr'>debet,</span> <span class='ocrx_word' id='word_1_91' title='bbox 1014 1227 1100 1301; x_wconf 89' lang='lat' dir='ltr'>idque</span> <span class='ocrx_word' id='word_1_92' title='bbox 1115 1244 1153 1287; x_wconf 85' lang='lat' dir='ltr'>ex</span> 
     </span>
     <span class='ocr_line' id='line_1_12' title="bbox 112 1307 1156 1390; baseline 0.003 -22"><span class='ocrx_word' id='word_1_93' title='bbox 112 1309 250 1385; x_wconf 86' lang='lat' dir='ltr'>sapientia</span> <span class='ocrx_word' id='word_1_94' title='bbox 264 1308 587 1381; x_wconf 76' lang='lat' dir='ltr'>conditorisderivatu13</span> <span class='ocrx_word' id='word_1_95' title='bbox 603 1322 688 1365; x_wconf 91' lang='lat' dir='ltr'>nemo</span> <span class='ocrx_word' id='word_1_96' title='bbox 703 1322 761 1366; x_wconf 92' lang='lat' dir='ltr'>non</span> <span class='ocrx_word' id='word_1_97' title='bbox 770 1307 847 1366; x_wconf 82' lang='lat' dir='ltr'>videt</span> <span class='ocrx_word' id='word_1_98' title='bbox 859 1308 914 1367; x_wconf 89' lang='lat' dir='ltr'>boc</span> <span class='ocrx_word' id='word_1_99' title='bbox 923 1311 1104 1390; x_wconf 81' lang='lat' dir='ltr'>potissimum</span> <span class='ocrx_word' id='word_1_100' title='bbox 1114 1313 1156 1371; x_wconf 94' lang='lat' dir='ltr'>di-</span> 
     </span>
     <span class='ocr_line' id='line_1_13' title="bbox 111 1389 1157 1466; baseline 0.004 -14"><span class='ocrx_word' id='word_1_101' title='bbox 111 1395 233 1452; x_wconf 90' lang='lat' dir='ltr'>cendum</span> <span class='ocrx_word' id='word_1_102' title='bbox 248 1409 310 1453; x_wconf 90' lang='lat' dir='ltr'>esse</span> <span class='ocrx_word' id='word_1_103' title='bbox 325 1394 361 1451; x_wconf 92' lang='lat' dir='ltr'>dc</span> <span class='ocrx_word' id='word_1_104' title='bbox 375 1393 481 1464; x_wconf 87' lang='lat' dir='ltr'>animo,</span> <span class='ocrx_word' id='word_1_105' title='bbox 503 1391 553 1464; x_wconf 82' lang='lat' dir='ltr'>qui</span> <span class='ocrx_word' id='word_1_106' title='bbox 573 1390 657 1463; x_wconf 91' lang='lat' dir='ltr'>longe</span> <span class='ocrx_word' id='word_1_107' title='bbox 670 1389 926 1465; x_wconf 77' lang='lat' dir='ltr'>praestabiliorem,</span> <span class='ocrx_word' id='word_1_108' title='bbox 946 1409 1032 1466; x_wconf 91' lang='lat' dir='ltr'>quam</span> <span class='ocrx_word' id='word_1_109' title='bbox 1047 1402 1157 1457; x_wconf 89' lang='lat' dir='ltr'>ceterae</span> 
     </span>
     <span class='ocr_line' id='line_1_14' title="bbox 109 1474 1158 1552; baseline 0.003 -16"><span class='ocrx_word' id='word_1_110' title='bbox 109 1494 156 1537; x_wconf 89' lang='lat' dir='ltr'>res</span> <span class='ocrx_word' id='word_1_111' title='bbox 175 1483 298 1550; x_wconf 86' lang='lat' dir='ltr'>creatae,</span> <span class='ocrx_word' id='word_1_112' title='bbox 320 1482 453 1535; x_wconf 89' lang='lat' dir='ltr'>naturam</span> <span class='ocrx_word' id='word_1_113' title='bbox 474 1474 568 1533; x_wconf 90' lang='lat' dir='ltr'>habet.</span> <span class='ocrx_word' id='word_1_114' title='bbox 585 1475 644 1533; x_wconf 89' lang='lat' dir='ltr'>lam</span> <span class='ocrx_word' id='word_1_115' title='bbox 663 1489 731 1534; x_wconf 85' lang='lat' dir='ltr'>rero</span> <span class='ocrx_word' id='word_1_116' title='bbox 750 1489 805 1548; x_wconf 93' lang='lat' dir='ltr'>quo</span> <span class='ocrx_word' id='word_1_117' title='bbox 825 1481 908 1550; x_wconf 90' lang='lat' dir='ltr'>pacto</span> <span class='ocrx_word' id='word_1_118' title='bbox 927 1477 1048 1552; x_wconf 82' lang='lat' dir='ltr'>intelligi</span> <span class='ocrx_word' id='word_1_119' title='bbox 1066 1485 1158 1552; x_wconf 90' lang='lat' dir='ltr'>potest</span> 
     </span>
     <span class='ocr_line' id='line_1_15' title="bbox 109 1560 1157 1637; baseline 0.002 -17"><span class='ocrx_word' id='word_1_120' title='bbox 109 1562 251 1621; x_wconf 89' lang='lat' dir='ltr'>naturalis</span> <span class='ocrx_word' id='word_1_121' title='bbox 265 1563 354 1621; x_wconf 90' lang='lat' dir='ltr'>istaec</span> <span class='ocrx_word' id='word_1_122' title='bbox 368 1567 397 1620; x_wconf 93' lang='lat' dir='ltr'>et</span> <span class='ocrx_word' id='word_1_123' title='bbox 417 1561 516 1619; x_wconf 87' lang='lat' dir='ltr'>inuata</span> <span class='ocrx_word' id='word_1_124' title='bbox 531 1560 567 1618; x_wconf 90' lang='lat' dir='ltr'>ad</span> <span class='ocrx_word' id='word_1_125' title='bbox 587 1561 675 1620; x_wconf 87' lang='lat' dir='ltr'>linem</span> <span class='ocrx_word' id='word_1_126' title='bbox 688 1560 816 1634; x_wconf 90' lang='lat' dir='ltr'>directio,</span> <span class='ocrx_word' id='word_1_127' title='bbox 834 1562 897 1620; x_wconf 91' lang='lat' dir='ltr'>sine</span> <span class='ocrx_word' id='word_1_128' title='bbox 911 1561 1021 1621; x_wconf 81' lang='lat' dir='ltr'>viribus</span> <span class='ocrx_word' id='word_1_129' title='bbox 1039 1563 1157 1637; x_wconf 92' lang='lat' dir='ltr'>quibus-</span> 
     </span>
     <span class='ocr_line' id='line_1_16' title="bbox 110 1644 1155 1721; baseline 0.001 -16"><span class='ocrx_word' id='word_1_130' title='bbox 110 1648 175 1705; x_wconf 88' lang='lat' dir='ltr'>dam</span> <span class='ocrx_word' id='word_1_131' title='bbox 189 1652 293 1705; x_wconf 86' lang='lat' dir='ltr'>natura</span> <span class='ocrx_word' id='word_1_132' title='bbox 307 1644 410 1718; x_wconf 91' lang='lat' dir='ltr'>insitis,</span> <span class='ocrx_word' id='word_1_133' title='bbox 427 1644 534 1718; x_wconf 91' lang='lat' dir='ltr'>quibus</span> <span class='ocrx_word' id='word_1_134' title='bbox 542 1644 702 1703; x_wconf 87' lang='lat' dir='ltr'>subiectum</span> <span class='ocrx_word' id='word_1_135' title='bbox 717 1644 753 1704; x_wconf 89' lang='lat' dir='ltr'>ad</span> <span class='ocrx_word' id='word_1_136' title='bbox 768 1645 856 1704; x_wconf 89' lang='lat' dir='ltr'>linem</span> <span class='ocrx_word' id='word_1_137' title='bbox 870 1645 1046 1720; x_wconf 91' lang='lat' dir='ltr'>propositum</span> <span class='ocrx_word' id='word_1_138' title='bbox 1060 1648 1155 1721; x_wconf 90' lang='lat' dir='ltr'>rapia-</span> 
     </span>
     <span class='ocr_line' id='line_1_17' title="bbox 110 1729 689 1806; baseline -0.012 -14"><span class='ocrx_word' id='word_1_139' title='bbox 110 1738 164 1806; x_wconf 85' lang='lat' dir='ltr'>tur,</span> <span class='ocrx_word' id='word_1_140' title='bbox 180 1731 370 1804; x_wconf 90' lang='lat' dir='ltr'>eumdemqoe</span> <span class='ocrx_word' id='word_1_141' title='bbox 386 1729 506 1803; x_wconf 84' lang='lat' dir='ltr'>adipisci</span> <span class='ocrx_word' id='word_1_142' title='bbox 520 1729 689 1787; x_wconf 77' lang='lat' dir='ltr'>contendat?</span> 
     </span>
    </p>

    <p class='ocr_par' dir='ltr' id='par_1_5' title="bbox 103 1813 1170 3313">
     <span class='ocr_line' id='line_1_18' title="bbox 144 1813 1156 1891; baseline 0.001 -15"><span class='ocrx_word' id='word_1_143' title='bbox 144 1817 188 1876; x_wconf 83' lang='lat' dir='ltr'>tl.</span> <span class='ocrx_word' id='word_1_144' title='bbox 206 1817 266 1887; x_wconf 86' lang='lat' dir='ltr'>Quo</span> <span class='ocrx_word' id='word_1_145' title='bbox 280 1817 341 1875; x_wconf 89' lang='lat' dir='ltr'>loco</span> <span class='ocrx_word' id='word_1_146' title='bbox 362 1815 421 1874; x_wconf 92' lang='lat' dir='ltr'>iam</span> <span class='ocrx_word' id='word_1_147' title='bbox 435 1814 515 1872; x_wconf 87' lang='lat' dir='ltr'>uides</span> <span class='ocrx_word' id='word_1_148' title='bbox 536 1813 686 1872; x_wconf 89' lang='lat' dir='ltr'>dilatatum</span> <span class='ocrx_word' id='word_1_149' title='bbox 705 1829 768 1874; x_wconf 89' lang='lat' dir='ltr'>esse</span> <span class='ocrx_word' id='word_1_150' title='bbox 788 1820 997 1890; x_wconf 84' lang='lat' dir='ltr'>argumentum,</span> <span class='ocrx_word' id='word_1_151' title='bbox 1019 1823 1104 1891; x_wconf 90' lang='lat' dir='ltr'>atque</span> <span class='ocrx_word' id='word_1_152' title='bbox 1120 1817 1156 1877; x_wconf 87' lang='lat' dir='ltr'>ad</span> 
     </span>
     <span class='ocr_line' id='line_1_19' title="bbox 110 1897 1156 1976; baseline 0.002 -18"><span class='ocrx_word' id='word_1_153' title='bbox 110 1902 171 1975; x_wconf 89' lang='lat' dir='ltr'>ipsa</span> <span class='ocrx_word' id='word_1_154' title='bbox 185 1917 304 1976; x_wconf 87' lang='lat' dir='ltr'>corpora</span> <span class='ocrx_word' id='word_1_155' title='bbox 318 1901 377 1959; x_wconf 91' lang='lat' dir='ltr'>iam</span> <span class='ocrx_word' id='word_1_156' title='bbox 390 1915 444 1958; x_wconf 92' lang='lat' dir='ltr'>nos</span> <span class='ocrx_word' id='word_1_157' title='bbox 464 1913 527 1958; x_wconf 91' lang='lat' dir='ltr'>esse</span> <span class='ocrx_word' id='word_1_158' title='bbox 545 1897 742 1956; x_wconf 88' lang='lat' dir='ltr'>ratiocinando</span> <span class='ocrx_word' id='word_1_159' title='bbox 762 1905 916 1973; x_wconf 90' lang='lat' dir='ltr'>porrectos.</span> <span class='ocrx_word' id='word_1_160' title='bbox 933 1901 1008 1959; x_wconf 87' lang='lat' dir='ltr'>Haec</span> <span class='ocrx_word' id='word_1_161' title='bbox 1022 1902 1100 1960; x_wconf 87' lang='lat' dir='ltr'>eninr</span> <span class='ocrx_word' id='word_1_162' title='bbox 1120 1903 1156 1960; x_wconf 92' lang='lat' dir='ltr'>ad</span> 
     </span>
     <span class='ocr_line' id='line_1_20' title="bbox 111 1983 1156 2060; baseline 0.002 -16"><span class='ocrx_word' id='word_1_163' title='bbox 111 1986 200 2046; x_wconf 85' lang='lat' dir='ltr'>finem</span> <span class='ocrx_word' id='word_1_164' title='bbox 214 1987 340 2060; x_wconf 84' lang='lat' dir='ltr'>aliquem</span> <span class='ocrx_word' id='word_1_165' title='bbox 351 1989 480 2059; x_wconf 90' lang='lat' dir='ltr'>spectare</span> <span class='ocrx_word' id='word_1_166' title='bbox 489 1989 606 2056; x_wconf 86' lang='lat' dir='ltr'>oportet,</span> <span class='ocrx_word' id='word_1_167' title='bbox 619 1989 647 2041; x_wconf 89' lang='lat' dir='ltr'>et</span> <span class='ocrx_word' id='word_1_168' title='bbox 656 1983 775 2057; x_wconf 89' lang='lat' dir='ltr'>proinde</span> <span class='ocrx_word' id='word_1_169' title='bbox 785 1984 821 2042; x_wconf 91' lang='lat' dir='ltr'>iis</span> <span class='ocrx_word' id='word_1_170' title='bbox 832 1985 970 2054; x_wconf 76' lang='lat' dir='ltr'>instructa</span> <span class='ocrx_word' id='word_1_171' title='bbox 981 2001 1043 2045; x_wconf 91' lang='lat' dir='ltr'>esse</span> <span class='ocrx_word' id='word_1_172' title='bbox 1054 1987 1156 2060; x_wconf 87' lang='lat' dir='ltr'>agendi</span> 
     </span>
     <span class='ocr_line' id='line_1_21' title="bbox 110 2067 1155 2145; baseline 0.005 -20"><span class='ocrx_word' id='word_1_173' title='bbox 110 2071 228 2145; x_wconf 85' lang='lat' dir='ltr'>viribus,</span> <span class='ocrx_word' id='word_1_174' title='bbox 246 2071 350 2144; x_wconf 91' lang='lat' dir='ltr'>quibus</span> <span class='ocrx_word' id='word_1_175' title='bbox 369 2070 405 2126; x_wconf 93' lang='lat' dir='ltr'>ad</span> <span class='ocrx_word' id='word_1_176' title='bbox 419 2068 502 2127; x_wconf 83' lang='lat' dir='ltr'>ibam</span> <span class='ocrx_word' id='word_1_177' title='bbox 522 2067 652 2125; x_wconf 87' lang='lat' dir='ltr'>nitantur</span> <span class='ocrx_word' id='word_1_178' title='bbox 667 2067 789 2126; x_wconf 86' lang='lat' dir='ltr'>assidue.</span> <span class='ocrx_word' id='word_1_179' title='bbox 806 2068 839 2126; x_wconf 86' lang='lat' dir='ltr'>Et</span> <span class='ocrx_word' id='word_1_180' title='bbox 858 2070 992 2142; x_wconf 90' lang='lat' dir='ltr'>quoniam</span> <span class='ocrx_word' id='word_1_181' title='bbox 1007 2085 1058 2144; x_wconf 93' lang='lat' dir='ltr'>pro</span> <span class='ocrx_word' id='word_1_182' title='bbox 1073 2072 1155 2145; x_wconf 91' lang='lat' dir='ltr'>spiri·</span> 
     </span>
     <span class='ocr_line' id='line_1_22' title="bbox 111 2149 1156 2229; baseline 0.001 -16"><span class='ocrx_word' id='word_1_183' title='bbox 111 2155 186 2213; x_wconf 92' lang='lat' dir='ltr'>tibus</span> <span class='ocrx_word' id='word_1_184' title='bbox 201 2155 240 2212; x_wconf 89' lang='lat' dir='ltr'>ab</span> <span class='ocrx_word' id='word_1_185' title='bbox 259 2153 371 2212; x_wconf 86' lang='lat' dir='ltr'>interna</span> <span class='ocrx_word' id='word_1_186' title='bbox 386 2149 564 2227; x_wconf 82' lang='lat' dir='ltr'>experientia</span> <span class='ocrx_word' id='word_1_187' title='bbox 577 2152 805 2227; x_wconf 90' lang='lat' dir='ltr'>deprompsimus</span> <span class='ocrx_word' id='word_1_188' title='bbox 824 2153 977 2227; x_wconf 88' lang='lat' dir='ltr'>rationem;</span> <span class='ocrx_word' id='word_1_189' title='bbox 993 2169 1045 2228; x_wconf 91' lang='lat' dir='ltr'>pro</span> <span class='ocrx_word' id='word_1_190' title='bbox 1061 2169 1156 2229; x_wconf 83' lang='lat' dir='ltr'>corpo</span> 
     </span>
     <span class='ocr_line' id='line_1_23' title="bbox 108 2235 1156 2310; baseline 0.002 -14"><span class='ocrx_word' id='word_1_191' title='bbox 108 2238 190 2296; x_wconf 89' lang='lat' dir='ltr'>ribus</span> <span class='ocrx_word' id='word_1_192' title='bbox 204 2238 365 2296; x_wconf 77' lang='lat' dir='ltr'>obseruatio</span> <span class='ocrx_word' id='word_1_193' title='bbox 379 2243 499 2295; x_wconf 81' lang='lat' dir='ltr'>externa</span> <span class='ocrx_word' id='word_1_194' title='bbox 518 2235 686 2310; x_wconf 89' lang='lat' dir='ltr'>suppeditet,</span> <span class='ocrx_word' id='word_1_195' title='bbox 709 2236 779 2295; x_wconf 88' lang='lat' dir='ltr'>lulla</span> <span class='ocrx_word' id='word_1_196' title='bbox 795 2241 890 2296; x_wconf 88' lang='lat' dir='ltr'>tamen</span> <span class='ocrx_word' id='word_1_197' title='bbox 907 2238 1064 2297; x_wconf 89' lang='lat' dir='ltr'>ratiocinio.</span> <span class='ocrx_word' id='word_1_198' title='bbox 1085 2241 1156 2298; x_wconf 84' lang='lat' dir='ltr'>llam</span> 
     </span>
     <span class='ocr_line' id='line_1_24' title="bbox 107 2321 1154 2396; baseline 0.001 -17"><span class='ocrx_word' id='word_1_199' title='bbox 107 2322 287 2395; x_wconf 69' lang='lat' dir='ltr'>quid‘notius</span> <span class='ocrx_word' id='word_1_200' title='bbox 307 2322 339 2380; x_wconf 94' lang='lat' dir='ltr'>in</span> <span class='ocrx_word' id='word_1_201' title='bbox 360 2325 462 2378; x_wconf 90' lang='lat' dir='ltr'>natura</span> <span class='ocrx_word' id='word_1_202' title='bbox 480 2321 629 2394; x_wconf 82' lang='lat' dir='ltr'>magisque</span> <span class='ocrx_word' id='word_1_203' title='bbox 649 2324 825 2394; x_wconf 90' lang='lat' dir='ltr'>compertum</span> <span class='ocrx_word' id='word_1_204' title='bbox 848 2327 891 2380; x_wconf 89' lang='lat' dir='ltr'>est</span> <span class='ocrx_word' id='word_1_205' title='bbox 906 2321 1046 2394; x_wconf 88' lang='lat' dir='ltr'>sensibus,</span> <span class='ocrx_word' id='word_1_206' title='bbox 1067 2338 1154 2396; x_wconf 89' lang='lat' dir='ltr'>quam</span> 
     </span>
     <span class='ocr_line' id='line_1_25' title="bbox 107 2403 1150 2479; baseline 0 -15"><span class='ocrx_word' id='word_1_207' title='bbox 107 2411 216 2465; x_wconf 90' lang='lat' dir='ltr'>torrere</span> <span class='ocrx_word' id='word_1_208' title='bbox 231 2406 337 2479; x_wconf 86' lang='lat' dir='ltr'>ignem,</span> <span class='ocrx_word' id='word_1_209' title='bbox 353 2404 441 2463; x_wconf 89' lang='lat' dir='ltr'>solem</span> <span class='ocrx_word' id='word_1_210' title='bbox 455 2403 628 2477; x_wconf 85' lang='lat' dir='ltr'>illuminare,</span> <span class='ocrx_word' id='word_1_211' title='bbox 645 2405 806 2478; x_wconf 85' lang='lat' dir='ltr'>germinare</span> <span class='ocrx_word' id='word_1_212' title='bbox 822 2405 942 2478; x_wconf 84' lang='lat' dir='ltr'>plantas,</span> <span class='ocrx_word' id='word_1_213' title='bbox 960 2406 1150 2478; x_wconf 81' lang='lat' dir='ltr'>frondescere,</span> 
     </span>
     <span class='ocr_line' id='line_1_26' title="bbox 106 2490 1155 2564; baseline 0.001 -17"><span class='ocrx_word' id='word_1_214' title='bbox 106 2491 220 2550; x_wconf 85' lang='lat' dir='ltr'>tructus</span> <span class='ocrx_word' id='word_1_215' title='bbox 234 2490 327 2562; x_wconf 90' lang='lat' dir='ltr'>edere,</span> <span class='ocrx_word' id='word_1_216' title='bbox 339 2493 498 2564; x_wconf 89' lang='lat' dir='ltr'>ceteraque,</span> <span class='ocrx_word' id='word_1_217' title='bbox 510 2493 648 2563; x_wconf 83' lang='lat' dir='ltr'>quotquot</span> <span class='ocrx_word' id='word_1_218' title='bbox 657 2493 732 2563; x_wconf 90' lang='lat' dir='ltr'>sunt,</span> <span class='ocrx_word' id='word_1_219' title='bbox 745 2503 863 2564; x_wconf 90' lang='lat' dir='ltr'>corpora</span> <span class='ocrx_word' id='word_1_220' title='bbox 877 2490 937 2548; x_wconf 92' lang='lat' dir='ltr'>suis</span> <span class='ocrx_word' id='word_1_221' title='bbox 948 2504 1077 2562; x_wconf 88' lang='lat' dir='ltr'>quaeque</span> <span class='ocrx_word' id='word_1_222' title='bbox 1087 2505 1155 2562; x_wconf 90' lang='lat' dir='ltr'>gau·</span> 
     </span>
     <span class='ocr_line' id='line_1_27' title="bbox 105 2573 1155 2648; baseline 0 -16"><span class='ocrx_word' id='word_1_223' title='bbox 105 2575 173 2634; x_wconf 89' lang='lat' dir='ltr'>dere</span> <span class='ocrx_word' id='word_1_224' title='bbox 188 2573 367 2640; x_wconf 75' lang='lat' dir='ltr'>actionibus?</span> <span class='ocrx_word' id='word_1_225' title='bbox 387 2573 462 2642; x_wconf 79' lang='lat' dir='ltr'>Quae</span> <span class='ocrx_word' id='word_1_226' title='bbox 484 2574 599 2632; x_wconf 90' lang='lat' dir='ltr'>sensilis</span> <span class='ocrx_word' id='word_1_227' title='bbox 612 2573 791 2648; x_wconf 77' lang='lat' dir='ltr'>experientia</span> <span class='ocrx_word' id='word_1_228' title='bbox 810 2588 869 2632; x_wconf 92' lang='lat' dir='ltr'>non</span> <span class='ocrx_word' id='word_1_229' title='bbox 884 2573 946 2647; x_wconf 91' lang='lat' dir='ltr'>ipsa</span> <span class='ocrx_word' id='word_1_230' title='bbox 961 2588 1089 2632; x_wconf 89' lang='lat' dir='ltr'>seorsum</span> <span class='ocrx_word' id='word_1_231' title='bbox 1104 2589 1155 2647; x_wconf 94' lang='lat' dir='ltr'>per</span> 
     </span>
     <span class='ocr_line' id='line_1_28' title="bbox 105 2657 1154 2734; baseline -0.003 -16"><span class='ocrx_word' id='word_1_232' title='bbox 105 2675 136 2718; x_wconf 89' lang='lat' dir='ltr'>se</span> <span class='ocrx_word' id='word_1_233' title='bbox 150 2660 213 2718; x_wconf 91' lang='lat' dir='ltr'>sola</span> <span class='ocrx_word' id='word_1_234' title='bbox 228 2658 394 2734; x_wconf 89' lang='lat' dir='ltr'>accipienda</span> <span class='ocrx_word' id='word_1_235' title='bbox 412 2663 464 2732; x_wconf 89' lang='lat' dir='ltr'>est,</span> <span class='ocrx_word' id='word_1_236' title='bbox 483 2659 532 2717; x_wconf 93' lang='lat' dir='ltr'>sed</span> <span class='ocrx_word' id='word_1_237' title='bbox 547 2662 631 2732; x_wconf 89' lang='lat' dir='ltr'>prout</span> <span class='ocrx_word' id='word_1_238' title='bbox 651 2657 796 2716; x_wconf 90' lang='lat' dir='ltr'>communi</span> <span class='ocrx_word' id='word_1_239' title='bbox 812 2663 931 2716; x_wconf 86' lang='lat' dir='ltr'>naturae</span> <span class='ocrx_word' id='word_1_240' title='bbox 950 2657 1047 2716; x_wconf 88' lang='lat' dir='ltr'>sensui</span> <span class='ocrx_word' id='word_1_241' title='bbox 1062 2657 1154 2731; x_wconf 86' lang='lat' dir='ltr'>iungi·</span> 
     </span>
     <span class='ocr_line' id='line_1_29' title="bbox 106 2741 1151 2816; baseline 0 -17"><span class='ocrx_word' id='word_1_242' title='bbox 106 2747 159 2816; x_wconf 91' lang='lat' dir='ltr'>tur,</span> <span class='ocrx_word' id='word_1_243' title='bbox 176 2743 235 2815; x_wconf 92' lang='lat' dir='ltr'>cui,</span> <span class='ocrx_word' id='word_1_244' title='bbox 250 2747 283 2801; x_wconf 92' lang='lat' dir='ltr'>ut</span> <span class='ocrx_word' id='word_1_245' title='bbox 297 2743 328 2801; x_wconf 91' lang='lat' dir='ltr'>in</span> <span class='ocrx_word' id='word_1_246' title='bbox 342 2743 434 2815; x_wconf 91' lang='lat' dir='ltr'>logica</span> <span class='ocrx_word' id='word_1_247' title='bbox 448 2741 585 2814; x_wconf 85' lang='lat' dir='ltr'>diximus,</span> <span class='ocrx_word' id='word_1_248' title='bbox 600 2741 705 2799; x_wconf 88' lang='lat' dir='ltr'>lalsum</span> <span class='ocrx_word' id='word_1_249' title='bbox 721 2741 881 2800; x_wconf 90' lang='lat' dir='ltr'>subiectum</span> <span class='ocrx_word' id='word_1_250' title='bbox 895 2757 958 2800; x_wconf 88' lang='lat' dir='ltr'>esse</span> <span class='ocrx_word' id='word_1_251' title='bbox 977 2757 1035 2801; x_wconf 93' lang='lat' dir='ltr'>non</span> <span class='ocrx_word' id='word_1_252' title='bbox 1049 2747 1151 2816; x_wconf 89' lang='lat' dir='ltr'>potest.</span> 
     </span>
     <span class='ocr_line' id='line_1_30' title="bbox 105 2824 1152 2900; baseline -0.002 -16"><span class='ocrx_word' id='word_1_253' title='bbox 105 2825 137 2884; x_wconf 80' lang='lat' dir='ltr'>lit</span> <span class='ocrx_word' id='word_1_254' title='bbox 148 2843 181 2886; x_wconf 90' lang='lat' dir='ltr'>re</span> <span class='ocrx_word' id='word_1_255' title='bbox 196 2827 314 2900; x_wconf 90' lang='lat' dir='ltr'>quidem</span> <span class='ocrx_word' id='word_1_256' title='bbox 329 2842 398 2885; x_wconf 87' lang='lat' dir='ltr'>vera</span> <span class='ocrx_word' id='word_1_257' title='bbox 411 2827 500 2884; x_wconf 87' lang='lat' dir='ltr'>istaec</span> <span class='ocrx_word' id='word_1_258' title='bbox 515 2825 664 2896; x_wconf 87' lang='lat' dir='ltr'>invariata,</span> <span class='ocrx_word' id='word_1_259' title='bbox 680 2824 842 2895; x_wconf 79' lang='lat' dir='ltr'>uniformis,</span> <span class='ocrx_word' id='word_1_260' title='bbox 855 2831 987 2882; x_wconf 86' lang='lat' dir='ltr'>constans</span> <span class='ocrx_word' id='word_1_261' title='bbox 1001 2830 1029 2883; x_wconf 88' lang='lat' dir='ltr'>et</span> <span class='ocrx_word' id='word_1_262' title='bbox 1038 2825 1152 2882; x_wconf 89' lang='lat' dir='ltr'>univer-</span> 
     </span>
     <span class='ocr_line' id='line_1_31' title="bbox 104 2903 1152 2984; baseline -0.004 -16"><span class='ocrx_word' id='word_1_263' title='bbox 104 2911 171 2970; x_wconf 87' lang='lat' dir='ltr'>salis</span> <span class='ocrx_word' id='word_1_264' title='bbox 186 2910 374 2984; x_wconf 83' lang='lat' dir='ltr'>experientia,</span> <span class='ocrx_word' id='word_1_265' title='bbox 391 2923 449 2980; x_wconf 93' lang='lat' dir='ltr'>qua</span> <span class='ocrx_word' id='word_1_266' title='bbox 462 2908 664 2965; x_wconf 83' lang='lat' dir='ltr'>determinatos</span> <span class='ocrx_word' id='word_1_267' title='bbox 679 2903 809 2976; x_wconf 79' lang='lat' dir='ltr'>effectus,</span> <span class='ocrx_word' id='word_1_268' title='bbox 825 2906 1020 2964; x_wconf 86' lang='lat' dir='ltr'>determinatis</span> <span class='ocrx_word' id='word_1_269' title='bbox 1035 2905 1152 2978; x_wconf 90' lang='lat' dir='ltr'>quibus-</span> 
     </span>
     <span class='ocr_line' id='line_1_32' title="bbox 103 2988 1151 3062; baseline -0.007 -10"><span class='ocrx_word' id='word_1_270' title='bbox 103 2996 169 3054; x_wconf 92' lang='lat' dir='ltr'>dam</span> <span class='ocrx_word' id='word_1_271' title='bbox 185 2993 323 3053; x_wconf 86' lang='lat' dir='ltr'>adhibitis</span> <span class='ocrx_word' id='word_1_272' title='bbox 341 2992 445 3061; x_wconf 89' lang='lat' dir='ltr'>causis,</span> <span class='ocrx_word' id='word_1_273' title='bbox 467 2991 548 3061; x_wconf 90' lang='lat' dir='ltr'>sequi</span> <span class='ocrx_word' id='word_1_274' title='bbox 566 2989 772 3061; x_wconf 85' lang='lat' dir='ltr'>conspicimus3</span> <span class='ocrx_word' id='word_1_275' title='bbox 790 2988 853 3046; x_wconf 88' lang='lat' dir='ltr'>talis</span> <span class='ocrx_word' id='word_1_276' title='bbox 872 2993 924 3062; x_wconf 90' lang='lat' dir='ltr'>est,</span> <span class='ocrx_word' id='word_1_277' title='bbox 944 2995 976 3046; x_wconf 93' lang='lat' dir='ltr'>ut</span> <span class='ocrx_word' id='word_1_278' title='bbox 994 2990 1151 3062; x_wconf 86' lang='lat' dir='ltr'>generatim</span> 
     </span>
     <span class='ocr_line' id='line_1_33' title="bbox 105 3069 1154 3147; baseline -0.007 -10"><span class='ocrx_word' id='word_1_279' title='bbox 105 3080 134 3137; x_wconf 91' lang='lat' dir='ltr'>in</span> <span class='ocrx_word' id='word_1_280' title='bbox 150 3091 263 3147; x_wconf 90' lang='lat' dir='ltr'>omnes,</span> <span class='ocrx_word' id='word_1_281' title='bbox 284 3075 335 3147; x_wconf 91' lang='lat' dir='ltr'>qui</span> <span class='ocrx_word' id='word_1_282' title='bbox 353 3071 581 3131; x_wconf 88' lang='lat' dir='ltr'>occasionalismi</span> <span class='ocrx_word' id='word_1_283' title='bbox 596 3069 780 3143; x_wconf 88' lang='lat' dir='ltr'>praeiudiciis</span> <span class='ocrx_word' id='word_1_284' title='bbox 798 3071 900 3128; x_wconf 86' lang='lat' dir='ltr'>imbuti</span> <span class='ocrx_word' id='word_1_285' title='bbox 915 3087 973 3132; x_wconf 91' lang='lat' dir='ltr'>uon</span> <span class='ocrx_word' id='word_1_286' title='bbox 988 3077 1064 3146; x_wconf 93' lang='lat' dir='ltr'>sunt,</span> <span class='ocrx_word' id='word_1_287' title='bbox 1081 3071 1154 3131; x_wconf 92' lang='lat' dir='ltr'>iudi-</span> 
     </span>
     <span class='ocr_line' id='line_1_34' title="bbox 105 3147 1170 3228; baseline -0.007 -8"><span class='ocrx_word' id='word_1_288' title='bbox 105 3163 185 3220; x_wconf 89' lang='lat' dir='ltr'>cium</span> <span class='ocrx_word' id='word_1_289' title='bbox 200 3159 316 3216; x_wconf 79' lang='lat' dir='ltr'>lirinum</span> <span class='ocrx_word' id='word_1_290' title='bbox 326 3156 445 3214; x_wconf 89' lang='lat' dir='ltr'>inducat</span> <span class='ocrx_word' id='word_1_291' title='bbox 459 3153 642 3213; x_wconf 79' lang='lat' dir='ltr'>existimandi</span> <span class='ocrx_word' id='word_1_292' title='bbox 657 3169 692 3212; x_wconf 88' lang='lat' dir='ltr'>ea</span> <span class='ocrx_word' id='word_1_293' title='bbox 700 3153 897 3228; x_wconf 88' lang='lat' dir='ltr'>phaenomena</span> <span class='ocrx_word' id='word_1_294' title='bbox 907 3171 944 3216; x_wconf 79' lang='lat' dir='ltr'>ex</span> <span class='ocrx_word' id='word_1_295' title='bbox 955 3156 1098 3216; x_wconf 69' lang='lat' dir='ltr'>aetimate</span> <span class='ocrx_word' id='word_1_296' title='bbox 1107 3156 1151 3214; x_wconf 91' lang='lat' dir='ltr'>in·</span> <span class='ocrx_word' id='word_1_297' title='bbox 1163 3147 1170 3154; x_wconf 79' lang='grc'><strong>’</strong></span> 
     </span>
     <span class='ocr_line' id='line_1_35' title="bbox 105 3239 775 3313; baseline -0.012 -8"><span class='ocrx_word' id='word_1_298' title='bbox 105 3252 189 3305; x_wconf 90' lang='lat' dir='ltr'>terna</span> <span class='ocrx_word' id='word_1_299' title='bbox 203 3242 319 3301; x_wconf 90' lang='lat' dir='ltr'>illarum</span> <span class='ocrx_word' id='word_1_300' title='bbox 333 3255 486 3299; x_wconf 89' lang='lat' dir='ltr'>causarum</span> <span class='ocrx_word' id='word_1_301' title='bbox 500 3253 600 3297; x_wconf 81' lang='lat' dir='ltr'>reuera</span> <span class='ocrx_word' id='word_1_302' title='bbox 613 3239 775 3313; x_wconf 90' lang='lat' dir='ltr'>procedere.</span> 
     </span>
    </p>

    <p class='ocr_par' dir='ltr' id='par_1_6' title="bbox 106 3323 1154 3652">
     <span class='ocr_line' id='line_1_36' title="bbox 140 3323 1153 3398; baseline -0.004 -10"><span class='ocrx_word' id='word_1_303' title='bbox 140 3328 265 3388; x_wconf 76' lang='lat' dir='ltr'>accedat</span> <span class='ocrx_word' id='word_1_304' title='bbox 283 3327 340 3384; x_wconf 88' lang='lat' dir='ltr'>huc</span> <span class='ocrx_word' id='word_1_305' title='bbox 358 3324 440 3398; x_wconf 89' lang='lat' dir='ltr'>ratio,</span> <span class='ocrx_word' id='word_1_306' title='bbox 463 3339 499 3384; x_wconf 83' lang='lat' dir='ltr'>er</span> <span class='ocrx_word' id='word_1_307' title='bbox 519 3323 661 3398; x_wconf 90' lang='lat' dir='ltr'>sapientia</span> <span class='ocrx_word' id='word_1_308' title='bbox 673 3323 724 3383; x_wconf 88' lang='lat' dir='ltr'>Ilei</span> <span class='ocrx_word' id='word_1_309' title='bbox 741 3323 893 3384; x_wconf 89' lang='lat' dir='ltr'>conditoris</span> <span class='ocrx_word' id='word_1_310' title='bbox 912 3329 941 3384; x_wconf 87' lang='lat' dir='ltr'>et</span> <span class='ocrx_word' id='word_1_311' title='bbox 954 3325 1153 3398; x_wconf 83' lang='lat' dir='ltr'>gubernatoris</span> 
     </span>
     <span class='ocr_line' id='line_1_37' title="bbox 106 3408 1149 3488; baseline -0.006 -16"><span class='ocrx_word' id='word_1_312' title='bbox 106 3414 284 3488; x_wconf 88' lang='lat' dir='ltr'>deprompta.</span> <span class='ocrx_word' id='word_1_313' title='bbox 301 3408 372 3470; x_wconf 90' lang='lat' dir='ltr'>Nam</span> <span class='ocrx_word' id='word_1_314' title='bbox 386 3423 453 3467; x_wconf 92' lang='lat' dir='ltr'>cum</span> <span class='ocrx_word' id='word_1_315' title='bbox 467 3424 585 3484; x_wconf 89' lang='lat' dir='ltr'>corpora</span> <span class='ocrx_word' id='word_1_316' title='bbox 599 3415 760 3482; x_wconf 88' lang='lat' dir='ltr'>spectemus</span> <span class='ocrx_word' id='word_1_317' title='bbox 769 3409 873 3484; x_wconf 91' lang='lat' dir='ltr'>iugiter</span> <span class='ocrx_word' id='word_1_318' title='bbox 887 3413 1104 3482; x_wconf 90' lang='lat' dir='ltr'>constanterque</span> <span class='ocrx_word' id='word_1_319' title='bbox 1113 3409 1149 3467; x_wconf 90' lang='lat' dir='ltr'>ad</span> 
     </span>
     <span class='ocr_line' id='line_1_38' title="bbox 107 3492 1154 3568; baseline -0.004 -13"><span class='ocrx_word' id='word_1_320' title='bbox 107 3497 310 3557; x_wconf 88' lang='lat' dir='ltr'>determinatos</span> <span class='ocrx_word' id='word_1_321' title='bbox 330 3495 454 3555; x_wconf 91' lang='lat' dir='ltr'>edendos</span> <span class='ocrx_word' id='word_1_322' title='bbox 475 3494 593 3554; x_wconf 81' lang='lat' dir='ltr'>enectus</span> <span class='ocrx_word' id='word_1_323' title='bbox 614 3493 753 3568; x_wconf 89' lang='lat' dir='ltr'>adbiberi,</span> <span class='ocrx_word' id='word_1_324' title='bbox 774 3499 850 3554; x_wconf 89' lang='lat' dir='ltr'>recte</span> <span class='ocrx_word' id='word_1_325' title='bbox 869 3494 970 3553; x_wconf 84' lang='lat' dir='ltr'>inferri</span> <span class='ocrx_word' id='word_1_326' title='bbox 989 3492 1072 3552; x_wconf 90' lang='lat' dir='ltr'>debet</span> <span class='ocrx_word' id='word_1_327' title='bbox 1090 3493 1154 3567; x_wconf 89' lang='lat' dir='ltr'>ipsa</span> 
     </span>
     <span class='ocr_line' id='line_1_39' title="bbox 107 3577 1154 3652; baseline -0.002 -14"><span class='ocrx_word' id='word_1_328' title='bbox 107 3580 274 3638; x_wconf 91' lang='lat' dir='ltr'>eorumdem</span> <span class='ocrx_word' id='word_1_329' title='bbox 287 3593 370 3638; x_wconf 78' lang='lat' dir='ltr'>ueras</span> <span class='ocrx_word' id='word_1_330' title='bbox 384 3593 447 3637; x_wconf 91' lang='lat' dir='ltr'>esse</span> <span class='ocrx_word' id='word_1_331' title='bbox 467 3593 582 3652; x_wconf 75' lang='lat' dir='ltr'>causas,</span> <span class='ocrx_word' id='word_1_332' title='bbox 593 3578 712 3637; x_wconf 89' lang='lat' dir='ltr'>stultum</span> <span class='ocrx_word' id='word_1_333' title='bbox 723 3577 865 3652; x_wconf 89' lang='lat' dir='ltr'>siquidem</span> <span class='ocrx_word' id='word_1_334' title='bbox 878 3579 952 3638; x_wconf 87' lang='lat' dir='ltr'>toret</span> <span class='ocrx_word' id='word_1_335' title='bbox 967 3578 1154 3651; x_wconf 90' lang='lat' dir='ltr'>ineptumque</span> 
     </span>
    </p>
   </div>
   <div class='ocr_carea' id='block_1_4' title="bbox 107 3661 1152 3994">
    <p class='ocr_par' dir='ltr' id='par_1_7' title="bbox 107 3661 1152 3994">
     <span class='ocr_line' id='line_1_40' title="bbox 107 3661 1148 3738; baseline -0.002 -15"><span class='ocrx_word' id='word_1_336' title='bbox 107 3663 195 3723; x_wconf 88' lang='lat' dir='ltr'>rebus</span> <span class='ocrx_word' id='word_1_337' title='bbox 208 3664 250 3723; x_wconf 91' lang='lat' dir='ltr'>uti</span> <span class='ocrx_word' id='word_1_338' title='bbox 262 3664 294 3723; x_wconf 94' lang='lat' dir='ltr'>in</span> <span class='ocrx_word' id='word_1_339' title='bbox 307 3663 459 3738; x_wconf 88' lang='lat' dir='ltr'>operando,</span> <span class='ocrx_word' id='word_1_340' title='bbox 476 3679 550 3738; x_wconf 88' lang='lat' dir='ltr'>quae</span> <span class='ocrx_word' id='word_1_341' title='bbox 563 3677 663 3737; x_wconf 87' lang='lat' dir='ltr'>reapse</span> <span class='ocrx_word' id='word_1_342' title='bbox 678 3661 713 3720; x_wconf 88' lang='lat' dir='ltr'>ad</span> <span class='ocrx_word' id='word_1_343' title='bbox 724 3661 887 3736; x_wconf 93' lang='lat' dir='ltr'>ponendum</span> <span class='ocrx_word' id='word_1_344' title='bbox 903 3661 1036 3720; x_wconf 78' lang='lat' dir='ltr'>effectum</span> <span class='ocrx_word' id='word_1_345' title='bbox 1050 3661 1079 3721; x_wconf 83' lang='lat' dir='ltr'>vi</span> <span class='ocrx_word' id='word_1_346' title='bbox 1093 3677 1148 3721; x_wconf 87' lang='lat' dir='ltr'>sus</span> 
     </span>
     <span class='ocr_line' id='line_1_41' title="bbox 107 3749 1150 3830; baseline -0.002 -21"><span class='ocrx_word' id='word_1_347' title='bbox 107 3751 182 3830; x_wconf 81' lang='lat' dir='ltr'>nihil</span> <span class='ocrx_word' id='word_1_348' title='bbox 191 3754 349 3821; x_wconf 84' lang='lat' dir='ltr'>conterunt,</span> <span class='ocrx_word' id='word_1_349' title='bbox 360 3767 414 3811; x_wconf 92' lang='lat' dir='ltr'>nec</span> <span class='ocrx_word' id='word_1_350' title='bbox 424 3752 513 3812; x_wconf 89' lang='lat' dir='ltr'>ullam</span> <span class='ocrx_word' id='word_1_351' title='bbox 523 3751 665 3810; x_wconf 88' lang='lat' dir='ltr'>actionem</span> <span class='ocrx_word' id='word_1_352' title='bbox 673 3755 817 3809; x_wconf 85' lang='lat' dir='ltr'>exercent.</span> <span class='ocrx_word' id='word_1_353' title='bbox 828 3751 964 3808; x_wconf 71' lang='lat' dir='ltr'>audiatur</span> <span class='ocrx_word' id='word_1_354' title='bbox 974 3749 1001 3808; x_wconf 87' lang='lat' dir='ltr'>S.</span> <span class='ocrx_word' id='word_1_355' title='bbox 1014 3749 1150 3818; x_wconf 84' lang='lat' dir='ltr'>lhomas:</span> 
     </span>
     <span class='ocr_line' id='line_1_42' title="bbox 113 3833 1151 3910; baseline -0.002 -18"><span class='ocrx_word' id='word_1_356' title='bbox 113 3857 124 3884; x_wconf 84' lang='lat'>«</span> <span class='ocrx_word' id='word_1_357' title='bbox 142 3833 242 3895; x_wconf 79' lang='lat' dir='ltr'>Gontm</span> <span class='ocrx_word' id='word_1_358' title='bbox 255 3838 395 3897; x_wconf 88' lang='lat' dir='ltr'>rationem</span> <span class='ocrx_word' id='word_1_359' title='bbox 409 3837 567 3910; x_wconf 91' lang='lat' dir='ltr'>sapientiae</span> <span class='ocrx_word' id='word_1_360' title='bbox 580 3841 624 3894; x_wconf 90' lang='lat' dir='ltr'>est</span> <span class='ocrx_word' id='word_1_361' title='bbox 637 3840 669 3894; x_wconf 88' lang='lat' dir='ltr'>ut</span> <span class='ocrx_word' id='word_1_362' title='bbox 682 3835 720 3894; x_wconf 88' lang='lat' dir='ltr'>sit</span> <span class='ocrx_word' id='word_1_363' title='bbox 733 3833 841 3907; x_wconf 90' lang='lat' dir='ltr'>aliquid</span> <span class='ocrx_word' id='word_1_364' title='bbox 850 3834 956 3892; x_wconf 81' lang='lat' dir='ltr'>frustra</span> <span class='ocrx_word' id='word_1_365' title='bbox 969 3834 1000 3892; x_wconf 93' lang='lat' dir='ltr'>in</span> <span class='ocrx_word' id='word_1_366' title='bbox 1015 3833 1151 3907; x_wconf 91' lang='lat' dir='ltr'>operibus</span> 
     </span>
     <span class='ocr_line' id='line_1_43' title="bbox 111 3917 1152 3994; baseline -0.004 -16"><span class='ocrx_word' id='word_1_367' title='bbox 111 3940 124 3968; x_wconf 83' lang='lat'>«</span> <span class='ocrx_word' id='word_1_368' title='bbox 141 3918 285 3994; x_wconf 85' lang='lat' dir='ltr'>sapientis.</span> <span class='ocrx_word' id='word_1_369' title='bbox 302 3921 331 3983; x_wconf 86' lang='lat' dir='ltr'>si</span> <span class='ocrx_word' id='word_1_370' title='bbox 345 3925 442 3982; x_wconf 89' lang='lat' dir='ltr'>autem</span> <span class='ocrx_word' id='word_1_371' title='bbox 456 3935 503 3987; x_wconf 78' lang='lat' dir='ltr'>res</span> <span class='ocrx_word' id='word_1_372' title='bbox 516 3924 628 3982; x_wconf 84' lang='lat' dir='ltr'>creatae</span> <span class='ocrx_word' id='word_1_373' title='bbox 637 3919 716 3980; x_wconf 90' lang='lat' dir='ltr'>nullo</span> <span class='ocrx_word' id='word_1_374' title='bbox 727 3917 811 3988; x_wconf 87' lang='lat' dir='ltr'>modo</span> <span class='ocrx_word' id='word_1_375' title='bbox 821 3921 974 3993; x_wconf 86' lang='lat' dir='ltr'>operantur</span> <span class='ocrx_word' id='word_1_376' title='bbox 985 3917 1023 3978; x_wconf 88' lang='lat' dir='ltr'>ad</span> <span class='ocrx_word' id='word_1_377' title='bbox 1033 3917 1152 3980; x_wconf 87' lang='lat' dir='ltr'>ellectus</span> 
     </span>
    </p>
   </div>
   <div class='ocr_carea' id='block_1_5' title="bbox 0 0 1388 4492">
    <p class='ocr_par' dir='ltr' id='par_1_8' title="bbox 0 0 1388 4492">
     <span class='ocr_line' id='line_1_44' title="bbox 0 0 1388 4492; baseline 0 3"><span class='ocrx_word' id='word_1_378' title='bbox 0 0 1388 4492; x_wconf 95' lang='lat' dir='ltr'> </span> 
     </span>
    </p>
   </div>
  </div>
 </body>
</html>
