2767 4492
554 291 633 351 ruere
651 294 794 352 struma
1145 283 1195 351 lli

151 382 252 466 primis
262 381 318 450 boo
332 391 506 464 canapetere;
520 388 570 460 oni
582 393 613 448 ul
623 389 748 462 primum
765 389 948 464 principium,
964 390 1007 451 sie
1023 388 1194 450 est-ultimus

151 476 218 537 finis
236 491 333 534 rerum
353 475 500 546 omnium,
520 487 592 547 quac
618 473 734 546 proinde
748 474 784 531 ad
799 473 860 532 elus
878 475 1070 535 laudationem
1090 480 1119 534 el
1136 475 1194 548 glo-

150 560 224 620 riam
243 561 270 620 vl
288 566 406 620 natiuae
422 562 560 618 nituntur.
583 559 716 616 creatura
740 558 827 630 igilur
841 561 996 634 rationalis,
1014 562 1038 620 si
1054 559 1194 636 operatio·

151 661 212 718 nes,
228 662 298 720 quas
313 645 477 706 exhibitura
490 649 542 715 est,
557 643 648 702 ordini
661 643 877 703 accommodare
886 645 969 718 velit;
983 646 1071 706 mum
1082 662 1132 719 pro
1143 652 1195 706 ter·

151 731 229 788 mino
245 736 372 803 spectare
383 728 476 800 debet,
488 733 573 801 atque
589 727 652 786 ideo
666 727 779 786 diversa
795 727 888 800 orroed
898 727 1074 788 illumhabet
1088 730 1192 804 officia,

151 829 224 889 quae
238 813 268 873 in
284 814 415 888 sequenti
430 813 522 886 capite
538 811 757 872 declarabimus.
777 811 884 870 Deinde
903 812 975 872 altor
992 813 1191 886 adspectabilia

150 899 250 958 mundi
265 898 330 958 linis
346 899 450 972 inipso
465 895 734 969 hominecernitur3
750 897 787 954 ad
797 896 859 956 eius
875 896 954 956 enim
972 896 1121 956 utilitatem
1138 913 1194 971 res,

151 999 224 1058 quae
235 983 374 1042 mundum
384 988 533 1055 exornant,
544 981 766 1042 conditaealleo
776 980 1051 1054 suntbomoigllur,
1061 981 1141 1038 iuxta
1151 996 1195 1040 or·

150 1069 246 1128 dinem
257 1085 274 1128 a
284 1083 396 1128 summo
407 1067 513 1141 Opitice
528 1067 721 1139 constitutum,
735 1066 859 1128 scellam
868 1067 1009 1140 inspicere
1026 1065 1109 1124 debet
1125 1071 1194 1124 tam-

149 1169 236 1227 qnam
254 1153 407 1213 terminum
432 1152 588 1226 operationi
607 1152 796 1226 propositum
819 1167 873 1210 nec
888 1168 919 1211 se
937 1152 968 1210 in
985 1152 1111 1210 medium
1129 1166 1195 1211 con·

149 1244 269 1308 vertero,
291 1237 341 1296 sed
361 1236 492 1310 propriae
512 1251 648 1309 personae
668 1236 836 1309 dignitatem
852 1235 956 1309 iugiter
972 1236 1097 1296 revereri
1118 1241 1193 1294 teue-

151 1327 205 1392 tur,
222 1327 253 1378 ul
262 1321 411 1380 intentioni
420 1320 534 1380 divinae
544 1321 666 1380 obediat.
679 1321 771 1390 Quare
783 1321 885 1380 officiis
894 1320 980 1379 obem
990 1336 1059 1393 erge
1069 1320 1195 1394 seipsum

149 1405 300 1477 obligatur.
317 1405 444 1479 Denique
460 1421 526 1466 cum
540 1405 615 1464 bane
631 1407 800 1480 dignitatem
817 1422 874 1465 non
885 1406 916 1464 in
931 1404 1014 1464 uobis
1028 1404 1191 1477 dumtaxat,

149 1489 245 1546 sedin
263 1488 326 1548 eliis
345 1489 431 1547 eliam
457 1489 620 1550 bominibus
638 1490 867 1564 conspiciamus,
884 1489 1055 1563 quibuscum
1074 1493 1194 1546 naturae

150 1573 316 1646 cognatione
337 1574 500 1647 iungimur3
523 1575 591 1632 ordo
613 1574 693 1634 iubet
707 1581 739 1633 ut
756 1574 887 1633 eamdem
900 1573 1041 1632 rationem
1058 1572 1124 1630 tinio
1137 1571 1195 1630 illio

95 1686 97 1690 ν
150 1657 236 1716 eliam
252 1657 420 1718 tribuamus.
438 1658 508 1718 ilino
519 1675 610 1722 novus
621 1659 749 1734 exsurgit
765 1658 903 1719 terminus
917 1657 1130 1732 operationibus
1143 1671 1193 1714 uo

152 1741 423 1816 strlspraeattmtus;
434 1750 509 1802 elon
522 1743 636 1805 tertium
645 1744 804 1806 ciliciorum
813 1757 912 1817 genus,
925 1743 960 1801 de
970 1742 1074 1816 quibus
1084 1757 1136 1800 suo
1151 1740 1192 1798 lo·

149 1841 182 1886 co
197 1827 300 1891 dicturi
318 1842 426 1888 eamus.
443 1826 586 1902 completa
609 1828 696 1902 igilur
712 1828 841 1902 partitio,
862 1826 1008 1887 sturmini
1027 1824 1190 1885 diversitate

147 1911 306 1986 desumpta,
322 1912 426 1986 triplex
443 1912 605 1976 officiorum
622 1929 713 1987 genus
727 1913 811 1972 nobis
830 1912 1001 1986 stippentur,
1022 1910 1127 1984 quibus
1145 1913 1195 1968 ant

150 2011 217 2070 erge
237 1997 335 2070 Deam,
355 2003 405 2056 ant
418 2012 490 2070 orgo
508 1998 708 2071 nosmetipsos,
732 2002 781 2056 aul
802 2013 872 2071 erga
897 1997 968 2057 alios
988 1995 1120 2055 homines
1144 1995 1193 2052 de·

148 2097 301 2141 vincimur.

183 2161 223 2224 73*
244 2165 333 2238 litque
345 2165 415 2226 baec
432 2170 530 2228 contra
544 2165 653 2226 dbrens
667 2172 696 2225 et
711 2164 845 2225 Damtron
861 2166 994 2248 militant,
1017 2180 1138 2241 quonum
1155 2161 1193 2224 al·

148 2248 288 2308 terbrntls
302 2248 389 2310 eliam
403 2249 467 2308 iuru
481 2249 812 2325 targitn1·,nosqueerga
826 2251 876 2310 illa
885 2252 986 2312 otliciis
998 2251 1147 2325 adstringit
1161 2253 1191 2323 ⁴3

68 2372 72 2378 -
150 2334 220 2391 alter
237 2332 400 2392 universam
425 2341 556 2396 naturam
574 2335 624 2394 [lei
640 2336 739 2408 liliam,
761 2351 942 2410 sororemque
958 2337 1082 2396 bominis
1104 2344 1132 2394 et
1147 2353 1191 2395 so-

148 2418 222 2476 ciam
239 2419 378 2492 appellat;
397 2426 481 2492 atone
501 2419 564 2480 ideo
583 2427 683 2480 mutua
700 2421 763 2480 iura
782 2428 811 2481 at
825 2422 920 2482 otttcia
939 2423 1014 2480 iuter
1027 2437 1080 2480 nos
1096 2437 1130 2479 ac
1146 2436 1192 2480 res

147 2517 246 2562 omnes
261 2503 370 2564 ratione
380 2504 528 2564 destitutas
544 2505 722 2567 intercedere
738 2512 867 2565 autumet
881 2507 907 2562 l.

182 2589 215 2648 llt
229 2589 359 2664 qrramvis
375 2590 563 2662 praedicande
578 2591 614 2650 sil
632 2591 740 2650 eximia
756 2591 841 2650 liuius
856 2590 908 2648 viri
923 2586 1130 2660 benevolente,
1143 2588 1192 2662 qnl

147 2688 243 2735 amore
259 2691 327 2748 erga
347 2683 456 2734 ceteros
477 2673 609 2736 homines
633 2692 689 2735 non
712 2683 871 2746 contentus,
895 2673 982 2731 boves
1002 2674 1089 2730 etiam
1106 2679 1192 2746 atque

146 2760 262 2822 arbores
283 2773 414 2818 sororum
433 2761 494 2818 loco
511 2761 638 2834 recipere
656 2777 689 2818 ac
706 2760 832 2818 fraterna
845 2757 983 2816 charitate
997 2757 1130 2830 amplecti
1147 2757 1193 2815 rte·

148 2837 265 2914 sitieram
288 2849 391 2914 tamen,
414 2843 449 2902 ad
473 2844 620 2904 veritatem
637 2845 710 2916 quod
728 2845 837 2913 attinet,
856 2842 918 2900 eius
932 2843 1028 2914 opinio
1043 2856 1146 2914 magno
1162 2841 1192 2899 in

147 2941 242 2986 errore
258 2933 394 2984 versetur.
412 2925 523 2986 illerum
533 2929 620 2986 rebus
630 2927 818 2999 intelligentia
832 2932 859 2984 et
872 2925 1014 2984 vuluntate
1029 2926 1192 2985 carentibus

147 3009 324 3082 dignitatem,
341 3023 414 3084 quae
431 3010 649 3084 intelligentiam
663 3018 693 3068 ot
709 3011 884 3070 voluntalem
900 3011 1044 3084 subaudit,
1066 3011 1193 3085 imparti-

147 3098 202 3151 tur.
221 3091 252 3151 El
268 3109 336 3152 sanc
356 3109 458 3152 nornen
476 3093 535 3168 filil
550 3095 580 3154 ln
598 3094 713 3168 propria
727 3095 934 3167 significatione
950 3112 1006 3156 non
1022 3097 1139 3155 cuilibet
1153 3095 1192 3155 el·

147 3177 233 3236 teclni
248 3186 377 3250 respectu
392 3194 495 3238 consae
506 3181 651 3254 competit,
663 3181 713 3238 sed
728 3181 878 3238 dumtaxat
894 3183 999 3240 viventi
1015 3181 1090 3254 orrod
1108 3195 1192 3252 geno·

147 3271 225 3324 retur
239 3263 267 3323 in
284 3265 410 3326 eiusdem
426 3273 544 3326 naturae
559 3265 785 3325 similitudinem.
804 3267 895 3335 Quare
912 3268 941 3325 in
956 3281 1054 3326 serora
1070 3265 1192 3324 vocabu·

192 3403 203 3458 l
225 3409 299 3460 Coum
314 3407 342 3458 de
358 3408 421 3462 droit
437 3417 485 3462 aot.
505 3409 521 3458 2
536 3430 559 3477 p.
583 3429 659 3478 spec,
678 3413 689 3460 l
711 3411 774 3460 divis.
791 3446 798 3476 ‚
814 3429 832 3460 e.
857 3412 880 3460 2.
899 3411 943 3462 Hac
960 3412 983 3462 tn
1000 3429 1042 3477 ra,
1060 3417 1085 3459 ut
1100 3410 1124 3458 in
1144 3409 1193 3458 aliia

145 3501 209 3550 saepo
226 3487 313 3551 miultis,
332 3487 415 3534 threna
432 3493 444 3535 i
461 3487 632 3536 contradictione
650 3490 746 3536 excusari
763 3505 808 3536 nou
825 3497 903 3552 potest.
922 3489 978 3537 loco
994 3489 1053 3556 enim
1068 3488 1134 3534 citato
1151 3487 1193 3532 do·

146 3572 179 3609 ert
195 3563 265 3611 brutia
281 3564 329 3610 iura
345 3570 475 3627 competere,
493 3577 542 3612 cum
559 3565 623 3629 poulo
640 3572 690 3612 ento
707 3567 730 3611 in
748 3573 809 3628 porto
825 3565 920 3627 generali
937 3566 1007 3629 capito
1024 3563 1087 3610 tertio
1104 3561 1191 3608 statuis·

146 3645 178 3684 sat
194 3639 304 3686 bominem
322 3641 432 3686 demtum
448 3640 569 3688 subiectum
585 3643 639 3688 turia
656 3657 711 3703 csse,
724 3655 773 3688 cum
790 3641 824 3687 lua
841 3640 929 3687 nonnisi
941 3639 969 3685 ad
980 3655 1019 3686 ene
1033 3638 1124 3701 morule,
1135 3635 1192 3700 quod

146 3716 230 3763 ratione
250 3715 354 3780 truatur,
371 3717 447 3764 reterri
468 3719 544 3780 poenit.
563 3717 661 3765 Probata
677 3717 695 3763 si
713 3716 765 3764 banc
782 3718 829 3784 eiua
844 3718 910 3762 etiam
930 3716 1034 3778 opinione
1052 3730 1103 3760 vere
1123 3719 1191 3778 snnt3
1281 3757 1286 3768 ,

148 3804 190 3854 quc
207 3799 268 3851 paeto
285 3793 357 3856 bruta,
375 3810 430 3857 quae
445 3799 502 3841 certo
515 3794 639 3855 rationeet
654 3794 776 3841 moralitate
791 3798 874 3858 carent,
892 3791 976 3840 iuribus
991 3790 1115 3840 ornantur?

194 3865 258 3916 ab·
274 3871 298 3918 la
311 3873 401 3924 moeste
416 3877 433 3922 t.
452 3871 475 3938 t,
492 3869 527 3920 ab.
545 3870 570 3920 Ι.
