2767 4492
216 344 271 408 178
546 351 938 406 1111111111111111111111

115 454 118 460 ·
218 442 297 504 enim
311 441 433 504 transitu
447 454 556 502 111111
572 444 645 501 statu
664 439 702 498 ad
717 437 806 499 alium
821 437 1011 511 constituitur,
1027 437 1079 512 qui
1098 441 1175 498 certo
1188 440 1260 516 cogi·

219 529 273 588 tari
289 528 390 602 nequit
404 528 435 586 in
450 532 524 600 ente,
541 526 571 588 in
588 541 645 600 quo
659 525 823 600 permansio
835 537 949 598 semper
963 527 1107 598 constans,
1124 525 1261 586 eiusdem·

218 628 275 687 que
294 611 433 674 1111111111
450 610 579 671 infinitae
597 609 739 683 possessio
754 623 821 670 cum
835 605 949 668 summa
958 607 1145 682 ,applicitae
1158 612 1261 686 reperi·

219 703 274 757 tur.
296 697 367 770 Ergo
385 696 460 756 lleus
477 695 577 769 quavis
591 693 788 754 vicissitudine
807 695 1004 755 incomitatam
1018 693 1201 756 existentiam
1214 697 1261 756 hu-

218 781 280 855 het,
306 787 390 855 atque
411 780 517 841 idcirco
535 780 625 838 vitam
644 779 779 854 possidet,
800 794 873 853 quae
894 777 979 854 plene
999 784 1057 838 tota
1076 779 1114 838 sit
1131 780 1217 840 simul
1235 787 1262 841 et

219 867 313 926 omnis
328 865 493 924 mutationis
507 879 620 938 expers.
638 864 721 938 Atqui
736 864 766 922 id
785 864 961 923 aeternitatis
975 863 1120 922 notionem
1135 865 1259 938 praebet.

217 949 292 1010 Deus
307 950 392 1023 igitur
406 949 572 1008 aeternitate
586 948 700 1021 fruitur,
713 947 802 1008 immo
816 948 880 1022 ipsa
889 953 918 1008 et
928 946 973 1007 sui
990 948 1154 1022 aeternitas
1166 949 1261 1010 inlleo

220 1035 363 1109 siquidem
377 1033 532 1092 existentia
546 1049 563 1092 a
577 1033 727 1094 duratione
742 1049 802 1093 non
815 1033 919 1092 differt.

193 1153 196 1162 ,
253 1119 325 1177 Hinc
339 1118 467 1192 sequitur
479 1122 610 1192 respectu
623 1117 673 1177 Ilei
687 1117 762 1176 nihil
774 1133 875 1177 reuera
890 1122 1065 1176 transactum
1082 1132 1145 1176 esse
1159 1117 1206 1176 uel
1221 1118 1261 1176 iu·

219 1208 323 1276 1111111
339 1203 389 1262 sed
403 1204 500 1263 omnia
513 1203 600 1262 unico
613 1202 757 1276 praesenti
771 1202 889 1262 instanti
905 1201 1119 1277 simplicissimo
1127 1206 1158 1260 et
1169 1202 1261 1261 inlini·

219 1293 248 1347 to
262 1287 410 1346 contineri.
427 1287 518 1356 Quare
535 1286 676 1361 sapienter
694 1286 836 1345 Boethius:
856 1285 1014 1360 «Quidquid
1028 1285 1099 1345 vivit
1111 1286 1143 1344 in
1160 1290 1262 1361 tempo

222 1395 234 1424 1
255 1388 301 1445 11,
318 1372 347 1430 id
362 1387 498 1446 praesens
512 1387 530 1430 a
544 1371 705 1445 praeteritis
718 1372 749 1429 in
763 1371 861 1430 lutura
874 1370 1017 1444 procedit,
1034 1369 1164 1444 nihilque
1178 1376 1222 1429 est
1233 1372 1263 1430 in

158 1493 160 1496 -
222 1461 380 1530 «tempore
404 1457 589 1516 constitutum
613 1455 689 1529 qnod
713 1461 805 1514 totum
827 1454 904 1513 ultae
927 1469 996 1513 suae
1020 1454 1145 1528 spatium
1158 1454 1264 1528 paritor

223 1562 234 1592 a
255 1541 343 1614 possit
362 1539 503 1614 amplecti.
527 1540 581 1598 Sed
594 1539 758 1615 ⁴crastinum
779 1539 895 1614 quidam
913 1538 1042 1597 nondum
1056 1538 1261 1612 apprehendit,

223 1647 234 1676 1
254 1623 419 1682 hesternum
436 1639 502 1682 vero
516 1623 575 1683 ianr
587 1623 719 1697 perdidit.
736 1624 767 1681 ln
780 1622 919 1681 hodierna
933 1637 1045 1696 quoque
1061 1623 1120 1680 uita
1132 1636 1193 1681 non
1207 1637 1263 1681 am·

223 1731 234 1760 1
256 1708 331 1782 plius
345 1709 433 1781 vivit,
451 1723 538 1782 quam
551 1707 582 1766 in
596 1707 646 1766 illo
659 1707 759 1766 mobili
776 1707 994 1780 transitorioque
1011 1713 1166 1767 momento.
1188 1706 1265 1774 Quod

224 1816 235 1845 ι
256 1793 342 1866 igitur
358 1793 492 1864 temporis
506 1793 613 1867 patitur
627 1792 828 1864 conditionem,
845 1792 911 1850 licet
924 1791 995 1850 illud
1010 1791 1095 1865 (deut
1107 1791 1144 1850 de
1157 1791 1264 1850 mundo

225 1900 235 1928 o
257 1877 367 1935 censuit
379 1876 549 1948 Aristoteles)
564 1891 618 1934 nec
632 1876 757 1950 coeperit
768 1891 897 1951 unquam
912 1891 974 1934 esse
987 1890 1041 1934 nec
1056 1874 1180 1949 desinat,
1196 1875 1265 1934 vita·

225 1985 235 2014 1
256 1978 312 2035 que
327 1961 388 2020 1111
403 1973 474 2019 cum·
485 1961 619 2034 temporis
632 1959 773 2019 infinitate
789 1959 939 2032 tendatur;
957 1958 1084 2018 nondum
1099 1964 1195 2018 tamen
1209 1958 1265 2018 tole

225 2069 236 2095 «
258 2050 309 2117 est,
323 2050 355 2103 ut
369 2049 516 2104 aeternum
531 2059 594 2102 esse
609 2044 671 2102 iore
686 2044 827 2102 credatur.
844 2044 902 2102 Non
918 2043 996 2101 enim
1011 2047 1100 2102 toturn
1114 2043 1209 2115 simul,
1221 2044 1267 2102 in·

225 2151 236 2180 s
258 2127 355 2188 finitae
376 2127 556 2200 1111111111,
573 2127 697 2201 spatium
715 2125 929 2200 comprehendit
947 2131 1032 2201 atque
1053 2125 1263 2201 complentium

159 2221 160 2226 ’
225 2235 236 2262 s
257 2212 307 2270 sed
323 2212 418 2270 lutura
431 2212 568 2284 nondum,
580 2216 723 2270 transacta
737 2211 797 2270 iam
812 2226 869 2270 non
883 2209 978 2268 hahet.
996 2210 1074 2278 Quod
1085 2211 1266 2285 1311111111-

224 2293 403 2354 «minahilis
426 2295 502 2353 vitoe
525 2294 734 2367 plenitudinem
760 2299 847 2353 totam
869 2293 975 2368 pariter
998 2294 1216 2368 comprehendit
1233 2311 1267 2354 ac

225 2402 235 2430 o
256 2378 396 2452 possidet,
413 2378 460 2437 cui
474 2393 528 2436 nec
542 2379 631 2438 futuri
645 2378 802 2452 quidquam
816 2378 891 2436 absit
905 2393 959 2438 nec
972 2379 1121 2453 praeteriti
1133 2379 1265 2451 fluxerit,

226 2487 236 2514 u
257 2463 287 2521 id
301 2470 448 2522 aeternum
463 2479 525 2522 1111
540 2464 603 2522 1111
616 2463 791 2537 perhibetur.
806 2463 894 2537 quue
908 2479 1025 2523 necesse
1039 2469 1082 2523 est
1095 2469 1125 2522 et
1134 2464 1181 2523 sui
1192 2479 1268 2524 oom-

225 2573 236 2598 o
256 2564 308 2624 pos
322 2547 526 2623 praesenssihi
541 2563 654 2622 semper
668 2547 818 2621 assistere,
834 2552 864 2606 et
880 2547 1053 2608 intinitatem
1067 2548 1182 2609 mohilis
1198 2554 1268 2608 tem·

226 2656 236 2684 1
257 2633 334 2706 poris
348 2633 453 2692 hahere
470 2637 646 2706 praesentem
661 2634 686 2690 ⁴.
702 2654 713 2684 s
731 2631 809 2699 Quod
823 2640 966 2705 postremo
977 2632 1088 2692 dichrm
1097 2632 1270 2705 perindein

220 2717 403 2790 telligendum
417 2723 460 2777 est
475 2733 508 2775 ac
522 2718 596 2776 Deus
611 2715 794 2791 permanente
809 2733 861 2776 suo
876 2722 906 2776 et
919 2718 1032 2777 infinito
1046 2718 1165 2778 instanti
1185 2733 1268 2793 prae

223 2819 289 2862 sens
303 2803 339 2862 sit
352 2804 438 2862 nehus
452 2803 593 2877 omnihus,
606 2818 679 2876 quse
694 2803 776 2862 fluxu
791 2803 970 2862 saeculomm
985 2803 1131 2877 eveniunt,
1142 2803 1213 2877 quin
1227 2802 1272 2860 ul·

222 2887 280 2945 lum
294 2887 326 2946 in
339 2903 370 2946 11
385 2886 485 2946 subeat
499 2886 720 2947 successionem.
740 2887 831 2955 Quare
849 2894 981 2962 respectu
1001 2889 1135 2964 temporis
1149 2887 1272 2948 aeterni·

226 2977 267 3028 tos
281 2986 338 3028 non
352 2971 572 3045 incongruenter
587 2972 792 3031 assimilaretur
805 2971 924 3031 immoto
938 2977 1047 3047 centro,
1059 2973 1212 3050 quodcum
1226 2972 1272 3031 in·

224 3053 372 3113 dividuum
391 3055 427 3114 sit
445 3061 474 3113 et
492 3071 682 3130 permanens,
699 3057 728 3115 vi
747 3057 907 3131 lineorum,
925 3073 998 3132 quae
1017 3058 1085 3117 inde
1104 3059 1269 3130 ducuntur,

222 3138 336 3283 putnlcrtis
349 3139 482 3198 omnihus
496 3140 632 3215 sphaerae
645 3143 824 3217 respondeat,
833 3155 907 3217 quse
921 3143 998 3204 circa
1012 3143 1108 3218 ipsum
1122 3140 1273 3203 11111111-

223 3239 259 3284 va
308 3269 314 3284 .

269 3551 280 3600 l
299 3555 334 3602 lte
348 3563 409 3602 coss.
424 3551 487 3615 phil.
499 3551 517 3605 l.
532 3553 558 3618 l,
572 3552 676 3619 111111.
