2767 4492
529 430 608 479 roam
625 426 768 479 ananam
1095 410 1097 415 '
1115 410 1172 478 tm

128 516 249 593 poesim.
265 514 336 576 ltine
350 528 435 592 saepe
449 514 563 576 diversa
576 516 759 576 elllorescunt
773 514 923 591 consortia,
944 518 1014 593 puta
1032 516 1068 576 ad
1086 519 1171 590 artes,

125 602 306 675 industriam,
322 600 536 673 commercium,
553 599 671 675 litteras,
688 602 822 661 scientias
831 601 1012 677 pertinentia,
1025 616 1098 675 qnae
1109 600 1175 660 licet

125 686 270 746 inllnnum
292 684 418 761 aliquem
439 700 456 744 a
477 700 610 759 supremo
632 684 773 760 principio
796 684 910 759 politico
929 684 1071 759 recipiunt
1094 700 1131 744 ne
1155 700 1172 744 a

124 770 270 831 communi
289 768 431 830 societatis
451 784 537 843 scopo
552 770 701 843 deerrant;
723 774 819 828 tamen
837 768 950 829 interno
965 770 1042 841 line,
1059 769 1172 831 interna

124 854 162 929 ri,
179 855 292 915 interno
305 860 394 927 motu,
411 854 532 915 internis
542 854 652 927 legibus
664 853 782 928 epttlitui
797 868 854 914 non
868 852 982 913 debent.
1092 900 1097 911 .
1175 928 1179 936 ι

170 940 218 999 'Ex
232 956 266 1001 eo
280 946 395 1012 autem,
416 940 493 1014 quod
510 954 660 1013 processus
678 946 799 1011 naturae
813 939 954 1015 gradatim
965 940 1032 1014 ilat,
1049 940 1174 1003 edicitur

122 1031 155 1084 nt
171 1026 297 1085 familiae
307 1025 432 1099 primum
452 1024 628 1097 municipio,
649 1024 752 1083 deinde
773 1024 953 1099 provinciae,
974 1025 1089 1083 undem
1103 1024 1173 1086 inte·

122 1126 172 1185 gro
193 1111 288 1169 staret
312 1124 363 1167 seu
383 1108 511 1167 societati
539 1108 670 1181 politicae
696 1109 732 1167 ob
757 1110 814 1168 alla
833 1124 948 1184 prorsus
970 1109 1172 1183 independenti

122 1197 263 1255 clementa
284 1192 474 1268 suppeditent.
499 1193 590 1261 Quare
612 1192 738 1254 familiae
759 1195 800 1254 sic
820 1209 958 1268 magnum
974 1195 1059 1254 totins
1077 1195 1172 1269 reipn-
1228 1196 1250 1260 ’,
1305 1214 1308 1221 ’

120 1280 212 1339 lrticae
229 1294 331 1352 corpus
344 1283 537 1352 componunt,
560 1282 594 1336 nt
616 1285 700 1338 antea
727 1278 895 1339 arctioribus
914 1278 1087 1353 qmbusdam
1108 1282 1169 1340 uin·

121 1365 192 1423 culis
213 1378 305 1422 nexae
326 1368 355 1422 et
375 1362 538 1436 angustiore
553 1363 663 1424 ambita
680 1364 857 1437 explicatae,
883 1362 1008 1422 minores
1023 1363 1170 1423 societates

120 1447 269 1507 oliorment
283 1448 397 1522 proprio
410 1447 573 1520 organismo
588 1453 616 1507 et
637 1448 695 1506 tine
716 1448 923 1507 etelticacitate
942 1448 1094 1523 praeditas.
1114 1449 1171 1508 llas

119 1532 199 1592 vitali
224 1533 302 1591 omni
323 1538 351 1591 et
369 1533 525 1593 intrinseco
547 1532 672 1607 impulsu
696 1533 813 1592 viduare
836 1538 921 1606 atqne
941 1533 973 1591 in
991 1548 1084 1591 moras
1103 1548 1169 1592 con-

118 1622 229 1676 vertere
246 1618 411 1691 machinas,
433 1616 538 1692 qrribna
564 1633 582 1676 a
610 1618 752 1693 principio
771 1622 889 1677 externo
909 1617 1057 1676 dumtaxat
1075 1623 1170 1679 motus

119 1707 147 1761 et
164 1702 281 1762 directio
299 1702 505 1778 imprimatur,
534 1702 727 1776 improvidum
745 1708 789 1762 est
808 1708 836 1761 et
854 1702 1025 1762 ordinationi
1050 1706 1169 1779 naturae

117 1786 297 1847 dissentiens.
558 1784 562 1791 '

171 1872 242 1932 liinc
257 1870 425 1948 intelligitur
443 1872 513 1948 qrrid
524 1870 710 1933 iudicandum
721 1872 758 1933 alt
775 1872 810 1932 de
826 1870 1028 1949 intemperanti
1046 1870 1095 1934 illo
1105 1886 1168 1934 con·

119 1957 262 2031 troliano,
279 1964 311 2018 ut
325 1959 414 2032 munt,
431 1974 487 2033 quo
505 1958 655 2019 interiores
674 1959 824 2019 societates
843 1960 921 2019 omni
941 1965 1096 2033 spontaneo
1109 1974 1168 2019 mo·

118 2048 150 2101 tn
167 2044 317 2103 destitutae
337 2060 397 2104 non
425 2045 507 2103 aliter
525 2046 727 2119 concipiuntur
753 2060 841 2121 qnam
867 2050 900 2104 at
917 2050 995 2105 rotae
1013 2050 1041 2105 et
1065 2044 1169 2105 inertia

119 2128 260 2200 prtaedam
284 2129 475 2188 instromenta
488 2128 525 2186 ad
539 2134 650 2188 motum
664 2129 780 2189 aliunde
804 2136 950 2205 receptum
968 2132 1168 2205 exequendam

117 2211 267 2270 destinata.
279 2212 310 2270 ld
324 2212 428 2271 rationi
447 2218 588 2286 repugnat
601 2218 630 2271 et
648 2212 703 2286 ipsi
717 2214 892 2274 incremento
911 2214 979 2274 boni
995 2216 1107 2275 socialis
1126 2219 1169 2276 est

117 2295 245 2353 maxime
255 2294 386 2353 nonium.
403 2296 473 2355 llam
488 2295 632 2354 sociorum
646 2296 722 2355 vires
736 2304 864 2371 euertat,
880 2304 909 2357 et
926 2300 1089 2359 societatem
1099 2316 1168 2375 qno·

116 2378 268 2438 dummodo
288 2378 403 2453 perimit
422 2398 431 2453 ς
462 2395 537 2455 qnae
556 2396 615 2440 non
639 2380 723 2441 aliter
744 2380 813 2440 vivit
837 2388 866 2440 et
884 2382 1063 2456 progreditur
1084 2428 1091 2457 ,
1112 2384 1169 2443 nisi

116 2470 256 2537 qnamnns
270 2464 333 2524 eius
346 2470 441 2539 partes
454 2464 590 2540 organica
608 2466 695 2525 etiam
714 2470 824 2525 textura
839 2472 969 2524 constant
987 2474 1015 2524 et
1031 2466 1168 2540 peculiari

115 2548 174 2606 rita
191 2564 225 2607 ac
239 2557 320 2609 motu
333 2550 538 2625 informantur,
555 2550 622 2610 licet
632 2550 686 2609 snb
698 2550 892 2609 moderamine
909 2564 1058 2623 supremae
1073 2551 1167 2609 cuins·

115 2632 182 2690 darn
198 2633 326 2709 uirtutis,
343 2651 416 2710 qnae
431 2636 558 2709 singulae
573 2635 739 2695 harmonica
758 2634 867 2694 unitate
889 2634 976 2693 donet
989 2639 1017 2692 ct
1033 2634 1068 2692 ad
1080 2633 1167 2693 linem

116 2717 201 2778 totius
215 2719 341 2795 corporis
354 2722 586 2795 consequendum
600 2722 713 2795 dirigat.

467 2866 601 2994 canor
623 2922 808 2995 rmrrnu

365 3144 406 3199 ort
434 3147 576 3198 amaran
604 3148 788 3220 nornsrrrsx
808 3142 909 3199 mutar.

166 3321 303 3404 Suprema
310 3331 449 3407 ‘potestas
466 3343 540 3409 quac
554 3332 641 3393 etiam
654 3346 813 3391 commone
825 3328 997 3407 imperinm,
1010 3328 1038 3387 et
1049 3326 1164 3403 propter

109 3412 287 3490 dignitatem,
306 3432 379 3490 qnae
393 3417 492 3491 lnlget,
504 3419 646 3477 maiestas
661 3432 775 3493 quoqne
789 3416 972 3487 nominatnr3
988 3412 1102 3472 deliniri
1116 3428 1165 3486 po·

111 3506 184 3561 lest:
199 3500 248 3559 ino
262 3501 450 3576 pnbcmtandi
464 3503 695 3579 rempublicam
708 3518 759 3563 seu
774 3500 898 3561 moralis
909 3498 1037 3575 socnltos
1053 3498 1089 3557 ab
1103 3497 1165 3557 alio

107 3586 317 3661 independens,
334 3602 398 3661 pata
411 3587 523 3647 ctutum
538 3590 664 3648 actiones
681 3588 721 3647 od
736 3602 889 3647 commone
904 3586 1012 3645 bonnm
1030 3582 1164 3657 diripen-

109 3676 172 3731 tor.
182 3670 291 3733 llicitrn
303 3671 427 3731 ntorolta
446 3672 575 3745 scenitas
589 3678 622 3733 nt
635 3673 828 3747 distinguatur
843 3670 901 3731 ari
915 3685 993 3729 mere
1003 3668 1123 3743 physica
1136 3671 1165 3726 et

108 3754 172 3813 eiua
185 3758 312 3829 genuina
329 3772 418 3817 causa
431 3757 600 3830 explicetur.
628 3759 695 3816 Tota
710 3758 788 3818 enim
809 3762 914 3832 quanta
933 3760 995 3828 est,
1024 3753 1163 3813 aratione

107 3840 253 3914 procedit,
279 3858 352 3917 qnae
367 3842 473 3916 dictat,
490 3843 632 3917 proposito
647 3860 665 3902 a
679 3849 782 3902 natura
799 3843 875 3916 line,
903 3840 980 3900 illico
994 3842 1163 3913 potestatem

107 3922 236 3984 subiecto
254 3927 318 3986 lieri
331 3943 362 3987 se
376 3927 412 3987 od
425 3927 509 3987 illum
532 3927 674 4003 dirigendi
688 3944 722 3988 ae
736 3925 930 4003 promovendi.
958 3924 1094 3985 Additur:
1122 3922 1159 3982 ob

108 4005 173 4071 otio
190 4007 402 4092 independens,
418 4017 451 4075 nt
464 4013 514 4075 doe
527 4012 686 4093 explicetur
705 4029 856 4093 supremae
869 4010 1062 4089 autoritatis,
1085 4020 1160 4107 qnae
