2767 4492
425 419 500 473 anas
512 417 865 468 mrumsrsrcaonoan
1114 402 1167 465 tlt

120 512 301 583 abstractam,
327 511 355 568 et
379 506 500 566 includit
524 504 765 578 comparationem
779 519 845 563 cum
859 503 1024 571 individuis,
1049 504 1167 564 oonttrse

120 597 218 655 saltem
234 593 430 669 apprehensis.
447 591 539 660 Ouare
559 588 749 649 definiebatur
764 604 781 646 a
801 587 990 648 Scholasticis:
1000 604 1100 670 autum
1115 585 1167 648 lta

119 680 186 738 beas
203 679 408 738 habitudinem
423 675 462 734 od
473 674 581 747 multo,
597 673 958 747 etproditersorespectu,
970 689 1027 747 quo
1037 674 1108 734 haec
1118 675 1166 734 ha·

119 763 217 823 bitudo
240 761 414 822 considerari
429 765 546 834 poterat,
573 756 753 816 dividebatur
777 755 809 813 in
822 770 923 830 pecua,
937 757 1067 831 spmiem,
1086 756 1165 832 ditia

119 848 257 918 rentium,
279 846 438 922 proprium
449 851 478 903 et
492 842 635 913 medea,
650 839 806 914 dequibus
820 839 930 914 loquuti
952 853 1051 899 sumtu
1065 841 1095 899 in
1116 843 1164 904 Lo-

120 934 192 1006 gioa.
208 932 288 992 ilatio
308 945 395 1003 vero,
412 945 464 988 cur
477 927 616 987 eiusmodi
638 925 803 986 universale
812 924 843 982 in
857 929 955 983 mente
978 931 1088 984 tautum
1106 928 1164 987 eai-

119 1023 193 1075 stsre
206 1015 263 1074 dici
273 1014 367 1084 debet,
384 1013 508 1087 estquis
522 1013 552 1070 in
568 1011 654 1070 rebus
668 1024 726 1067 non
741 1009 869 1068 existunt
883 1007 939 1066 nisi
954 1008 1112 1084 individua,
1134 1017 1164 1070 et

118 1100 190 1158 nihil
204 1113 356 1159 commune
371 1097 504 1157 omuibus
518 1096 667 1169 reperitur,
684 1094 735 1152 sed
750 1093 972 1167 unumquodque
986 1094 1101 1168 propria
1119 1095 1165 1154 in·

119 1183 235 1243 dividua
244 1182 372 1242 realitate
386 1184 505 1240 constat.

123 1311 127 1317 .
171 1269 215 1326 lll.
238 1267 400 1327 linivemale
418 1265 558 1324 directum
573 1263 670 1324 existit
684 1265 713 1323 iu
729 1264 816 1323 rebus
839 1264 932 1338 quoad
956 1264 1161 1341 quidditatem,

107 1371 206 1430 -quam
220 1355 358 1428 includit,
385 1369 443 1413 non
462 1369 529 1412 vero
554 1354 647 1427 quoad
667 1353 888 1418 abstractionem
906 1368 925 1410 a
941 1354 1162 1425 proprietatibus

119 1438 381 1511 individuantibus,
398 1454 471 1512 quae
491 1453 524 1496 se
538 1443 614 1496 tenet
627 1453 664 1496 ex
686 1445 765 1509 parte
784 1437 955 1495 intellectus.
972 1437 1041 1495 Nam
1057 1439 1114 1496 duo
1131 1439 1164 1497 in

118 1522 166 1581 illo
181 1523 354 1582 considerari
370 1527 501 1596 possunt:
524 1522 551 1580 id
568 1522 643 1596 quod
659 1522 822 1594 percipitur,
843 1527 873 1579 et
884 1521 987 1578 modus
1002 1536 1058 1594 ouo
1073 1523 1163 1595 perci·
1222 1513 1231 1528 ⁰

118 1607 208 1680 pitur;
226 1607 363 1666 nimirum
382 1623 428 1667 res
438 1622 511 1680 quae
525 1606 709 1677 abstrahitur,
726 1613 755 1663 et
768 1605 920 1663 abstractio
933 1605 1005 1678 ipsa.
1022 1605 1080 1663 lam
1095 1621 1163 1665 vero

118 1691 171 1749 etsi
186 1692 256 1750 haec
271 1693 395 1751 monada
410 1691 543 1766 procedat
557 1707 575 1749 a
589 1697 701 1762 mente,
717 1691 812 1762 prima
827 1696 922 1747 tamen
937 1690 1070 1749 convenit
1084 1689 1160 1749 oble

118 1775 170 1834 ctis
184 1776 251 1848 ipsis
268 1782 349 1848 prout
373 1777 403 1835 in
419 1792 450 1834 se
466 1781 541 1835 sunt.
566 1775 599 1833 lit
622 1790 691 1832 sane
708 1773 773 1832 nisi,
784 1774 833 1844 id,
858 1773 934 1846 quod
956 1773 1116 1844 concipitur
1129 1775 1161 1834 in

117 1858 270 1918 universali
282 1860 399 1932 directo,
416 1866 491 1918 emet
500 1859 570 1918 illud
585 1858 678 1932 ipsum
693 1859 768 1932 quod
782 1857 927 1915 invenitur
941 1857 976 1915 in
986 1857 1092 1930 rebus3
1107 1873 1161 1918 nos

119 1957 176 2000 non
190 1958 338 2016 possemus
353 1943 407 2017 ipsi
422 1943 576 2002 attribuere
605 1941 768 2015 praedicata
788 1955 861 2014 quae
880 1941 1035 2000 individuis
1050 1957 1161 2016 compe

119 2031 198 2106 tunt,
220 2033 249 2086 et
272 2027 334 2086 vice
348 2024 431 2086 tersa
445 2043 482 2086 ex
497 2026 680 2085 attributione
701 2026 822 2084 alicuius
838 2025 991 2099 praedicati
1006 2027 1160 2087 universali

117 2110 202 2182 iacta,
217 2125 273 2169 non
289 2126 436 2183 possemus
450 2112 555 2169 interra
575 2110 651 2168 idem
666 2109 849 2168 tribuendum
863 2125 927 2167 esse
946 2110 1109 2169 individuis.
1126 2111 1160 2170 ht

118 2209 186 2251 tero
205 2208 258 2252 nos
279 2193 332 2251 hoc
347 2193 409 2252 iure
425 2193 564 2265 tacimus,
587 2194 713 2251 direntes
731 2208 778 2251 en.
800 2208 843 2265 gr.
863 2193 954 2252 Homo
969 2203 1010 2253 ert
1028 2195 1160 2254 libertate

48 2275 50 2278 ’
113 2277 285 2352 praeditum
300 2277 386 2351 atqui
396 2277 499 2335 Petrus
508 2285 548 2335 cst
559 2276 662 2350 bomo,·
677 2293 746 2350 erpo
758 2277 862 2336 Petrus
877 2287 917 2336 cst
932 2279 1063 2338 libertate
1074 2295 1158 2354 proc·

116 2360 207 2419 ditus.
228 2363 258 2420 ln
279 2377 335 2436 quo
348 2362 480 2435 exemplo
500 2362 631 2420 eamdem
646 2363 759 2433 dotem,
777 2377 862 2435 uitam
880 2363 1029 2422 tribuimus
1045 2363 1160 2422 bomini
1270 2388 1273 2392 ⁴

70 2436 76 2446 “
115 2445 315 2504 universaliter
336 2447 531 2519 considerato,
558 2445 708 2505 interimus
734 2446 913 2505 tribuendam
934 2463 996 2505 esse
1011 2446 1159 2505 individuo

116 2526 218 2602 Petro,·
233 2529 308 2603 quod
324 2531 446 2603 proiecto
462 2531 698 2590 falsumomniuo
712 2539 801 2603 esset,
823 2533 847 2589 si
867 2531 896 2588 in
912 2529 1059 2587 individuo
1074 2528 1158 2587 Petro

113 2627 171 2671 non
190 2613 365 2674 inveniretur
378 2617 479 2674 eadem
499 2615 642 2689 quidditas
656 2631 730 2690 quae
745 2613 968 2688 apprehenditur
992 2628 1043 2685 per
1060 2627 1158 2672 conce

117 2701 196 2769 ptum
212 2698 335 2758 hominis
348 2699 516 2773 generatim,
538 2706 566 2758 et
580 2700 662 2760 cuius
673 2701 817 2774 propriam
831 2712 894 2756 esse
908 2697 1067 2756 libertatem
1082 2697 1158 2756 altir-

113 2795 236 2842 mamus.

185 2868 273 2939 litque
287 2867 358 2924 haec
377 2867 506 2926 doctriua
523 2872 618 2940 aperte
635 2865 784 2923 traditura
805 2867 831 2924 S.
849 2865 963 2936 Thoma,
980 2863 1029 2922 ubi
1044 2865 1156 2939 inquit:

117 2974 128 3002 a
146 2948 215 3007 (luni
229 2949 332 3006 dicitur
347 2949 506 3008 universale
522 2951 709 3018 abstractum,
736 2949 799 3006 duo
811 2948 1023 3021 intelliguntur,
1049 2951 1158 3010 scilieet

116 3058 126 3086 t
140 3033 208 3106 ipsu
222 3038 324 3089 natura
338 3033 390 3104 rei,
406 3039 434 3090 et
449 3031 600 3088 abstractio
611 3047 661 3090 seu
677 3030 886 3090 universalitas.
903 3033 965 3104 lpsa
978 3032 1065 3106 igitur
1078 3044 1158 3093 natu·

117 3143 128 3170 a
145 3133 186 3188 ra,
200 3117 245 3174 cul
256 3115 359 3174 accidit
375 3116 417 3174 vel
431 3116 550 3186 intelligi
568 3115 611 3172 vel
631 3114 757 3173 abstrahi
775 3116 819 3173 vel
835 3118 953 3175 irruptio
964 3118 1157 3177 uniuersalita-

117 3226 127 3254 ι
146 3201 191 3273 tic,
208 3215 265 3259 non
279 3209 322 3258 est
335 3200 392 3258 uisi
413 3199 443 3258 in
458 3199 668 3272 singularibus3
686 3201 736 3256 sed
751 3201 805 3257 hoc
820 3201 913 3273 ipsum
928 3202 1003 3274 quod
1018 3210 1061 3260 est
1074 3203 1155 3258 intel-

117 3309 127 3337 «
147 3285 194 3355 tici
214 3284 257 3343 vel
276 3284 421 3356 abstrahi,
440 3284 482 3342 vel
497 3285 616 3344 intentio
632 3285 873 3356 universalitatis,
894 3292 936 3343 est
955 3287 983 3343 lu
1000 3284 1153 3344 intellectu.

117 3394 127 3422 ι
146 3370 178 3428 Et
192 3369 245 3427 hoc
265 3384 414 3442 possumus
429 3369 524 3427 ridere
540 3369 698 3443 persimile
713 3370 741 3427 iu
758 3385 853 3429 seusu
876 3370 958 3428 Visus
978 3370 1056 3427 enim
1082 3369 1157 3426 videt

117 3477 128 3505 a
144 3456 267 3512 dolorem
285 3453 347 3512 siue
362 3454 424 3512 eius
437 3454 531 3511 odore.
560 3453 587 3511 Si
603 3469 670 3527 ergo
686 3461 839 3527 quaeratur
863 3454 911 3512 ubi
936 3455 973 3511 sit
994 3454 1089 3524 color,
1105 3451 1155 3526 qui

117 3561 127 3589 a
144 3537 256 3598 videtur
269 3538 330 3596 siue
344 3539 438 3610 odore,
453 3537 633 3596 manifestum
649 3540 781 3610 estquod
797 3538 882 3610 color,
900 3538 949 3611 qui
963 3537 1081 3609 videtur,
1098 3551 1155 3594 nou

117 3644 128 3671 α
145 3627 188 3679 est
203 3621 255 3679 nisi
270 3621 301 3678 iu
317 3635 409 3694 pomo.
426 3622 479 3680 Sed
493 3623 568 3696 quod
584 3621 691 3680 sitsiue
706 3624 791 3681 odore
808 3633 964 3696 perceptus,
981 3623 1034 3678 hoc
1052 3621 1156 3680 accidit

116 3727 127 3756 ι
144 3705 169 3762 ei
185 3721 222 3762 ex
237 3713 315 3778 parte
331 3706 424 3779 visus,
448 3707 630 3780 inquantum
647 3706 677 3764 in
693 3707 755 3765 visu
776 3714 819 3765 est
841 3705 995 3764 similitudo
1010 3705 1112 3766 coloris
1127 3713 1155 3764 et

116 3811 128 3839 ι
144 3804 200 3845 non
216 3791 318 3848 odoris.
336 3789 470 3850 Similiter
487 3791 659 3862 humanitas,
676 3806 750 3865 quae
768 3791 952 3864 intelligitur,
968 3807 1025 3850 non
1040 3798 1084 3851 est
1097 3790 1154 3849 nisi

116 3895 126 3924 a
144 3872 173 3930 iu
185 3872 238 3931 boc
250 3873 291 3932 vel
306 3875 354 3932 illo
370 3875 502 3945 homine3
519 3876 568 3934 sed
583 3876 659 3948 quod
676 3875 837 3933 hnmanitas
847 3876 1076 3949 apprehendatur
1090 3876 1154 3934 sine
1251 3869 1255 3876 ’

115 3976 127 4006 a
145 3955 367 4045 individualibus
380 3958 599 4030 conditionibus,
616 3959 691 4030 quod
705 3964 749 4018 est
761 3959 854 4032 ipsam
872 3959 999 4020 abstrahi
1018 3959 1064 4031 tad
1075 3957 1153 4038 quod
