2767 4492
242 367 294 433 298
683 379 846 431 meumes

239 471 377 531 moralem
392 469 518 545 attingit3
537 472 597 530 tum
611 483 659 543 ea,
676 485 751 544 quae
766 471 859 529 raneit
872 470 903 530 in
919 469 1017 542 terrie,
1034 465 1247 528 oondrmantar
1259 461 1292 528 ia

240 555 326 614 caelis
342 558 366 613 l.
382 557 414 614 ln
429 570 550 622 summa,
563 571 601 614 ne
618 555 757 628 prolixias
771 569 867 627 vager,
879 570 914 612 ea
927 554 1026 614 omnia
1039 569 1114 628 quae
1128 554 1164 612 ad
1180 561 1294 614 utram·

241 657 296 715 que
312 641 475 700 societatem
489 641 642 714 pertinent,
659 641 780 714 analoga
796 641 914 714 quidem
929 645 997 700 aaut
1009 647 1120 714 mutuo,
1139 639 1191 699 sed
1205 640 1295 713 longe

243 727 363 800 diversa,
373 731 402 784 et
417 731 526 784 mutum
540 726 616 784 iuter
630 741 660 784 se
674 726 819 798 differunt,
835 732 974 800 mantum
992 726 1137 785 eaeluma
1157 729 1236 784 terra
1252 725 1296 783 di·

240 817 360 885 serenat,
376 816 405 870 et
418 811 486 870 ordo
497 811 721 886 supernaturalis
731 811 854 870 naturali
864 811 1055 885 anteponitur.

655 983 865 1044 hnnreuuusll.

596 1151 634 1214 Dr
647 1152 767 1214 iuribus
781 1151 930 1215 Ecclesiae.

275 1323 337 1388 iii).
351 1319 385 1388 Ut
399 1322 579 1387 individuum
602 1333 630 1386 et
649 1339 780 1404 quaeque
799 1325 920 1387 societas
941 1324 1056 1402 propria
1074 1322 1206 1401 possidet
1225 1322 1294 1388 iura

239 1427 277 1471 ex
291 1413 353 1486 ipsa
367 1413 429 1471 eins
444 1417 546 1472 natura
560 1413 754 1485 dimouenda,
771 1415 875 1487 ortibus
891 1413 1010 1487 proinde
1024 1412 1144 1486 spoliari
1167 1414 1291 1488 nequit3

238 1499 279 1556 sic
294 1499 380 1557 etiam
396 1498 520 1558 Ecclesia
536 1499 595 1557 suis
607 1499 719 1557 iuribus
729 1505 846 1557 ornatur
860 1499 1070 1567 essentialibus,
1082 1515 1156 1573 quae
1172 1499 1211 1557 ab
1227 1499 1295 1572 ipsa

238 1582 349 1641 detrahi
360 1583 438 1642 nulla
447 1583 476 1640 vi
489 1591 614 1656 possunt.
625 1583 723 1656 immo,
736 1583 760 1642 si
771 1599 817 1642 res
828 1583 990 1642 accuratius
1002 1583 1209 1656 consideretur,
1222 1598 1294 1641 cum

237 1665 361 1725 Ecclesia
374 1669 410 1727 sit
424 1669 581 1742 proprietas
597 1668 708 1740 Christi,
722 1669 771 1742 qui
787 1668 917 1726 eltrudem
934 1675 1018 1741 caput
1033 1673 1084 1738 est,
1101 1667 1213 1726 vicaria
1229 1675 1295 1726 tan·

238 1755 297 1809 tum
313 1757 476 1824 potestaten
492 1769 623 1826 supremo
640 1754 772 1810 Pantiliee
787 1758 1046 1827 repraesentatum3
1065 1752 1129 1810 iura
1139 1752 1295 1811 Ecclesiae

236 1836 335 1893 eadem
351 1843 416 1893 sirnt
435 1843 519 1909 atqrte
534 1837 596 1894 iura
612 1837 722 1894 Christi.
740 1838 831 1905 Quare
843 1853 901 1895 non
916 1837 1009 1895 solum
1019 1836 1203 1896 inviolabilia
1220 1844 1294 1895 sunt

236 1923 264 1976 et
279 1935 374 1992 saera3
394 1935 491 1978 rerum
508 1921 594 1977 etiam
615 1925 692 1978 tanta
708 1922 845 1992 dignitate
860 1924 999 1994 eminent,
1016 1927 1047 1979 ut
1062 1921 1165 1978 merito
1179 1937 1238 1994 pro
1252 1923 1296 1980 di-

235 2003 311 2061 vinis
326 2003 493 2060 habeantur.
511 2003 580 2060 ilinc
595 2005 779 2078 consequitur
789 2013 819 2063 ut
833 2007 950 2080 quaevis
965 2005 1022 2063 alia
1037 2005 1103 2062 iura
1114 2004 1147 2062 iu
1163 2005 1296 2064 collisie

238 2092 432 2160 nesnperent,
450 2103 484 2144 ac
506 2087 579 2146 lrtedi
594 2095 643 2146 aut
664 2091 824 2164 praepediri
847 2092 909 2149 sine
931 2091 1108 2149 atrocissimo
1133 2090 1296 2165 sacrilegio
1365 2114 1366 2163 l

239 2172 428 2244 nonpossint.

271 2256 304 2312 Ut
320 2261 416 2314 autem
430 2271 528 2315 eornm
544 2259 649 2334 aliqua,
666 2277 742 2335 quae
756 2261 866 2336 potiora
881 2266 957 2335 suut,
973 2275 1156 2332 recenseam·¹
1175 2261 1208 2318 in
1233 2263 1296 2335 pri·

235 2339 290 2397 mis
305 2340 350 2414 ius
361 2341 446 2400 hahet
462 2343 585 2402 Ecclesia
601 2361 631 2404 se
646 2348 820 2420 propagandi
832 2363 883 2420 per
896 2353 984 2405 totum
995 2347 1104 2405 orbem.
1116 2347 1157 2404 ild
1168 2345 1199 2404 id
1210 2348 1298 2405 enim
1364 2352 1365 2401 t

232 2425 400 2484 mandatum
424 2431 536 2502 accepit
558 2430 593 2487 ab
618 2430 680 2504 ipso
702 2432 810 2489 Christo
832 2431 890 2489 illis
913 2431 1022 2490 verbis:
1049 2431 1125 2489 Data
1143 2439 1192 2488 eat<
1209 2432 1298 2490 mihi
1364 2474 1366 2515 ὲ

230 2511 327 2568 connis
339 2519 464 2585 potestas
476 2514 507 2570 in
517 2515 589 2571 cocio
605 2523 630 2572 et
641 2515 673 2572 iu
690 2523 787 2587 terrm
798 2523 899 2574 center
912 2531 980 2590 erpo
995 2515 1203 2573 docetcoorncr
1222 2533 1298 2590 peu-

234 2602 318 2654 tes....
336 2597 463 2656 docontes
479 2613 523 2676 eps
537 2615 654 2657 seruere
664 2601 767 2658 oornio
782 2600 1145 2675 quoecumquenrendaei
1160 2600 1252 2659 ochis
1267 2604 1295 2661 ².

231 2677 373 2739 Nondixii
384 2682 525 2741 Christus:
544 2685 627 2756 petite
644 2685 808 2743 facultatem
822 2685 859 2744 ab
871 2686 1045 2759 imperatore
1060 2701 1192 2757 romano,
1208 2688 1298 2746 etsie
1363 2702 1364 2735 t

230 2763 415 2837 Evangelium
434 2768 647 2842 praedicantem
666 2770 716 2828 sed
731 2771 858 2828 ahsolute
874 2771 958 2830 iussit
982 2776 1014 2828 nt
1029 2771 1135 2844 ubique
1149 2770 1295 2846 Evange-

231 2845 302 2906 lium
317 2849 434 2924 eiusque
455 2851 532 2925 leges
552 2853 774 2929 annuntiarent,
792 2861 877 2929 atque
892 2856 922 2914 id
937 2861 1085 2930 tamquam
1100 2870 1293 2930 consequen·
1362 2926 1363 2931 .

232 2931 301 2990 tiam
316 2933 436 2993 deduxit
450 2938 595 3010 potestatis
611 2939 792 2998 omnimodae
806 2955 895 3014 qnam
911 2956 929 2998 a
943 2942 1023 2998 Patre
1042 2947 1203 3014 receperat.
1233 2944 1297 3000 lllis

232 3022 328 3074 autem
343 3018 437 3076 verbis
452 3022 634 3096 praescripsit
648 3025 744 3082 etiam
751 3026 870 3082 modum
885 3041 941 3100 quo
955 3025 1095 3084 eiusmodi
1113 3029 1294 3100 propagan
1362 3018 1364 3099 ᾗ

230 3099 404 3174 perficienda
419 3109 472 3178 est,
487 3105 624 3165 nimirum
640 3123 698 3165 non
714 3108 742 3166 vi
757 3115 807 3167 aut
821 3111 923 3182 armis;
940 3109 991 3167 sed
1009 3109 1232 3182 praedicatione
1249 3113 1297 3171 Fi·

234 3184 279 3243 dei
295 3191 322 3243 et
336 3185 568 3272 disciplina-qna
583 3193 618 3250 ad
634 3193 790 3253 Ecclesiam
804 3195 892 3254 libere
908 3195 1137 3269 amplectendam
1148 3195 1296 3256 homines

233 3271 466 3344 persuadeantur.
1361 3334 1362 3345 ,

266 3353 417 3430 Postquam
432 3373 498 3418 vero
513 3359 544 3419 in
559 3361 714 3423 Ecclesiam
731 3381 783 3441 per
801 3364 952 3442 baptisma,
962 3366 1040 3442 qnod
1054 3366 1117 3426 eius
1133 3365 1235 3428 veluti
1248 3368 1293 3428 ia·

230 3453 290 3498 ntra
305 3448 356 3513 est,
371 3442 467 3501 lideles
479 3445 598 3520 ingressi
614 3449 729 3524 inerint,
741 3453 901 3511 auctoritati
916 3453 1057 3511 Ecclesiae
1069 3452 1291 3526 subiiciuntur3

231 3539 304 3599 quae
318 3526 436 3600 proinde
451 3545 499 3589 eos
514 3532 594 3590 iaxta
609 3534 800 3595 hierarchiam
810 3553 828 3596 a
838 3538 945 3597 Christo
960 3537 1123 3596 institutam
1137 3553 1252 3612 regere
1265 3549 1298 3600 et

273 3723 284 3772 i
299 3725 373 3776 Amen
388 3723 439 3776 dico
454 3731 527 3788 aelia,
542 3746 699 3798 penarumque
713 3737 870 3799 alliceret-itia
884 3751 956 3801 cuper
976 3745 1065 3788 terraer
1084 3742 1157 3788 ererd
1177 3741 1263 3802 lipare
1278 3747 1302 3790 et

227 3796 255 3937 {²¹¹
265 3804 330 3917 tct‘lmo
343 3809 386 3922 'rep‘
403 3821 560 3869 quoecumque
577 3816 696 3862 solamitis
721 3831 793 3878 cuper
819 3823 908 3866 emam
928 3823 996 3866 eram
1017 3816 1095 3865 utute
1120 3821 1141 3865 ct
1165 3819 1192 3864 io
1219 3822 1301 3868 meta.

251 3889 262 3917 1
290 3891 304 3918 l·
322 3893 341 3920 0.
387 3914 392 3924 .

272 3947 385 4008 Melit.
405 3953 445 4021 28,
461 3959 501 4010 te.
