2767 4492
252 296 293 362 eb
695 307 855 366 ammana

257 401 334 474 leges
356 401 507 460 vacentur
521 398 597 457 circa
606 411 641 456 ea
655 411 729 470 quae
742 413 800 456 non
815 413 867 471 per
880 412 912 456 se
925 401 955 456 et
967 401 1071 458 namra
1084 411 1137 459 sna
1150 395 1227 460 bona
1246 405 1293 461 aut

256 487 333 546 mala
346 491 428 558 sunt,
446 485 494 544 sed
505 484 577 542 liunt
587 482 748 541 necessaria
761 481 806 540 vel
820 483 950 558 opposita
963 483 1039 543 bono
1053 487 1198 545 communi
1209 487 1293 546 socie

257 572 322 630 tatis
336 571 445 629 ratione
459 568 738 628 circumstantiarum
754 572 783 625 et
797 567 994 626 adiuncturum
1009 569 1202 630 mutabilium.
1218 571 1293 632 Unde

257 655 350 715 evenit
362 662 392 714 ut
408 655 523 714 mutatis
537 653 766 725 circumstantiis,
783 667 832 712 eas
844 653 946 710 variari
958 659 1008 711 ant
1019 653 1187 728 exceptione
1199 655 1293 732 aliqua

256 739 463 815 quodammodo
481 738 607 798 mutilari
626 743 761 812 oporteat.
787 737 818 796 ld
837 753 902 796 raro
917 744 1047 812 respectu
1069 740 1140 813 legis
1158 743 1294 802 naturalis

257 825 350 884 locum
364 839 422 883 non
435 823 537 895 babet;
554 837 644 896 quae,
661 827 692 880 ut
707 821 787 894 dixi,
811 837 908 880 rerum
929 823 1066 881 aasentias
1080 828 1109 881 et
1121 825 1294 885 necessarias

255 909 406 970 relationes
420 908 545 983 respicit.
563 907 653 976 Quare
666 906 899 980 quotiescumque
915 906 962 964 lex
977 907 1095 981 positiva
1111 907 1143 967 in
1157 924 1238 968 mera
1251 925 1296 986 ap

255 993 406 1068 plicatione
418 994 490 1068 logis
499 992 636 1052 naturalis
650 991 791 1059 consistit,
802 991 1043 1064 dispensationem
1053 991 1099 1052 vel
1107 995 1293 1056 mutationem

255 1079 364 1138 anullo
379 1079 524 1153 superiore
540 1078 654 1152 patitur.

290 1165 433 1223 Postremo
443 1179 496 1222 uec
511 1163 581 1222 illud
597 1177 698 1222 verum
713 1167 765 1238 est,
783 1163 858 1238 qnod
872 1163 967 1222 aicbat
981 1163 1143 1239 dilllcnltas,
1154 1181 1192 1225 ex
1202 1181 1296 1228 neces·

255 1249 337 1308 sitate
347 1249 418 1324 legis
433 1249 570 1308 naturalis
584 1249 802 1324 dependentium
822 1264 840 1308 a
853 1265 886 1308 re
900 1249 1062 1308 extrinseca
1072 1249 1131 1310 ileo
1139 1251 1295 1326 importari.

255 1334 326 1394 llam
339 1333 452 1393 iuterna
469 1333 623 1407 moralitas,
641 1350 658 1392 a
673 1349 730 1408 qna
743 1334 876 1392 recedere
891 1335 1027 1393 sanctitas
1044 1334 1159 1394 divinae
1174 1337 1297 1397 volunla-

257 1420 292 1478 tis
307 1419 426 1482 minime
446 1425 545 1494 potest,
564 1436 580 1480 a
598 1419 696 1478 dimna
713 1419 855 1493 sapientia
869 1420 1005 1493 procedit,
1022 1435 1095 1494 qnae
1114 1420 1228 1481 interna
1242 1423 1296 1483 ileo

255 1509 337 1564 estet
350 1520 416 1564 oum
431 1505 485 1564 lieo
500 1505 565 1578 ipso
584 1505 767 1564 convertitur.
787 1505 879 1572 Quare
893 1503 923 1562 in
944 1511 1054 1562 mutum
1072 1504 1167 1579 legem
1185 1514 1297 1566 natura·

253 1590 312 1648 lem
326 1596 437 1650 mutare
457 1589 529 1648 bans
546 1590 652 1664 nequit,
669 1591 702 1648 in
716 1595 856 1663 mantum
875 1589 1003 1663 seipsum
1017 1605 1122 1663 negare
1136 1605 1196 1650 non
1209 1596 1299 1665 potest

254 1691 308 1734 nec
325 1675 417 1734 ordini
434 1691 503 1734 snae
517 1675 641 1734 irmtitiae
655 1674 798 1734 reluctari.
1116 1748 1120 1754 .

292 1761 335 1819 57.
353 1761 386 1820 Ut
400 1759 506 1834 aliquid
522 1760 556 1818 de
571 1759 755 1818 laudamento
770 1760 841 1834 legis
851 1759 991 1820 naturalis
1005 1761 1143 1836 dieamus,
1160 1778 1194 1821 eo
1207 1763 1300 1822 nomi·

255 1862 292 1906 ue
308 1861 364 1904 non
380 1845 457 1904 alind
472 1844 665 1918 intelligimus,
683 1845 740 1904 nisi
756 1846 868 1905 titulum
883 1863 922 1906 ex
936 1863 992 1921 ouo
1003 1847 1049 1906 ius
1064 1847 1182 1920 emergit
1194 1847 1225 1906 in
1241 1847 1300 1908 lieo

255 1930 334 1989 illam
349 1929 513 1989 bominibus
536 1929 757 2004 praescribendi.
780 1931 856 2000 Quae
870 1931 1051 2004 investigatio
1065 1947 1130 1991 cum
1145 1932 1237 1991 lacilis
1252 1934 1302 1992 ad·

255 2015 371 2075 modum
387 2015 432 2090 sit,
449 2030 506 2074 uon
520 2015 642 2074 multum
657 2032 709 2075 nos
724 2017 890 2075 morabitur.
908 2018 996 2090 itque
1008 2023 1040 2074 nt
1053 2017 1300 2078 talsashacetiam

253 2101 282 2160 in
293 2117 324 2159 re
339 2101 486 2175 opiniones
501 2107 565 2158 ante
581 2101 754 2172 reficiamus,
773 2104 861 2161 lloses
876 2101 1047 2174 imbaldus,
1063 2102 1099 2161 de
1113 2118 1170 2176 qno
1185 2103 1301 2162 mentio

256 2201 324 2244 nem
338 2186 405 2244 lacit
420 2185 586 2244 lleineccins
603 2188 626 2257 l,
646 2186 758 2244 titulum
772 2187 850 2244 hunc
864 2191 995 2260 respectu
1011 2185 1060 2245 liei
1083 2186 1114 2244 in
1133 2187 1224 2261 ipsius
1239 2202 1302 2260 pen

256 2270 376 2330 lectione
390 2277 418 2329 et
433 2270 557 2330 bonitate
573 2271 709 2344 reposuit.
726 2271 839 2330 Holrbes
853 2279 949 2330 antem
963 2271 1047 2330 illum
1061 2271 1177 2346 repetiit
1189 2286 1228 2330 cx
1239 2270 1307 2332 ine·

257 2353 384 2414 laetabili
408 2355 457 2414 liei
476 2356 601 2429 potentia
616 2363 644 2414 et
665 2355 810 2414 contraria
832 2355 982 2415 bominum
1006 2355 1211 2430 imbecillitate,
1228 2356 1306 2430 qnod

256 2441 372 2514 quidem
387 2441 448 2500 eins
463 2440 609 2515 systemati
625 2441 661 2499 de
675 2441 743 2498 inre
757 2441 890 2512 fortioris
904 2441 1011 2514 optime
1025 2447 1171 2500 consonat.

291 2527 325 2584 lt
338 2532 491 2600 utrumque
504 2542 599 2584 errore
614 2524 711 2600 decipi
722 2513 807 2584 nemo
822 2532 864 2585 est
873 2527 924 2600 qui
933 2542 991 2584 non
1005 2526 1109 2585 videat.
1122 2527 1161 2585 lid
1176 2526 1305 2600 primum

256 2612 333 2672 enim
349 2613 424 2687 quod
438 2618 555 2686 spectat,
577 2611 713 2686 perfectio
726 2617 755 2670 et
769 2611 882 2670 bonitas
904 2612 1124 2671 admirationem
1138 2611 1254 2685 quidem
1275 2615 1307 2670 et

254 2711 381 2756 amorem
396 2698 553 2771 ingenerat,
574 2698 651 2755 atad
666 2695 858 2755 obediendum
872 2696 992 2755 minime
1002 2697 1086 2771 cogit.
1102 2697 1148 2755 Vis
1162 2703 1261 2754 autem
1276 2701 1309 2756 et

256 2781 382 2857 potentia
397 2788 507 2841 mutum
521 2781 602 2840 abest
618 2787 647 2839 ut
661 2781 707 2840 ins
721 2781 851 2854 gignant,
864 2786 904 2853 nt,
916 2781 972 2841 nisi
987 2781 1032 2840 ius
1046 2783 1103 2840 iam
1117 2785 1181 2838 anto
1194 2781 1308 2840 subau-

253 2866 341 2940 diant,
355 2867 533 2942 tyrannidem
546 2866 638 2940 potius
648 2873 676 2923 et
690 2865 826 2924 iniustam
841 2867 1055 2940 oppressionem
1069 2865 1226 2925 eliorment.
1243 2865 1310 2926 linc

257 2951 352 3025 itaque
361 2952 484 3010 uanitate
499 2951 614 3019 reiecta,
625 2950 750 3023 titulum,
762 2967 800 3009 ea
810 2966 867 3024 qno
879 2952 925 3010 ins
938 2951 1091 3010 efflorescit
1100 2951 1131 3010 in
1139 2949 1196 3011 neo
1208 2949 1309 3023 legem

257 3036 366 3095 lerandi
384 3035 557 3109 bominibus,
574 3036 771 3110 reponendum
791 3033 951 3095 iudicamus
970 3037 1001 3094 in
1021 3036 1148 3095 dominio
1163 3035 1239 3109 qnod
1261 3035 1308 3095 illi

257 3121 391 3196 competit
402 3127 546 3194 tamquam
561 3134 715 3194 supremae
730 3135 834 3180 causac
848 3127 876 3179 et
886 3121 995 3180 anoton
1008 3126 1137 3180 naturae.
1152 3119 1310 3178 Evidenter

257 3207 336 3266 enim
350 3213 447 3266 auctor
466 3207 517 3279 rei,
534 3206 667 3265 dominus
681 3206 812 3265 eiusdem
823 3212 880 3279 est3
892 3221 926 3265 ac
937 3205 1056 3279 proinde
1071 3205 1195 3264 illamad
1214 3205 1307 3264 linem

257 3293 388 3352 ordinare
401 3296 430 3351 et
442 3291 524 3350 iuxta
538 3290 713 3363 exigentium
727 3291 794 3350 linis
813 3292 955 3350 moderari
971 3297 1069 3365 potest.
1087 3290 1149 3349 lion
1165 3289 1312 3362 eumdem

166 3395 169 3402 ·
256 3377 367 3437 inlicior
380 3377 413 3435 ad
430 3377 502 3436 iuris
520 3376 605 3435 huius
621 3391 705 3434 usum
719 3385 748 3435 et
762 3377 873 3434 actuale
887 3375 1058 3436 exercitium
1075 3374 1133 3434 alia
1146 3374 1234 3433 etiarn
1251 3372 1311 3432 bet

257 3459 392 3522 attributa
405 3477 583 3534 conerrrrere,
599 3463 747 3529 nimirnm,
765 3461 945 3536 sapientiam,
957 3462 1124 3534 bonitatem,
1134 3460 1310 3535 potentiam,

257 3554 285 3607 et
297 3555 391 3608 cetera
404 3548 553 3616 ebtsmodi.
570 3549 623 3606 Sed
637 3549 661 3606 si
678 3549 769 3622 prima
788 3548 872 3606 radia
885 3547 1059 3606 considerari
1076 3546 1144 3606 velit
1162 3545 1240 3604 nude
1257 3545 1313 3604 ins

257 3632 350 3707 ipsum
361 3633 488 3708 pullulet,
497 3649 531 3692 aa
545 3633 575 3692 in
590 3633 642 3693 boc
652 3634 778 3694 cernitur
790 3634 865 3706 quod
880 3632 965 3691 bomo
974 3633 1088 3692 divinae
1102 3629 1205 3690 ditioni
1219 3630 1314 3704 pani·

259 3723 302 3778 tus
316 3719 475 3793 subiaceat,
489 3733 556 3778 cnm
570 3718 708 3792 quidquid
722 3718 808 3777 babet
821 3733 839 3777 a
852 3718 908 3777 lieo
923 3732 974 3792 per
983 3715 1157 3778 creadouem
1170 3729 1316 3790 suscepe-

301 3898 964 3968 armiaow.aam.nr,er,p.to.
