2767 4492
229 285 280 347 dil
654 295 816 340 mumma

196 420 202 426 -
226 387 321 446 biliter
333 381 477 447 devinctus
491 375 625 450 seruant,
641 376 756 436 stimulo
770 376 909 436 carebunt
921 381 950 438 et
959 391 1056 453 causa,
1071 393 1129 454 quia
1140 381 1179 440 ad
1187 381 1269 442 eius·

225 469 304 530 modi
319 465 483 525 societatem
504 460 727 521 conservandam
746 465 775 519 et
788 461 950 534 aagendam
966 461 1130 522 incitentur.
1145 464 1189 522 lin
1206 480 1268 537 pun

226 551 309 612 iacile
324 553 441 622 apparet
454 543 594 618 sapientia
609 543 716 602 summi
730 542 896 616 cormunis,
919 545 970 618 uui
984 545 1114 604 ordinem
1126 561 1267 620 superua-

225 633 346 694 brralem
365 628 489 688 naturali
505 627 547 686 sic
565 625 710 697 innexuit,
725 631 759 684 ut
773 625 846 684 alter
864 626 946 685 alteri
960 626 1154 700 opibrlaremr.
1173 629 1268 688 lmmo

223 713 401 792 providentia
414 711 499 786 plane
514 709 639 768 mirabili
653 707 695 767 sic
708 723 755 766 res
769 707 942 782 disposuisse
956 709 1083 782 videtum
1099 710 1208 770 utordo
1217 726 1268 770 su·

224 793 494 876 pernaturalis,qui
513 791 605 864 magis
619 791 747 864 interest,
769 791 858 850 ueluti
876 792 1001 851 mnditia
1019 798 1104 866 esset,
1124 793 1187 852 sine
1205 809 1269 866 uua

223 881 361 944 naturalis
370 879 439 938 ordo
451 876 652 949 undecumque
663 876 805 949 perlectus
814 876 935 935 eradere
946 891 1005 935 non
1015 882 1119 951 posset.
1130 877 1175 936 Sic
1183 879 1269 938 euim

223 967 331 1026 iactum
348 967 392 1022 est
409 965 441 1020 ut
459 959 589 1018 homines
608 958 644 1016 ad
663 958 747 1018 illum
766 959 962 1033 quaerendum
982 959 1162 1032 temporariis
1175 962 1269 1021 etiam

219 1042 594 1116 utilitatibusr'mpellantur.

258 1132 346 1204 loque
360 1128 428 1186 binc
442 1126 529 1185 etiam
543 1125 629 1184 claret
643 1140 731 1198 quam
740 1124 822 1183 valde
835 1125 1015 1184 necessarius
1024 1125 1062 1183 sit
1072 1125 1202 1185 influxus
1212 1127 1268 1186 lic-

222 1212 336 1284 clesiae,
352 1215 386 1268 ut
400 1209 521 1268 societas
534 1207 762 1267 intemationalis
775 1209 865 1265 linem
878 1207 1009 1280 attingat,
1024 1213 1140 1281 propter
1149 1224 1268 1288 quema

221 1301 325 1356 namra
337 1291 504 1364 instituitur,
520 1295 606 1364 atque
621 1290 844 1348 instrumentum
857 1290 999 1348 eillciatur
1013 1290 1118 1349 tutelae
1128 1295 1158 1349 et
1169 1293 1269 1366 perie-

221 1377 333 1450 ctiouis,
347 1391 407 1435 uon
420 1388 488 1434 vero
507 1373 539 1432 in
558 1371 687 1431 medium
703 1371 853 1431 uiolentiae
866 1377 896 1434 ct
908 1373 1085 1446 corruptelae
1098 1373 1266 1447 degeneret.

220 1461 292 1520 llam
305 1474 372 1518 cum
385 1456 525 1517 eiusmodi
543 1455 663 1514 societas
677 1469 843 1528 supremum
858 1455 947 1514 veluti
961 1454 1086 1514 tribuual
1099 1457 1266 1525 constituat,

221 1559 239 1603 a
252 1558 309 1618 quo
322 1542 471 1601 nationum
486 1537 697 1599 controversiae
707 1537 902 1596 diiudicentur
910 1553 1066 1611 earumque
1075 1539 1163 1598 ueluti
1172 1547 1267 1600 sortes

219 1627 376 1700 pendeant3
394 1629 472 1682 tanta
491 1627 587 1680 autem
602 1621 630 1679 ai
645 1622 814 1692 instruatur,
830 1628 862 1679 ut
875 1621 969 1680 eidem
982 1622 1078 1682 resisti
1097 1622 1145 1680 rix
1159 1629 1212 1681 aut
1224 1640 1267 1684 ne

220 1709 271 1768 vin
285 1708 401 1780 quidem
415 1706 516 1780 possit:
534 1717 715 1776 summopere
728 1709 757 1762 et
769 1703 897 1762 maxime
911 1709 1103 1778 opportunum
1116 1710 1203 1764 estut
1219 1707 1265 1766 ri-

219 1791 338 1866 gilantia
352 1795 381 1849 et
394 1789 535 1863 praesidio
549 1787 610 1845 eius
625 1787 801 1845 auctoritatis
812 1791 936 1858 regatur,
947 1802 1022 1860 quae
1032 1787 1090 1845 vim
1101 1803 1266 1848 suamnou·

219 1875 275 1934 nisi
290 1889 327 1932 ex
340 1871 450 1932 iustitia
471 1875 627 1940 mutuatur,
645 1873 674 1926 et
689 1872 746 1926 tota
760 1873 866 1942 quanta
880 1873 923 1926 est
937 1868 1031 1928 ordini
1045 1870 1148 1928 morali
1165 1878 1264 1930 custo·

217 1949 323 2016 cluendo
337 1961 421 2028 atoue
436 1951 636 2025 amplificando
649 1950 795 2023 advigilat.
807 1951 955 2009 Praeterea
968 1951 1103 2024 bequens
1112 1957 1142 2010 et
1150 1953 1265 2012 stabilis

218 2040 369 2099 nationum
383 2033 615 2106 communicatio,
632 2048 807 2107 quamquam
821 2049 875 2107 per
893 2049 924 2092 se
941 2033 1023 2092 iuxta
1042 2049 1161 2108 scopum
1181 2041 1265 2095 natu·
1368 2031 1383 2046 “

218 2137 269 2181 rae
283 2121 318 2180 ad
333 2124 464 2177 mutuum
480 2117 620 2175 auxilium
634 2117 837 2190 praestandum
852 2122 938 2188 atque
951 2117 1141 2176 moralitatem
1154 2133 1264 2191 augen-

217 2205 286 2262 dam
299 2205 423 2276 spectet3
440 2199 625 2258 nibilominus
640 2199 709 2258 vitio
724 2199 881 2270 praesentis
899 2199 1051 2259 bominum
1070 2201 1264 2274 corruptionis

218 2285 304 2344 facile
324 2283 476 2342 admodum
492 2284 529 2341 ad
543 2297 637 2340 mores
651 2283 747 2355 potius
761 2283 940 2356 singularum
954 2283 1083 2355 gentium
1096 2298 1264 2343 commacu·

217 2363 318 2422 landos
332 2361 458 2422 converti
473 2367 573 2435 potest
584 2362 662 2421 Unde
671 2361 757 2433 Plato,
773 2361 957 2434 antiquorum
967 2361 1206 2434 sapientissimus,
1215 2364 1263 2422 rel

218 2447 314 2520 ipsum
328 2446 533 2504 commercium
553 2445 627 2503 inter
648 2447 758 2516 gentes,
774 2459 811 2502 ue
825 2458 926 2502 earum
943 2459 1038 2503 mores
1054 2450 1262 2519 corrumperet,

217 2529 411 2588 aversabatur.
427 2529 462 2587 llt
481 2528 568 2600 igitur
589 2531 699 2585 mutum
714 2526 823 2584 malum
841 2526 1008 2597 declinetur,
1024 2527 1102 2585 omui
1122 2543 1192 2585 cura
1212 2543 1263 2587 ca·

216 2613 343 2671 rendum
357 2616 400 2670 est
413 2625 451 2678 ne
466 2609 573 2668 talsitas
588 2623 654 2668 vero
668 2609 807 2668 etvitinm
822 2609 921 2668 uirtuti
934 2609 1107 2668 dominetur.
1119 2609 1151 2668 ld
1161 2617 1264 2670 autem

217 2697 300 2756 aliter
320 2695 441 2755 obtineri
458 2694 566 2766 nequit,
583 2693 639 2752 nisi
661 2693 802 2766 praesidio
818 2693 991 2753 christianae
1009 2693 1166 2766 religionis,
1184 2709 1263 2768 quae

217 2779 325 2838 ordinis
334 2776 450 2836 moralis
460 2775 617 2836 detensioni
625 2775 754 2834 assidens
764 2774 939 2848 turpificatos
948 2791 1042 2836 mores
1051 2776 1263 2848 ingiteremen·

218 2861 286 2920 darc
301 2860 403 2932 studet,
419 2863 448 2916 et
462 2863 614 2916 torrentem
629 2858 718 2916 veluti
732 2857 805 2917 lucis
818 2857 848 2915 in
866 2859 996 2918 nationes
1008 2859 1169 2931 effundens,
1183 2874 1263 2920 erro

218 2945 260 3002 ris
274 2942 405 3002 tenebras
420 2941 533 2999 assidue
543 2940 668 3000 discutit.

252 3026 315 3084 ili.
332 3027 419 3097 Atque
434 3024 494 3097 ipse
514 3039 611 3083 rerum
626 3025 695 3083 ordo
714 3039 768 3083 nos
788 3024 904 3083 adducit
924 3025 1040 3084 adrem
1059 3025 1181 3084 maximi
1197 3041 1260 3086 mo

216 3109 306 3167 menti
320 3109 351 3166 in
365 3107 419 3165 bac
433 3109 552 3166 materia
567 3107 811 3186 considerandam,
829 3107 966 3166 nimirum
980 3108 1120 3167 eiusmodi
1135 3107 1260 3168 Catholi-

219 3207 270 3249 cae
281 3189 422 3249 Ecclesiae
437 3189 580 3248 iulluxum
594 3196 622 3248 et
637 3191 754 3249 tutelam
769 3189 962 3249 conditionem
976 3191 1126 3264 complecti
1138 3193 1262 3252 omniuo

215 3272 406 3332 necessariam
421 3271 457 3330 ad
471 3287 651 3346 progressum
666 3273 779 3346 generis
798 3270 918 3331 burmani
933 3273 1123 3346 gignendum
1140 3274 1192 3345 qui
1214 3289 1263 3334 ce

217 3355 357 3428 tamquiu,
376 3369 410 3413 eo
423 3353 536 3412 influxu
550 3359 667 3426 semoto,
685 3371 736 3428 per
750 3356 913 3413 societatem
929 3354 1179 3413 internetionalem
1199 3371 1263 3416 non

216 3437 303 3496 modo
315 3451 373 3495 non
388 3442 464 3495 certo
478 3437 640 3509 haberetur,
656 3437 707 3495 sed
721 3437 804 3495 iacile
818 3436 849 3495 in
864 3452 1026 3509 regressum
1040 3442 1069 3496 ct
1082 3437 1211 3496 reditum
1223 3441 1260 3498 ad
1377 3480 1378 3489 .

216 3518 379 3577 barbariem
393 3524 612 3578 conuerteretur.
630 3519 701 3578 llam
718 3525 835 3577 mutuus
854 3519 1003 3577 nationum
1017 3523 1175 3592 contactus,
1198 3537 1258 3594 quo
1377 3576 1378 3579 ,

217 3599 326 3659 firmior
340 3606 383 3659 est
397 3615 431 3658 ac
444 3601 535 3674 latior,
546 3617 579 3660 eo
593 3603 730 3660 maiorem
744 3609 853 3660 motum
867 3601 937 3675 ipsis
949 3600 1101 3675 imprimit;
1114 3606 1177 3660 tum
1187 3604 1260 3676 quia
1377 3670 1378 3675 ,

216 3682 394 3755 singularum
408 3683 535 3756 gentium
550 3685 740 3758 coguitionem
751 3691 780 3744 et
789 3684 908 3759 proinde
921 3684 1062 3743 desideria
1071 3683 1182 3756 dilatat,
1194 3691 1258 3743 tum

218 3763 286 3832 quia
300 3765 465 3826 earumdem
479 3767 566 3828 veluti
580 3783 750 3828 concursum
765 3775 851 3841 creat,
867 3772 896 3827 et
910 3766 1053 3827 sociarum
1061 3765 1260 3827 additamento
1376 3810 1377 3817 .
