<?xml version="1.0" encoding="UTF-8"?>
<!DOCTYPE html PUBLIC "-//W3C//DTD XHTML 1.0 Transitional//EN"
    "http://www.w3.org/TR/xhtml1/DTD/xhtml1-transitional.dtd">
<html xmlns="http://www.w3.org/1999/xhtml" xml:lang="en" lang="en">
 <head>
  <title>
</title>
<meta http-equiv="Content-Type" content="text/html;charset=utf-8" />
  <meta name='ocr-system' content='tesseract 3.04.00' />
  <meta name='ocr-capabilities' content='ocr_page ocr_carea ocr_par ocr_line ocrx_word'/>
</head>
<body>
  <div class='ocr_page' id='page_1' title='image "./institutionesph00libegoog_0011.png"; bbox 0 0 2767 4492; ppageno 0'>
   <div class='ocr_carea' id='block_1_1' title="bbox 566 375 1175 424">
    <p class='ocr_par' dir='ltr' id='par_1_1' title="bbox 566 375 1175 424">
     <span class='ocr_line' id='line_1_1' title="bbox 566 375 1175 424; baseline 0.007 -4"><span class='ocrx_word' id='word_1_1' title='bbox 566 375 733 422; x_wconf 73' lang='lat' dir='ltr'><strong><em>Pususs&#39;sso</em></strong></span> <span class='ocrx_word' id='word_1_2' title='bbox 1130 375 1175 424; x_wconf 81' lang='lat' dir='ltr'><strong><em>vll</em></strong></span> 
     </span>
    </p>
   </div>
   <div class='ocr_carea' id='block_1_2' title="bbox 132 465 1175 1069">
    <p class='ocr_par' dir='ltr' id='par_1_2' title="bbox 132 465 1175 1069">
     <span class='ocr_line' id='line_1_2' title="bbox 179 465 1171 550; baseline 0.002 -17"><span class='ocrx_word' id='word_1_3' title='bbox 179 467 343 534; x_wconf 75' lang='lat' dir='ltr'><strong><em>Eimmodi</em></strong></span> <span class='ocrx_word' id='word_1_4' title='bbox 357 475 576 550; x_wconf 82' lang='lat' dir='ltr'><strong><em>orpumentum</em></strong></span> <span class='ocrx_word' id='word_1_5' title='bbox 592 465 789 531; x_wconf 86' lang='lat' dir='ltr'><strong><em>tractandum</em></strong></span> <span class='ocrx_word' id='word_1_6' title='bbox 805 467 929 531; x_wconf 84' lang='lat' dir='ltr'><strong><em>anobis</em></strong></span> <span class='ocrx_word' id='word_1_7' title='bbox 940 483 998 532; x_wconf 86' lang='lat' dir='ltr'><strong><em>sno</em></strong></span> <span class='ocrx_word' id='word_1_8' title='bbox 1010 467 1077 533; x_wconf 92' lang='lat' dir='ltr'><strong><em>loco</em></strong></span> <span class='ocrx_word' id='word_1_9' title='bbox 1091 470 1150 536; x_wconf 87' lang='lat' dir='ltr'><strong><em>erit</em></strong></span> <span class='ocrx_word' id='word_1_10' title='bbox 1158 491 1171 542; x_wconf 91' lang='lat'><strong><em>,·</em></strong></span> 
     </span>
     <span class='ocr_line' id='line_1_3' title="bbox 133 568 1172 654; baseline -0.002 -16"><span class='ocrx_word' id='word_1_11' title='bbox 133 571 245 638; x_wconf 77' lang='lat' dir='ltr'><strong><em>sedhic</em></strong></span> <span class='ocrx_word' id='word_1_12' title='bbox 258 575 294 636; x_wconf 89' lang='lat' dir='ltr'><strong><em>in</em></strong></span> <span class='ocrx_word' id='word_1_13' title='bbox 305 570 485 654; x_wconf 79' lang='lat' dir='ltr'><strong><em>praefando</em></strong></span> <span class='ocrx_word' id='word_1_14' title='bbox 501 569 621 652; x_wconf 80' lang='lat' dir='ltr'><strong><em>aliquid</em></strong></span> <span class='ocrx_word' id='word_1_15' title='bbox 634 569 774 635; x_wconf 84' lang='lat' dir='ltr'><strong><em>indicare</em></strong></span> <span class='ocrx_word' id='word_1_16' title='bbox 784 568 942 635; x_wconf 84' lang='lat' dir='ltr'><strong><em>voluimus</em></strong></span> <span class='ocrx_word' id='word_1_17' title='bbox 957 589 1028 636; x_wconf 87' lang='lat' dir='ltr'><strong><em>eum</em></strong></span> <span class='ocrx_word' id='word_1_18' title='bbox 1042 580 1172 654; x_wconf 87' lang='lat' dir='ltr'><strong><em>propter</em></strong></span> 
     </span>
     <span class='ocr_line' id='line_1_4' title="bbox 132 672 1172 758; baseline 0.002 -18"><span class='ocrx_word' id='word_1_19' title='bbox 132 676 180 742; x_wconf 87' lang='lat' dir='ltr'><strong><em>sei</em></strong></span> <span class='ocrx_word' id='word_1_20' title='bbox 198 677 406 758; x_wconf 69' lang='lat' dir='ltr'><strong><em>crassitatem,</em></strong></span> <span class='ocrx_word' id='word_1_21' title='bbox 430 673 604 739; x_wconf 86' lang='lat' dir='ltr'><strong><em>tumetium</em></strong></span> <span class='ocrx_word' id='word_1_22' title='bbox 621 680 657 737; x_wconf 87' lang='lat' dir='ltr'><strong><em>ut</em></strong></span> <span class='ocrx_word' id='word_1_23' title='bbox 674 673 741 738; x_wconf 87' lang='lat' dir='ltr'><strong><em>iam</em></strong></span> <span class='ocrx_word' id='word_1_24' title='bbox 755 674 845 738; x_wconf 86' lang='lat' dir='ltr'><strong><em>initio</em></strong></span> <span class='ocrx_word' id='word_1_25' title='bbox 860 672 977 738; x_wconf 76' lang='lat' dir='ltr'><strong><em>indoles</em></strong></span> <span class='ocrx_word' id='word_1_26' title='bbox 992 673 1172 742; x_wconf 88' lang='lat' dir='ltr'><strong><em>declarare·</em></strong></span> 
     </span>
     <span class='ocr_line' id='line_1_5' title="bbox 135 777 1174 870; baseline 0.002 -26"><span class='ocrx_word' id='word_1_27' title='bbox 135 785 197 853; x_wconf 89' lang='lat' dir='ltr'><strong><em>tur,</em></strong></span> <span class='ocrx_word' id='word_1_28' title='bbox 210 797 273 870; x_wconf 78' lang='lat' dir='ltr'><strong><em>pua</em></strong></span> <span class='ocrx_word' id='word_1_29' title='bbox 285 781 342 844; x_wconf 81' lang='lat' dir='ltr'><strong><em>icae</em></strong></span> <span class='ocrx_word' id='word_1_30' title='bbox 352 784 477 843; x_wconf 90' lang='lat' dir='ltr'><strong><em>nostrae</em></strong></span> <span class='ocrx_word' id='word_1_31' title='bbox 491 778 700 844; x_wconf 72' lang='lat' dir='ltr'><strong><em>institutiones</em></strong></span> <span class='ocrx_word' id='word_1_32' title='bbox 713 778 937 860; x_wconf 78' lang='lat' dir='ltr'><strong><em>insomnantur.</em></strong></span> <span class='ocrx_word' id='word_1_33' title='bbox 954 777 1008 846; x_wconf 80' lang='lat' dir='ltr'><strong><em>su</em></strong></span> <span class='ocrx_word' id='word_1_34' title='bbox 1022 780 1106 844; x_wconf 91' lang='lat' dir='ltr'><strong><em>enim</em></strong></span> <span class='ocrx_word' id='word_1_35' title='bbox 1119 798 1174 846; x_wconf 90' lang='lat' dir='ltr'><strong><em>eas</em></strong></span> 
     </span>
     <span class='ocr_line' id='line_1_6' title="bbox 134 881 1174 964; baseline 0.001 -17"><span class='ocrx_word' id='word_1_36' title='bbox 134 882 385 964; x_wconf 79' lang='lat' dir='ltr'><strong><em>lucislrouimus,</em></strong></span> <span class='ocrx_word' id='word_1_37' title='bbox 401 887 438 945; x_wconf 89' lang='lat' dir='ltr'><strong><em>ut</em></strong></span> <span class='ocrx_word' id='word_1_38' title='bbox 451 881 569 946; x_wconf 84' lang='lat' dir='ltr'><strong><em>rationi</em></strong></span> <span class='ocrx_word' id='word_1_39' title='bbox 591 884 748 947; x_wconf 77' lang='lat' dir='ltr'><strong><em>humanae</em></strong></span> <span class='ocrx_word' id='word_1_40' title='bbox 762 899 859 963; x_wconf 79' lang='lat' dir='ltr'><strong><em>neque</em></strong></span> <span class='ocrx_word' id='word_1_41' title='bbox 872 881 945 964; x_wconf 88' lang='lat' dir='ltr'><strong><em>plns</em></strong></span> <span class='ocrx_word' id='word_1_42' title='bbox 959 883 1174 948; x_wconf 81' lang='lat' dir='ltr'><strong><em>concederetur</em></strong></span> 
     </span>
     <span class='ocr_line' id='line_1_7' title="bbox 135 982 1175 1069; baseline 0.001 -17"><span class='ocrx_word' id='word_1_43' title='bbox 135 1003 233 1068; x_wconf 78' lang='lat' dir='ltr'><strong><em>quam</em></strong></span> <span class='ocrx_word' id='word_1_44' title='bbox 247 987 307 1068; x_wconf 88' lang='lat' dir='ltr'><strong><em>ipsi</em></strong></span> <span class='ocrx_word' id='word_1_45' title='bbox 322 985 475 1067; x_wconf 89' lang='lat' dir='ltr'><strong><em>competit,</em></strong></span> <span class='ocrx_word' id='word_1_46' title='bbox 489 1003 587 1068; x_wconf 82' lang='lat' dir='ltr'><strong><em>neque</em></strong></span> <span class='ocrx_word' id='word_1_47' title='bbox 601 982 771 1069; x_wconf 77' lang='lat' dir='ltr'><strong><em>quidquam</em></strong></span> <span class='ocrx_word' id='word_1_48' title='bbox 780 985 995 1062; x_wconf 50' lang='lat' dir='ltr'><strong><em>‚detrammtur</em></strong></span> <span class='ocrx_word' id='word_1_49' title='bbox 1007 987 1089 1069; x_wconf 79' lang='lat' dir='ltr'><strong><em>quod</em></strong></span> <span class='ocrx_word' id='word_1_50' title='bbox 1103 1005 1175 1053; x_wconf 90' lang='lat' dir='ltr'><strong><em>mu·</em></strong></span> 
     </span>
    </p>
   </div>
   <div class='ocr_carea' id='block_1_3' title="bbox 133 1086 1258 2920">
    <p class='ocr_par' dir='ltr' id='par_1_3' title="bbox 133 1086 1179 1686">
     <span class='ocr_line' id='line_1_8' title="bbox 133 1086 1174 1173; baseline 0 -17"><span class='ocrx_word' id='word_1_51' title='bbox 133 1090 383 1173; x_wconf 74' lang='lat' dir='ltr'><strong><em>uificentissimus</em></strong></span> <span class='ocrx_word' id='word_1_52' title='bbox 396 1086 546 1154; x_wconf 81' lang='lat' dir='ltr'><strong><em>Conditor</em></strong></span> <span class='ocrx_word' id='word_1_53' title='bbox 562 1088 660 1154; x_wconf 90' lang='lat' dir='ltr'><strong><em>eidem</em></strong></span> <span class='ocrx_word' id='word_1_54' title='bbox 674 1089 808 1170; x_wconf 73' lang='lat' dir='ltr'><strong><em>larcitus</em></strong></span> <span class='ocrx_word' id='word_1_55' title='bbox 818 1096 881 1153; x_wconf 76' lang='lat' dir='ltr'><strong><em>sst.</em></strong></span> <span class='ocrx_word' id='word_1_56' title='bbox 902 1090 995 1168; x_wconf 78' lang='lat' dir='ltr'><strong><em>Quod</em></strong></span> <span class='ocrx_word' id='word_1_57' title='bbox 1008 1090 1132 1172; x_wconf 81' lang='lat' dir='ltr'><strong><em>quidem</em></strong></span> <span class='ocrx_word' id='word_1_58' title='bbox 1145 1092 1174 1156; x_wconf 91' lang='lat' dir='ltr'><strong><em>si</em></strong></span> 
     </span>
     <span class='ocr_line' id='line_1_9' title="bbox 133 1191 1174 1276; baseline 0.001 -18"><span class='ocrx_word' id='word_1_59' title='bbox 133 1211 265 1276; x_wconf 81' lang='lat' dir='ltr'><strong><em>seraper,</em></strong></span> <span class='ocrx_word' id='word_1_60' title='bbox 278 1211 362 1258; x_wconf 89' lang='lat' dir='ltr'><strong><em>nunc</em></strong></span> <span class='ocrx_word' id='word_1_61' title='bbox 375 1193 516 1256; x_wconf 73' lang='lat' dir='ltr'><strong><em>manime</em></strong></span> <span class='ocrx_word' id='word_1_62' title='bbox 526 1208 601 1274; x_wconf 87' lang='lat' dir='ltr'><strong><em>prae</em></strong></span> <span class='ocrx_word' id='word_1_63' title='bbox 613 1191 711 1256; x_wconf 90' lang='lat' dir='ltr'><strong><em>oculis</em></strong></span> <span class='ocrx_word' id='word_1_64' title='bbox 722 1191 873 1257; x_wconf 78' lang='lat' dir='ltr'><strong><em>labemur</em></strong></span> <span class='ocrx_word' id='word_1_65' title='bbox 887 1201 1017 1275; x_wconf 76' lang='lat' dir='ltr'><strong><em>oportet,</em></strong></span> <span class='ocrx_word' id='word_1_66' title='bbox 1028 1212 1100 1258; x_wconf 90' lang='lat' dir='ltr'><strong><em>cum</em></strong></span> <span class='ocrx_word' id='word_1_67' title='bbox 1113 1195 1174 1259; x_wconf 85' lang='lat' dir='ltr'><strong><em>lm·</em></strong></span> 
     </span>
     <span class='ocr_line' id='line_1_10' title="bbox 134 1289 1176 1378; baseline 0.002 -18"><span class='ocrx_word' id='word_1_68' title='bbox 134 1295 272 1362; x_wconf 88' lang='lat' dir='ltr'><strong><em>iusmodi</em></strong></span> <span class='ocrx_word' id='word_1_69' title='bbox 286 1294 506 1368; x_wconf 85' lang='lat' dir='ltr'><strong><em>controuersia,</em></strong></span> <span class='ocrx_word' id='word_1_70' title='bbox 518 1295 553 1358; x_wconf 85' lang='lat' dir='ltr'><strong><em>iu</em></strong></span> <span class='ocrx_word' id='word_1_71' title='bbox 566 1289 673 1358; x_wconf 84' lang='lat' dir='ltr'><strong><em>Gallia</em></strong></span> <span class='ocrx_word' id='word_1_72' title='bbox 686 1295 879 1375; x_wconf 86' lang='lat' dir='ltr'><strong><em>praesertim,</em></strong></span> <span class='ocrx_word' id='word_1_73' title='bbox 891 1295 1006 1360; x_wconf 84' lang='lat' dir='ltr'><strong><em>acriter</em></strong></span> <span class='ocrx_word' id='word_1_74' title='bbox 1019 1296 1176 1378; x_wconf 70' lang='lat' dir='ltr'><strong><em>refertae-</em></strong></span> 
     </span>
     <span class='ocr_line' id='line_1_11' title="bbox 134 1394 1177 1482; baseline -0.001 -18"><span class='ocrx_word' id='word_1_75' title='bbox 134 1401 192 1479; x_wconf 86' lang='lat' dir='ltr'><strong><em>rit,</em></strong></span> <span class='ocrx_word' id='word_1_76' title='bbox 210 1405 240 1464; x_wconf 92' lang='lat' dir='ltr'><strong><em>et</em></strong></span> <span class='ocrx_word' id='word_1_77' title='bbox 252 1417 318 1462; x_wconf 90' lang='lat' dir='ltr'><strong><em>non</em></strong></span> <span class='ocrx_word' id='word_1_78' title='bbox 333 1397 425 1462; x_wconf 89' lang='lat' dir='ltr'><strong><em>mado</em></strong></span> <span class='ocrx_word' id='word_1_79' title='bbox 440 1394 574 1460; x_wconf 77' lang='lat' dir='ltr'><strong><em>imbelles</em></strong></span> <span class='ocrx_word' id='word_1_80' title='bbox 594 1401 707 1458; x_wconf 89' lang='lat' dir='ltr'><strong><em>mentes</em></strong></span> <span class='ocrx_word' id='word_1_81' title='bbox 724 1403 815 1477; x_wconf 80' lang='lat' dir='ltr'><strong><em>atque</em></strong></span> <span class='ocrx_word' id='word_1_82' title='bbox 830 1397 949 1482; x_wconf 81' lang='lat' dir='ltr'><strong><em>eosqui</em></strong></span> <span class='ocrx_word' id='word_1_83' title='bbox 964 1400 1054 1479; x_wconf 80' lang='lat' dir='ltr'><strong><em>quasi</em></strong></span> <span class='ocrx_word' id='word_1_84' title='bbox 1070 1399 1108 1462; x_wconf 91' lang='lat' dir='ltr'><strong><em>de</em></strong></span> <span class='ocrx_word' id='word_1_85' title='bbox 1123 1401 1177 1464; x_wconf 86' lang='lat' dir='ltr'><strong><em>in·-</em></strong></span> 
     </span>
     <span class='ocr_line' id='line_1_12' title="bbox 138 1496 1179 1583; baseline 0.002 -17"><span class='ocrx_word' id='word_1_86' title='bbox 138 1501 263 1566; x_wconf 88' lang='lat' dir='ltr'><strong><em>dustria</em></strong></span> <span class='ocrx_word' id='word_1_87' title='bbox 277 1499 431 1565; x_wconf 85' lang='lat' dir='ltr'><strong><em>deteriora</em></strong></span> <span class='ocrx_word' id='word_1_88' title='bbox 444 1504 601 1564; x_wconf 89' lang='lat' dir='ltr'><strong><em>sectantur</em></strong></span> <span class='ocrx_word' id='word_1_89' title='bbox 616 1546 624 1575; x_wconf 98' lang='lat'><strong><em>,</em></strong></span> <span class='ocrx_word' id='word_1_90' title='bbox 640 1498 693 1563; x_wconf 87' lang='lat' dir='ltr'><strong><em>sed</em></strong></span> <span class='ocrx_word' id='word_1_91' title='bbox 706 1496 810 1562; x_wconf 85' lang='lat' dir='ltr'><strong><em>uiriles</em></strong></span> <span class='ocrx_word' id='word_1_92' title='bbox 830 1499 923 1563; x_wconf 89' lang='lat' dir='ltr'><strong><em>etiam</em></strong></span> <span class='ocrx_word' id='word_1_93' title='bbox 946 1500 1069 1566; x_wconf 89' lang='lat' dir='ltr'><strong><em>animos</em></strong></span> <span class='ocrx_word' id='word_1_94' title='bbox 1087 1519 1179 1583; x_wconf 87' lang='lat' dir='ltr'><strong><em>saepe</em></strong></span> 
     </span>
     <span class='ocr_line' id='line_1_13' title="bbox 136 1601 1173 1686; baseline 0.001 -18"><span class='ocrx_word' id='word_1_95' title='bbox 136 1603 273 1686; x_wconf 89' lang='lat' dir='ltr'><strong><em>decipiat</em></strong></span> <span class='ocrx_word' id='word_1_96' title='bbox 286 1651 295 1683; x_wconf 90' lang='lat'><strong><em>,</em></strong></span> <span class='ocrx_word' id='word_1_97' title='bbox 310 1620 418 1684; x_wconf 80' lang='lat' dir='ltr'><strong><em>eosque</em></strong></span> <span class='ocrx_word' id='word_1_98' title='bbox 432 1601 488 1684; x_wconf 82' lang='lat' dir='ltr'><strong><em>qui</em></strong></span> <span class='ocrx_word' id='word_1_99' title='bbox 503 1601 678 1684; x_wconf 78' lang='lat' dir='ltr'><strong><em>ceteroquin</em></strong></span> <span class='ocrx_word' id='word_1_100' title='bbox 693 1601 815 1682; x_wconf 90' lang='lat' dir='ltr'><strong><em>optima</em></strong></span> <span class='ocrx_word' id='word_1_101' title='bbox 828 1601 990 1667; x_wconf 88' lang='lat' dir='ltr'><strong><em>uoluntate</em></strong></span> <span class='ocrx_word' id='word_1_102' title='bbox 1003 1611 1173 1671; x_wconf 88' lang='lat' dir='ltr'><strong><em>ornantur.</em></strong></span> 
     </span>
    </p>

    <p class='ocr_par' dir='ltr' id='par_1_4' title="bbox 136 1704 1258 2920">
     <span class='ocr_line' id='line_1_14' title="bbox 181 1704 1175 1788; baseline -0.001 -16"><span class='ocrx_word' id='word_1_103' title='bbox 181 1705 244 1772; x_wconf 86' lang='lat' dir='ltr'><strong><em>His</em></strong></span> <span class='ocrx_word' id='word_1_104' title='bbox 259 1707 295 1772; x_wconf 83' lang='lat' dir='ltr'><strong><em>de</em></strong></span> <span class='ocrx_word' id='word_1_105' title='bbox 307 1713 425 1772; x_wconf 87' lang='lat' dir='ltr'><strong><em>natura</em></strong></span> <span class='ocrx_word' id='word_1_106' title='bbox 440 1704 620 1778; x_wconf 89' lang='lat' dir='ltr'><strong><em>doctrinae,</em></strong></span> <span class='ocrx_word' id='word_1_107' title='bbox 642 1721 738 1787; x_wconf 81' lang='lat' dir='ltr'><strong><em>quam</em></strong></span> <span class='ocrx_word' id='word_1_108' title='bbox 756 1705 931 1788; x_wconf 73' lang='lat' dir='ltr'><strong><em>sequimur,</em></strong></span> <span class='ocrx_word' id='word_1_109' title='bbox 950 1712 1023 1771; x_wconf 87' lang='lat' dir='ltr'><strong><em>onte</em></strong></span> <span class='ocrx_word' id='word_1_110' title='bbox 1036 1707 1175 1779; x_wconf 76' lang='lat' dir='ltr'><strong><em>notatis:</em></strong></span> 
     </span>
     <span class='ocr_line' id='line_1_15' title="bbox 136 1807 1173 1892; baseline -0.002 -17"><span class='ocrx_word' id='word_1_111' title='bbox 136 1827 243 1892; x_wconf 88' lang='lat' dir='ltr'><strong><em>pauca</em></strong></span> <span class='ocrx_word' id='word_1_112' title='bbox 257 1809 292 1874; x_wconf 91' lang='lat' dir='ltr'><strong><em>de</em></strong></span> <span class='ocrx_word' id='word_1_113' title='bbox 306 1809 459 1890; x_wconf 80' lang='lat' dir='ltr'><strong><em>praesenti</em></strong></span> <span class='ocrx_word' id='word_1_114' title='bbox 471 1807 601 1872; x_wconf 87' lang='lat' dir='ltr'><strong><em>editione</em></strong></span> <span class='ocrx_word' id='word_1_115' title='bbox 615 1807 767 1886; x_wconf 88' lang='lat' dir='ltr'><strong><em>dicamus,</em></strong></span> <span class='ocrx_word' id='word_1_116' title='bbox 784 1825 864 1890; x_wconf 79' lang='lat' dir='ltr'><strong><em>puae</em></strong></span> <span class='ocrx_word' id='word_1_117' title='bbox 875 1807 983 1873; x_wconf 83' lang='lat' dir='ltr'><strong><em>ordine</em></strong></span> <span class='ocrx_word' id='word_1_118' title='bbox 995 1817 1106 1875; x_wconf 86' lang='lat' dir='ltr'><strong><em>octaua</em></strong></span> <span class='ocrx_word' id='word_1_119' title='bbox 1117 1817 1173 1874; x_wconf 86' lang='lat' dir='ltr'><strong><em>est.</em></strong></span> 
     </span>
     <span class='ocr_line' id='line_1_16' title="bbox 136 1911 1172 1994; baseline -0.002 -16"><span class='ocrx_word' id='word_1_120' title='bbox 136 1912 226 1978; x_wconf 87' lang='lat' dir='ltr'><strong><em>Haec</em></strong></span> <span class='ocrx_word' id='word_1_121' title='bbox 240 1912 357 1990; x_wconf 79' lang='lat' dir='ltr'><strong><em>ceteris,</em></strong></span> <span class='ocrx_word' id='word_1_122' title='bbox 377 1930 457 1994; x_wconf 82' lang='lat' dir='ltr'><strong><em>quae</em></strong></span> <span class='ocrx_word' id='word_1_123' title='bbox 470 1917 712 1992; x_wconf 90' lang='lat' dir='ltr'><strong><em>praecesserunt,</em></strong></span> <span class='ocrx_word' id='word_1_124' title='bbox 726 1912 915 1976; x_wconf 80' lang='lat' dir='ltr'><strong><em>venementer</em></strong></span> <span class='ocrx_word' id='word_1_125' title='bbox 931 1911 1098 1985; x_wconf 89' lang='lat' dir='ltr'><strong><em>antecellit,</em></strong></span> <span class='ocrx_word' id='word_1_126' title='bbox 1119 1921 1172 1976; x_wconf 87' lang='lat' dir='ltr'><strong><em>nt·</em></strong></span> 
     </span>
     <span class='ocr_line' id='line_1_17' title="bbox 137 2013 1174 2100; baseline -0.001 -19"><span class='ocrx_word' id='word_1_127' title='bbox 137 2036 195 2100; x_wconf 81' lang='lat' dir='ltr'><strong><em>que</em></strong></span> <span class='ocrx_word' id='word_1_128' title='bbox 211 2034 289 2098; x_wconf 92' lang='lat' dir='ltr'><strong><em>opus</em></strong></span> <span class='ocrx_word' id='word_1_129' title='bbox 307 2015 372 2095; x_wconf 76' lang='lat' dir='ltr'><strong><em>fere</em></strong></span> <span class='ocrx_word' id='word_1_130' title='bbox 384 2032 423 2078; x_wconf 83' lang='lat' dir='ltr'><strong><em>ea</em></strong></span> <span class='ocrx_word' id='word_1_131' title='bbox 437 2015 557 2096; x_wconf 81' lang='lat' dir='ltr'><strong><em>intepro</em></strong></span> <span class='ocrx_word' id='word_1_132' title='bbox 573 2014 787 2078; x_wconf 88' lang='lat' dir='ltr'><strong><em>instauratam</em></strong></span> <span class='ocrx_word' id='word_1_133' title='bbox 799 2013 956 2095; x_wconf 61' lang='lat' dir='ltr'><strong><em>producit,</em></strong></span> <span class='ocrx_word' id='word_1_134' title='bbox 974 2013 1016 2078; x_wconf 84' lang='lat' dir='ltr'><strong><em>ln</em></strong></span> <span class='ocrx_word' id='word_1_135' title='bbox 1028 2015 1174 2096; x_wconf 87' lang='lat' dir='ltr'><strong><em>superio-</em></strong></span> 
     </span>
     <span class='ocr_line' id='line_1_18' title="bbox 138 2115 1242 2210; baseline -0.002 -27"><span class='ocrx_word' id='word_1_136' title='bbox 138 2120 227 2184; x_wconf 79' lang='lat' dir='ltr'><strong><em>ribus</em></strong></span> <span class='ocrx_word' id='word_1_137' title='bbox 237 2119 318 2183; x_wconf 87' lang='lat' dir='ltr'><strong><em>enim</em></strong></span> <span class='ocrx_word' id='word_1_138' title='bbox 328 2116 510 2182; x_wconf 82' lang='lat' dir='ltr'><strong><em>editionibus</em></strong></span> <span class='ocrx_word' id='word_1_139' title='bbox 519 2116 620 2180; x_wconf 91' lang='lat' dir='ltr'><strong><em>multa</em></strong></span> <span class='ocrx_word' id='word_1_140' title='bbox 629 2115 753 2198; x_wconf 80' lang='lat' dir='ltr'><strong><em>quidem</em></strong></span> <span class='ocrx_word' id='word_1_141' title='bbox 763 2116 820 2180; x_wconf 82' lang='lat' dir='ltr'><strong><em>leuc</em></strong></span> <span class='ocrx_word' id='word_1_142' title='bbox 830 2115 904 2180; x_wconf 92' lang='lat' dir='ltr'><strong><em>illac</em></strong></span> <span class='ocrx_word' id='word_1_143' title='bbox 918 2116 1173 2193; x_wconf 68' lang='lat' dir='ltr'><strong><em>emendaverams</em></strong></span> <span class='ocrx_word' id='word_1_144' title='bbox 1235 2199 1242 2210; x_wconf 91' lang='lat'><strong>.</strong></span> 
     </span>
     <span class='ocr_line' id='line_1_19' title="bbox 138 2217 1177 2302; baseline -0.001 -16"><span class='ocrx_word' id='word_1_145' title='bbox 138 2222 190 2286; x_wconf 85' lang='lat' dir='ltr'><strong><em>secl</em></strong></span> <span class='ocrx_word' id='word_1_146' title='bbox 206 2239 312 2298; x_wconf 87' lang='lat' dir='ltr'><strong><em>curae,</em></strong></span> <span class='ocrx_word' id='word_1_147' title='bbox 327 2219 436 2302; x_wconf 78' lang='lat' dir='ltr'><strong><em>quibus</em></strong></span> <span class='ocrx_word' id='word_1_148' title='bbox 449 2218 633 2295; x_wconf 82' lang='lat' dir='ltr'><strong><em>destinebcr,</em></strong></span> <span class='ocrx_word' id='word_1_149' title='bbox 650 2217 868 2300; x_wconf 90' lang='lat' dir='ltr'><strong><em>impedimento</em></strong></span> <span class='ocrx_word' id='word_1_150' title='bbox 888 2219 1029 2301; x_wconf 75' lang='lat' dir='ltr'><strong><em>sumat,</em></strong></span> <span class='ocrx_word' id='word_1_151' title='bbox 1052 2221 1177 2302; x_wconf 81' lang='lat' dir='ltr'><strong><em>quomi-</em></strong></span> 
     </span>
     <span class='ocr_line' id='line_1_20' title="bbox 138 2315 1180 2404; baseline 0.002 -18"><span class='ocrx_word' id='word_1_152' title='bbox 138 2341 199 2389; x_wconf 88' lang='lat' dir='ltr'><strong><em>nus</em></strong></span> <span class='ocrx_word' id='word_1_153' title='bbox 215 2315 325 2387; x_wconf 84' lang='lat' dir='ltr'><strong><em>omm‘a</em></strong></span> <span class='ocrx_word' id='word_1_154' title='bbox 337 2323 382 2388; x_wconf 89' lang='lat' dir='ltr'><strong><em>ito</em></strong></span> <span class='ocrx_word' id='word_1_155' title='bbox 397 2323 579 2402; x_wconf 84' lang='lat' dir='ltr'><strong><em>corriperem</em></strong></span> <span class='ocrx_word' id='word_1_156' title='bbox 594 2371 602 2400; x_wconf 92' lang='lat'><strong><em>,</em></strong></span> <span class='ocrx_word' id='word_1_157' title='bbox 618 2328 654 2385; x_wconf 90' lang='lat' dir='ltr'><strong><em>ut</em></strong></span> <span class='ocrx_word' id='word_1_158' title='bbox 668 2321 819 2404; x_wconf 76' lang='lat' dir='ltr'><strong><em>mihiipsi</em></strong></span> <span class='ocrx_word' id='word_1_159' title='bbox 833 2322 969 2403; x_wconf 71' lang='lat' dir='ltr'><strong><em>sarman</em></strong></span> <span class='ocrx_word' id='word_1_160' title='bbox 982 2323 1069 2388; x_wconf 88' lang='lat' dir='ltr'><strong><em>satis.</em></strong></span> <span class='ocrx_word' id='word_1_161' title='bbox 1087 2321 1180 2388; x_wconf 82' lang='lat' dir='ltr'><strong><em>Nunc</em></strong></span> 
     </span>
     <span class='ocr_line' id='line_1_21' title="bbox 139 2425 1179 2508; baseline 0.002 -18"><span class='ocrx_word' id='word_1_162' title='bbox 139 2428 280 2508; x_wconf 81' lang='lat' dir='ltr'><strong><em>primum</em></strong></span> <span class='ocrx_word' id='word_1_163' title='bbox 296 2431 417 2490; x_wconf 89' lang='lat' dir='ltr'><strong><em>tantum</em></strong></span> <span class='ocrx_word' id='word_1_164' title='bbox 431 2425 487 2489; x_wconf 89' lang='lat' dir='ltr'><strong><em>otii</em></strong></span> <span class='ocrx_word' id='word_1_165' title='bbox 502 2425 723 2506; x_wconf 81' lang='lat' dir='ltr'><strong><em>suppeditavit,</em></strong></span> <span class='ocrx_word' id='word_1_166' title='bbox 746 2432 782 2490; x_wconf 90' lang='lat' dir='ltr'><strong><em>ut</em></strong></span> <span class='ocrx_word' id='word_1_167' title='bbox 803 2425 943 2506; x_wconf 79' lang='lat' dir='ltr'><strong><em>sinpula,</em></strong></span> <span class='ocrx_word' id='word_1_168' title='bbox 969 2444 1047 2508; x_wconf 79' lang='lat' dir='ltr'><strong><em>quae</em></strong></span> <span class='ocrx_word' id='word_1_169' title='bbox 1060 2427 1179 2508; x_wconf 88' lang='lat' dir='ltr'><strong><em>scripta</em></strong></span> 
     </span>
     <span class='ocr_line' id='line_1_22' title="bbox 140 2527 1178 2610; baseline 0 -17"><span class='ocrx_word' id='word_1_170' title='bbox 140 2537 244 2607; x_wconf 86' lang='lat' dir='ltr'><strong><em>erant;</em></strong></span> <span class='ocrx_word' id='word_1_171' title='bbox 259 2529 301 2594; x_wconf 90' lang='lat' dir='ltr'><strong><em>ad</em></strong></span> <span class='ocrx_word' id='word_1_172' title='bbox 313 2529 463 2593; x_wconf 87' lang='lat' dir='ltr'><strong><em>trutinam</em></strong></span> <span class='ocrx_word' id='word_1_173' title='bbox 475 2527 664 2607; x_wconf 72' lang='lat' dir='ltr'><strong><em>resecarem,</em></strong></span> <span class='ocrx_word' id='word_1_174' title='bbox 675 2536 705 2591; x_wconf 90' lang='lat' dir='ltr'><strong><em>et</em></strong></span> <span class='ocrx_word' id='word_1_175' title='bbox 720 2527 854 2609; x_wconf 81' lang='lat' dir='ltr'><strong><em>desectus</em></strong></span> <span class='ocrx_word' id='word_1_176' title='bbox 869 2545 1090 2610; x_wconf 79' lang='lat' dir='ltr'><strong><em>eupunperem,</em></strong></span> <span class='ocrx_word' id='word_1_177' title='bbox 1104 2528 1178 2610; x_wconf 84' lang='lat' dir='ltr'><strong><em>qui·</em></strong></span> 
     </span>
     <span class='ocr_line' id='line_1_23' title="bbox 141 2630 1258 2713; baseline 0.001 -16"><span class='ocrx_word' id='word_1_178' title='bbox 141 2633 205 2698; x_wconf 82' lang='lat' dir='ltr'><strong><em>ius.</em></strong></span> <span class='ocrx_word' id='word_1_179' title='bbox 217 2633 282 2698; x_wconf 88' lang='lat' dir='ltr'><strong><em>sive</em></strong></span> <span class='ocrx_word' id='word_1_180' title='bbox 302 2632 337 2696; x_wconf 91' lang='lat' dir='ltr'><strong><em>in</em></strong></span> <span class='ocrx_word' id='word_1_181' title='bbox 359 2631 537 2710; x_wconf 88' lang='lat' dir='ltr'><strong><em>sententiis,</em></strong></span> <span class='ocrx_word' id='word_1_182' title='bbox 551 2630 614 2696; x_wconf 87' lang='lat' dir='ltr'><strong><em>sive</em></strong></span> <span class='ocrx_word' id='word_1_183' title='bbox 631 2631 665 2694; x_wconf 90' lang='lat' dir='ltr'><strong><em>in</em></strong></span> <span class='ocrx_word' id='word_1_184' title='bbox 682 2631 877 2712; x_wconf 74' lang='lat' dir='ltr'><strong><em>expositione</em></strong></span> <span class='ocrx_word' id='word_1_185' title='bbox 897 2649 946 2694; x_wconf 88' lang='lat' dir='ltr'><strong><em>ms</em></strong></span> <span class='ocrx_word' id='word_1_186' title='bbox 962 2649 1103 2713; x_wconf 81' lang='lat' dir='ltr'><strong><em>peccasse</em></strong></span> <span class='ocrx_word' id='word_1_187' title='bbox 1122 2649 1178 2698; x_wconf 89' lang='lat' dir='ltr'><strong><em>co·</em></strong></span> <span class='ocrx_word' id='word_1_188' title='bbox 1253 2684 1258 2698; x_wconf 91' lang='lat'><em>.</em></span> 
     </span>
     <span class='ocr_line' id='line_1_24' title="bbox 140 2733 1179 2818; baseline -0.004 -17"><span class='ocrx_word' id='word_1_189' title='bbox 140 2753 328 2816; x_wconf 77' lang='lat' dir='ltr'><strong><em>enascerem.</em></strong></span> <span class='ocrx_word' id='word_1_190' title='bbox 356 2737 463 2815; x_wconf 86' lang='lat' dir='ltr'><strong><em>Quare</em></strong></span> <span class='ocrx_word' id='word_1_191' title='bbox 486 2735 580 2818; x_wconf 79' lang='lat' dir='ltr'><strong><em>haec,</em></strong></span> <span class='ocrx_word' id='word_1_192' title='bbox 601 2751 680 2816; x_wconf 80' lang='lat' dir='ltr'><strong><em>quoe</em></strong></span> <span class='ocrx_word' id='word_1_193' title='bbox 694 2747 778 2798; x_wconf 91' lang='lat' dir='ltr'><strong><em>nunc</em></strong></span> <span class='ocrx_word' id='word_1_194' title='bbox 794 2735 899 2815; x_wconf 89' lang='lat' dir='ltr'><strong><em>prodit</em></strong></span> <span class='ocrx_word' id='word_1_195' title='bbox 912 2734 1026 2812; x_wconf 89' lang='lat' dir='ltr'><strong><em>editio,</em></strong></span> <span class='ocrx_word' id='word_1_196' title='bbox 1046 2733 1179 2798; x_wconf 87' lang='lat' dir='ltr'><strong><em>mentem</em></strong></span> 
     </span>
     <span class='ocr_line' id='line_1_25' title="bbox 141 2835 1182 2920; baseline -0.001 -18"><span class='ocrx_word' id='word_1_197' title='bbox 141 2839 280 2904; x_wconf 89' lang='lat' dir='ltr'><strong><em>auctoris</em></strong></span> <span class='ocrx_word' id='word_1_198' title='bbox 302 2837 425 2920; x_wconf 80' lang='lat' dir='ltr'><strong><em>definite</em></strong></span> <span class='ocrx_word' id='word_1_199' title='bbox 442 2836 614 2917; x_wconf 73' lang='lat' dir='ltr'><strong><em>reprimit,</em></strong></span> <span class='ocrx_word' id='word_1_200' title='bbox 637 2843 666 2899; x_wconf 91' lang='lat' dir='ltr'><strong><em>et</em></strong></span> <span class='ocrx_word' id='word_1_201' title='bbox 686 2835 729 2899; x_wconf 89' lang='lat' dir='ltr'><strong><em>ad</em></strong></span> <span class='ocrx_word' id='word_1_202' title='bbox 747 2837 811 2899; x_wconf 89' lang='lat' dir='ltr'><strong><em>eius</em></strong></span> <span class='ocrx_word' id='word_1_203' title='bbox 829 2854 977 2900; x_wconf 81' lang='lat' dir='ltr'><strong><em>remmom</em></strong></span> <span class='ocrx_word' id='word_1_204' title='bbox 995 2836 1182 2918; x_wconf 78' lang='lat' dir='ltr'><strong><em>corripenda</em></strong></span> 
     </span>
    </p>
   </div>
   <div class='ocr_carea' id='block_1_4' title="bbox 30 2935 1184 3022">
    <p class='ocr_par' dir='ltr' id='par_1_5' title="bbox 30 2935 1184 3022">
     <span class='ocr_line' id='line_1_26' title="bbox 30 2935 1184 3022; baseline -0.002 -19"><span class='ocrx_word' id='word_1_205' title='bbox 30 3013 33 3020; x_wconf 25' lang='lat'>¹</span> <span class='ocrx_word' id='word_1_206' title='bbox 141 2942 188 3006; x_wconf 87' lang='lat' dir='ltr'><strong><em>uel</em></strong></span> <span class='ocrx_word' id='word_1_207' title='bbox 210 2941 399 3022; x_wconf 72' lang='lat' dir='ltr'><strong><em>explicanda</em></strong></span> <span class='ocrx_word' id='word_1_208' title='bbox 416 2939 518 3011; x_wconf 86' lang='lat' dir='ltr'><strong><em>uelim,</em></strong></span> <span class='ocrx_word' id='word_1_209' title='bbox 537 2939 667 3021; x_wconf 77' lang='lat' dir='ltr'><strong><em>quaein</em></strong></span> <span class='ocrx_word' id='word_1_210' title='bbox 684 2936 757 3000; x_wconf 90' lang='lat' dir='ltr'><strong><em>aliis</em></strong></span> <span class='ocrx_word' id='word_1_211' title='bbox 775 2939 983 3016; x_wconf 88' lang='lat' dir='ltr'><strong><em>reperiuntur.</em></strong></span> <span class='ocrx_word' id='word_1_212' title='bbox 1002 2935 1064 3002; x_wconf 90' lang='lat' dir='ltr'><strong><em>Nec</em></strong></span> <span class='ocrx_word' id='word_1_213' title='bbox 1082 2946 1184 3001; x_wconf 91' lang='lat' dir='ltr'><strong><em>mate·</em></strong></span> 
     </span>
    </p>
   </div>
   <div class='ocr_carea' id='block_1_5' title="bbox 142 3035 1184 3740">
    <p class='ocr_par' dir='ltr' id='par_1_6' title="bbox 142 3035 1184 3740">
     <span class='ocr_line' id='line_1_27' title="bbox 142 3035 1183 3120; baseline -0.002 -14"><span class='ocrx_word' id='word_1_214' title='bbox 142 3043 194 3108; x_wconf 90' lang='lat' dir='ltr'><strong><em>ria</em></strong></span> <span class='ocrx_word' id='word_1_215' title='bbox 222 3049 346 3106; x_wconf 87' lang='lat' dir='ltr'><strong><em>tantum</em></strong></span> <span class='ocrx_word' id='word_1_216' title='bbox 371 3047 427 3104; x_wconf 89' lang='lat' dir='ltr'><strong><em>aut</em></strong></span> <span class='ocrx_word' id='word_1_217' title='bbox 454 3056 559 3103; x_wconf 86' lang='lat' dir='ltr'><strong><em>rerum</em></strong></span> <span class='ocrx_word' id='word_1_218' title='bbox 582 3037 744 3118; x_wconf 88' lang='lat' dir='ltr'><strong><em>dispositio</em></strong></span> <span class='ocrx_word' id='word_1_219' title='bbox 768 3036 878 3102; x_wconf 89' lang='lat' dir='ltr'><strong><em>melior</em></strong></span> <span class='ocrx_word' id='word_1_220' title='bbox 904 3035 1012 3120; x_wconf 73' lang='lat' dir='ltr'><strong><em>ellectu</em></strong></span> <span class='ocrx_word' id='word_1_221' title='bbox 1039 3045 1106 3112; x_wconf 84' lang='lat' dir='ltr'><strong><em>est,-</em></strong></span> <span class='ocrx_word' id='word_1_222' title='bbox 1130 3039 1183 3104; x_wconf 93' lang='lat' dir='ltr'><strong><em>sed</em></strong></span> 
     </span>
     <span class='ocr_line' id='line_1_28' title="bbox 143 3139 1184 3224; baseline -0.001 -16"><span class='ocrx_word' id='word_1_223' title='bbox 143 3142 262 3224; x_wconf 76' lang='lat' dir='ltr'><strong><em>stylum</em></strong></span> <span class='ocrx_word' id='word_1_224' title='bbox 284 3143 378 3207; x_wconf 88' lang='lat' dir='ltr'><strong><em>etiarn</em></strong></span> <span class='ocrx_word' id='word_1_225' title='bbox 393 3139 612 3222; x_wconf 88' lang='lat' dir='ltr'><strong><em>simpliciorem</em></strong></span> <span class='ocrx_word' id='word_1_226' title='bbox 629 3139 748 3204; x_wconf 84' lang='lat' dir='ltr'><strong><em>reddidi</em></strong></span> <span class='ocrx_word' id='word_1_227' title='bbox 763 3147 795 3205; x_wconf 88' lang='lat' dir='ltr'><strong><em>et·</em></strong></span> <span class='ocrx_word' id='word_1_228' title='bbox 810 3140 853 3205; x_wconf 88' lang='lat' dir='ltr'><strong><em>ad</em></strong></span> <span class='ocrx_word' id='word_1_229' title='bbox 865 3147 994 3221; x_wconf 86' lang='lat' dir='ltr'><strong><em>captum</em></strong></span> <span class='ocrx_word' id='word_1_230' title='bbox 1009 3139 1184 3208; x_wconf 89' lang='lat' dir='ltr'><strong><em>adolescen-</em></strong></span> 
     </span>
     <span class='ocr_line' id='line_1_29' title="bbox 145 3241 1181 3327; baseline 0.002 -17"><span class='ocrx_word' id='word_1_231' title='bbox 145 3247 225 3311; x_wconf 92' lang='lat' dir='ltr'><strong><em>tium</em></strong></span> <span class='ocrx_word' id='word_1_232' title='bbox 234 3245 336 3327; x_wconf 82' lang='lat' dir='ltr'><strong><em>mapis</em></strong></span> <span class='ocrx_word' id='word_1_233' title='bbox 347 3241 624 3310; x_wconf 88' lang='lat' dir='ltr'><strong><em>accommodatum.</em></strong></span> <span class='ocrx_word' id='word_1_234' title='bbox 642 3241 705 3307; x_wconf 88' lang='lat' dir='ltr'><strong><em>His</em></strong></span> <span class='ocrx_word' id='word_1_235' title='bbox 719 3245 801 3309; x_wconf 84' lang='lat' dir='ltr'><strong><em>curis</em></strong></span> <span class='ocrx_word' id='word_1_236' title='bbox 816 3251 845 3308; x_wconf 93' lang='lat' dir='ltr'><strong><em>et</em></strong></span> <span class='ocrx_word' id='word_1_237' title='bbox 857 3243 1054 3325; x_wconf 89' lang='lat' dir='ltr'><strong><em>potissimum</em></strong></span> <span class='ocrx_word' id='word_1_238' title='bbox 1071 3244 1181 3326; x_wconf 84' lang='lat' dir='ltr'><strong><em>[auore</em></strong></span> 
     </span>
     <span class='ocr_line' id='line_1_30' title="bbox 145 3345 1179 3430; baseline 0.003 -18"><span class='ocrx_word' id='word_1_239' title='bbox 145 3347 225 3428; x_wconf 88' lang='lat' dir='ltr'><strong><em>Dei,</em></strong></span> <span class='ocrx_word' id='word_1_240' title='bbox 249 3349 292 3414; x_wconf 88' lang='lat' dir='ltr'><strong><em>ad</em></strong></span> <span class='ocrx_word' id='word_1_241' title='bbox 313 3349 400 3414; x_wconf 85' lang='lat' dir='ltr'><strong><em>cuius</em></strong></span> <span class='ocrx_word' id='word_1_242' title='bbox 421 3347 557 3429; x_wconf 82' lang='lat' dir='ltr'><strong><em>ploriam</em></strong></span> <span class='ocrx_word' id='word_1_243' title='bbox 581 3354 684 3414; x_wconf 88' lang='lat' dir='ltr'><strong><em>tenues</em></strong></span> <span class='ocrx_word' id='word_1_244' title='bbox 705 3354 827 3412; x_wconf 89' lang='lat' dir='ltr'><strong><em>nostros</em></strong></span> <span class='ocrx_word' id='word_1_245' title='bbox 851 3345 972 3411; x_wconf 83' lang='lat' dir='ltr'><strong><em>labores</em></strong></span> <span class='ocrx_word' id='word_1_246' title='bbox 994 3346 1179 3430; x_wconf 76' lang='lat' dir='ltr'><strong><em>diripimus,</em></strong></span> 
     </span>
     <span class='ocr_line' id='line_1_31' title="bbox 146 3448 1183 3535; baseline 0.003 -20"><span class='ocrx_word' id='word_1_247' title='bbox 146 3451 237 3516; x_wconf 86' lang='lat' dir='ltr'><strong><em>valde</em></strong></span> <span class='ocrx_word' id='word_1_248' title='bbox 252 3451 382 3535; x_wconf 73' lang='lat' dir='ltr'><strong><em>confido,</em></strong></span> <span class='ocrx_word' id='word_1_249' title='bbox 395 3451 516 3516; x_wconf 87' lang='lat' dir='ltr'><strong><em>iuuenes</em></strong></span> <span class='ocrx_word' id='word_1_250' title='bbox 532 3469 572 3517; x_wconf 84' lang='lat' dir='ltr'><strong><em>eac</em></strong></span> <span class='ocrx_word' id='word_1_251' title='bbox 588 3453 645 3516; x_wconf 82' lang='lat' dir='ltr'><strong><em>noc</em></strong></span> <span class='ocrx_word' id='word_1_252' title='bbox 664 3450 743 3516; x_wconf 85' lang='lat' dir='ltr'><strong><em>libro</em></strong></span> <span class='ocrx_word' id='word_1_253' title='bbox 760 3458 883 3515; x_wconf 88' lang='lat' dir='ltr'><strong><em>tantum</em></strong></span> <span class='ocrx_word' id='word_1_254' title='bbox 895 3448 1066 3532; x_wconf 72' lang='lat' dir='ltr'><strong><em>protectus,</em></strong></span> <span class='ocrx_word' id='word_1_255' title='bbox 1080 3469 1183 3534; x_wconf 80' lang='lat' dir='ltr'><strong><em>quon·</em></strong></span> 
     </span>
     <span class='ocr_line' id='line_1_32' title="bbox 152 3552 1180 3644; baseline 0.006 -26"><span class='ocrx_word' id='word_1_256' title='bbox 152 3559 218 3618; x_wconf 88' lang='lat' dir='ltr'><strong><em>tum</em></strong></span> <span class='ocrx_word' id='word_1_257' title='bbox 238 3555 372 3620; x_wconf 75' lang='lat' dir='ltr'><strong><em>conicio</em></strong></span> <span class='ocrx_word' id='word_1_258' title='bbox 396 3563 568 3644; x_wconf 85' lang='lat' dir='ltr'><strong><em>temporum</em></strong></span> <span class='ocrx_word' id='word_1_259' title='bbox 588 3561 618 3621; x_wconf 92' lang='lat' dir='ltr'><strong><em>et</em></strong></span> <span class='ocrx_word' id='word_1_260' title='bbox 635 3571 708 3620; x_wconf 88' lang='lat' dir='ltr'><strong><em>mea</em></strong></span> <span class='ocrx_word' id='word_1_261' title='bbox 722 3571 789 3638; x_wconf 89' lang='lat' dir='ltr'><strong><em>spes</em></strong></span> <span class='ocrx_word' id='word_1_262' title='bbox 808 3552 968 3638; x_wconf 85' lang='lat' dir='ltr'><strong><em>postulat,</em></strong></span> <span class='ocrx_word' id='word_1_263' title='bbox 991 3571 1053 3621; x_wconf 85' lang='lat' dir='ltr'><strong><em>esse</em></strong></span> <span class='ocrx_word' id='word_1_264' title='bbox 1075 3572 1180 3624; x_wconf 88' lang='lat' dir='ltr'><strong><em>conse·</em></strong></span> 
     </span>
     <span class='ocr_line' id='line_1_33' title="bbox 153 3664 313 3740; baseline 0 -16"><span class='ocrx_word' id='word_1_265' title='bbox 153 3664 313 3740; x_wconf 80' lang='lat' dir='ltr'><strong><em>pauluros.</em></strong></span> 
     </span>
    </p>
   </div>
   <div class='ocr_carea' id='block_1_6' title="bbox 0 0 1409 4492">
    <p class='ocr_par' dir='ltr' id='par_1_7' title="bbox 0 0 1409 4492">
     <span class='ocr_line' id='line_1_34' title="bbox 0 0 1409 4492; baseline 0 0"><span class='ocrx_word' id='word_1_266' title='bbox 0 0 1409 4492; x_wconf 95' lang='lat' dir='ltr'><strong><em> </em></strong></span> 
     </span>
    </p>
   </div>
  </div>
 </body>
</html>
