2767 4492
219 307 253 374 il
634 315 840 369 nrraonucrro
951 318 953 321 ·

218 412 293 471 ultra
308 423 394 485 quoru
407 405 540 482 progredi
554 406 636 465 netas
656 406 702 480 sit,
724 408 859 482 attingat3
879 405 966 480 idque
980 419 1018 464 ex
1036 401 1185 478 motus,
1201 397 1267 479 qui·

215 496 271 555 hus
285 500 388 554 natura
401 493 527 552 humana
543 489 738 564 mehingitur,
755 491 886 566 emergit.
897 491 969 563 tirgo
983 490 1009 550 si
1023 490 1268 565 supremareguta

218 579 376 640 honestatis
390 583 418 637 et
427 576 552 638 iustitiae
565 591 601 634 ex
616 575 737 635 historia
751 577 910 636 haurienda
922 581 1006 648 esset,
1022 575 1102 634 nutte
1116 575 1200 648 plane
1214 575 1267 634 ha·

217 666 347 739 heretur3
365 679 398 724 ac
413 662 531 738 proinde
550 677 728 736 progressus,
750 662 800 736 qni
815 666 892 720 certe
906 661 957 720 itta
969 659 1082 735 nititur,
1100 661 1131 719 ln
1146 660 1268 734 posaihi·

218 751 288 810 lium
303 746 557 809 numero-minime
580 747 660 806 toret.
677 747 712 808 tt
729 746 760 805 id
779 746 884 806 tatsum
898 761 963 806 esse
981 745 1113 820 pluribus
1127 745 1268 817 explicari

218 851 276 895 non
290 834 389 908 exigit.
410 833 534 907 Quisque
555 834 634 892 enim
651 847 702 908 per
723 847 755 892 se
770 833 877 906 optime
897 832 974 890 ridet
993 830 1140 890 hominem
1161 829 1268 893 indivi-

218 920 306 980 drtum
321 919 543 993 universamque
558 919 722 977 societatem
737 919 774 976 ad
787 916 992 991 perfectionem
1009 915 1146 974 moralem
1162 914 1269 987 ingiter
1305 979 1311 987 ⁵

218 1005 448 1078 amplificandam
464 1003 491 1062 ui
506 1011 625 1062 naturae
639 1003 765 1077 incitari,
782 1009 868 1078 amoc
882 1001 947 1062 ideo
962 1007 1028 1075 typo
1041 1002 1165 1076 qrrodam
1179 1000 1268 1059 hone·

217 1090 298 1151 rutis
311 1089 342 1148 in
356 1090 461 1148 animis
476 1089 618 1162 insculpto
633 1089 759 1162 gandera
777 1103 835 1162 quo
850 1087 987 1160 deiectus,
1003 1086 1109 1161 quihus
1123 1091 1266 1160 supatru,

217 1181 246 1234 at
259 1175 343 1248 hona,
360 1175 396 1232 ad
414 1189 488 1248 quae
503 1187 669 1247 promouere
688 1189 720 1232 se
734 1173 828 1246 debet
845 1172 993 1232 ddudicat.
1010 1170 1163 1234 iredtats
1178 1170 1268 1244 igitur

141 1283 144 1292 ’
217 1259 309 1320 aliena
323 1265 367 1318 est
384 1259 498 1318 scholae
516 1259 667 1320 historicae
687 1259 822 1334 opinatio.

252 1345 293 1404 ltt.
312 1345 345 1404 or
364 1344 451 1417 igitur
466 1357 527 1402 reru
547 1343 671 1403 breviter
691 1344 906 1416 concludamus,
928 1341 1039 1402 ethicae
1059 1346 1089 1401 et
1101 1339 1172 1401 iuris
1185 1345 1269 1400 nahr-

184 1447 189 1456 ’
217 1429 285 1488 ralis
300 1427 450 1503 principia,
472 1435 612 1502 quatenus
634 1429 670 1487 sd
689 1429 898 1504 philosophiam
921 1429 1035 1502 proprie
1055 1427 1208 1502 pertinent,
1228 1439 1269 1485 ex

217 1513 317 1572 innato
330 1512 450 1572 rationis
460 1514 569 1572 lumine
578 1513 701 1587 petenda
716 1519 791 1586 sunt,
802 1513 980 1572 rectitudinis
994 1512 1071 1585 leges
1083 1527 1119 1572 ex
1134 1511 1268 1570 immuta·

219 1599 326 1658 bltibor
341 1615 438 1658 rerum
458 1597 643 1658 relationibus
657 1599 814 1658 derivante.
833 1599 909 1667 Quod
927 1604 1020 1657 tamen
1036 1613 1094 1656 non
1108 1597 1150 1655 tta
1164 1595 1268 1655 intetti·

219 1685 344 1757 gendum
359 1689 410 1756 est,
434 1689 465 1742 ut
486 1683 657 1744 renotatione
676 1691 705 1742 et
724 1683 852 1756 historia,
871 1690 1015 1758 umquam
1034 1681 1136 1740 ualidis
1150 1679 1269 1754 quibus·

220 1769 284 1828 dam
304 1761 626 1842 praesidiis'disciplina,
642 1770 677 1828 de
694 1783 752 1842 qua
767 1768 888 1842 agimus,
905 1767 947 1826 uti
962 1783 1020 1826 non
1034 1765 1142 1826 debeat.
1158 1764 1269 1824 itemst

221 1852 250 1912 in
268 1853 370 1912 ceteris
385 1853 479 1922 rebus.
495 1851 526 1912 in
540 1853 660 1912 scientia
675 1869 788 1912 morum
803 1851 983 1926 potissimum
993 1850 1114 1910 historia
1128 1850 1268 1908 maximo·

221 1951 288 2010 pere
305 1937 465 1996 necessaria
483 1942 588 2010 estut
606 1937 638 1996 in
660 1938 877 2012 generationum
895 1938 1017 1995 decursu
1031 1937 1107 1994 inter
1121 1940 1161 1994 tot
1178 1934 1270 1994 uarie-

223 2027 303 2094 tates,
322 2037 394 2095 quae
405 2021 612 2080 interciderunt
622 2028 650 2080 et
665 2037 739 2096 qnae
751 2037 788 2080 ex
797 2021 1023 2080 individualibus
1036 2019 1267 2092 circumstantiis,

224 2105 285 2164 sire
301 2109 461 2177 temporum
479 2106 538 2164 sire
554 2103 691 2178 locorum,
708 2105 848 2178 originem
863 2105 980 2177 ducunt,
997 2110 1080 2162 acuto
1094 2103 1216 2182 quodam
1224 2103 1269 2161 in-

224 2191 296 2247 tuitu
312 2189 435 2247 discerni
451 2196 558 2262 queant
573 2205 606 2248 ac
621 2189 703 2263 seligi
722 2188 912 2248 immutabilia
930 2187 980 2246 itta
995 2188 1135 2262 principie
1152 2193 1180 2246 et
1196 2187 1270 2248 veri·

225 2277 294 2330 tates
309 2279 479 2346 constantes,
497 2275 601 2347 quihus
615 2275 775 2333 homanum
785 2289 875 2347 genos
890 2288 1003 2347 semper
1016 2279 1047 2332 et
1057 2274 1163 2348 ubique
1176 2272 1270 2331 imbu-

225 2361 285 2414 tum
300 2357 444 2431 apparuit3
460 2371 589 2433 quaeque
603 2375 659 2418 non
676 2359 791 2418 aliunde
806 2373 892 2432 quam
903 2373 940 2417 ex
956 2358 1044 2416 tundo
1058 2359 1176 2417 mhonis
1187 2363 1271 2430 prout

224 2441 253 2500 in
269 2445 326 2499 tota
340 2441 515 2500 humanitate
531 2457 561 2501 ae
576 2443 710 2517 explicat,
727 2447 777 2500 aut
790 2457 827 2500 ex
843 2441 1016 2501 revelatione
1029 2441 1154 2516 quadam
1173 2441 1270 2515 primi·

226 2525 282 2584 tiva
290 2524 489 2584 dimanarunt.
508 2526 591 2585 liutto
607 2533 703 2586 autem
719 2528 812 2599 magis
822 2527 1271 2600 praesidiumtumtnissupema-

226 2610 324 2668 ruralis
339 2611 528 2668 invocandum
545 2615 596 2684 est3
614 2611 757 2686 siquidem
771 2610 958 2684 intelligentia
980 2611 1106 2669 humana
1130 2610 1190 2668 suis
1208 2616 1270 2668 tan·

225 2699 285 2751 turn
301 2693 399 2752 relicta
413 2693 532 2768 viribus,
549 2701 581 2754 ut
595 2711 682 2769 supra
696 2696 767 2769 dixi,
784 2695 866 2754 ratde
879 2694 1102 2754 tahilisestetad
1112 2695 1271 2751 errandum

225 2793 323 2851 prono.
341 2779 432 2846 Quare
447 2793 559 2838 morum
575 2778 695 2839 scientia
709 2781 753 2839 stc
769 2780 924 2840 iuratione
940 2778 1083 2839 tundenda
1097 2783 1156 2850 est,
1176 2781 1211 2836 ut
1224 2777 1271 2835 hi·

224 2863 327 2921 emmae
342 2863 460 2922 humani
479 2865 591 2936 generis
607 2865 780 2924 adminiorto
795 2865 917 2939 iuretur,
929 2871 958 2924 et
973 2864 1103 2948 divinum
1116 2861 1273 2921 revelatio·

225 2945 270 3004 nis
285 2947 382 3004 lumen
398 2963 465 3020 prae
480 2949 569 3007 ocutis
584 2965 697 3024 semper
712 2949 825 3023 habeat,
842 2965 898 3024 quo
913 2949 1159 3010 relntimoneatur
1170 2953 1272 3006 unum

225 3035 304 3088 recta
319 3038 417 3104 pergat
431 3049 468 3092 an
483 3049 501 3092 a
516 3034 628 3094 tramite
644 3035 771 3094 raritatis
785 3035 907 3096 aberret.

590 3207 827 3268 laricanus
849 3205 892 3267 lit.

496 3371 605 3438 herren
621 3375 851 3440 tractandorum
864 3374 1000 3454 partitio.

265 3539 334 3601 dum
348 3539 483 3618 praesens
499 3547 627 3608 uacatio
643 3549 679 3609 ad
692 3543 884 3610 adolescentes
898 3547 929 3608 lu
943 3547 1074 3608 doctrina
1083 3555 1196 3606 morum
1214 3536 1270 3604 rite

228 3624 416 3689 instituendos
431 3631 515 3691 unice
530 3640 647 3708 spectet,
664 3635 701 3694 ab
716 3651 815 3696 eorum
829 3635 951 3695 utilitate
963 3631 1091 3697 methodi
1109 3645 1211 3692 norma
1229 3628 1274 3690 di-

230 3715 321 3769 ctetur
334 3721 450 3787 oportet.
471 3718 607 3785 eroctrca
621 3733 686 3779 eam
701 3735 797 3779 renum
813 3719 1025 3779 hacmndarum
1035 3716 1177 3777 rationem
1191 3711 1276 3788 sequi

228 3795 420 3877 decernimus,
436 3817 509 3878 quae
533 3803 626 3865 ordini
644 3809 673 3866 et
697 3804 819 3867 claritati
839 3811 998 3884 opportuna
1021 3802 1115 3884 magis
1130 3801 1275 3863 rideatur.
