2767 4492
211 308 249 368 te
461 348 463 351 -
539 316 768 386 menarsiana
782 315 929 362 suscianus

211 408 316 465 namra
330 407 442 463 tannim
463 401 564 462 eadem
578 407 607 461 et
621 399 781 461 eommunis
802 400 936 460 omnibns
954 404 1016 474 est,
1037 400 1172 461 adiuncta
1191 407 1260 462 uero

210 505 263 565 pro
277 488 457 563 singulorum
470 487 606 547 varietate
620 490 832 546 commutantur
846 493 876 545 et
888 485 1023 546 diliemnt
1037 483 1112 546 inter
1125 502 1166 546 sa.

246 573 297 634 llel
311 573 401 634 etiam
415 577 483 632 tune
506 571 700 647 praedicatum
719 571 892 630 conueniens
907 571 1036 646 partium
1050 587 1108 632 non
1122 573 1258 634 eonvenit
1293 620 1297 630 .

212 658 273 733 toti,
288 673 356 718 oum
370 657 581 733 depraedicata
594 657 699 732 agitur,
716 655 798 716 cuins
812 656 972 732 oppositum
987 655 1107 730 singulis
1121 656 1262 716 collectio

211 743 260 802 nis
276 741 437 814 membris,
461 741 517 800 etsi
535 756 595 801 uon
614 740 722 815 plene,
748 740 780 800 in
794 747 875 815 parte
896 746 992 802 tamen
1010 741 1156 816 rongrniq
1176 747 1209 801 ut
1229 742 1262 801 in

212 827 344 902 exemplo
358 825 491 902 ponderis
505 841 593 900 supra
606 825 706 886 relato.
730 825 839 900 Singuli
860 825 939 886 enim
957 825 1000 886 illi
1015 825 1147 886 homines
1160 825 1210 900 qui
1224 826 1264 885 ad

212 913 324 989 pondus
341 911 526 972 attollendum
547 910 782 984 coniunguntur,
802 910 861 970 vim
885 909 1001 985 quidam
1016 925 1076 972 non
1089 909 1197 970 habam
1210 911 1264 970 toti

211 997 332 1073 ponderi
344 995 556 1069 necessariam,
578 1001 608 1054 at
620 995 729 1055 hahent
741 995 802 1056 rim
817 995 967 1070 partialem
982 1011 1055 1072 quaa
1070 995 1144 1070 parti
1159 996 1263 1069 ponde·

212 1083 254 1143 ris
266 1083 305 1143 sit
323 1098 384 1158 par.
405 1081 535 1150 Ouaresi
553 1080 731 1154 singulorum
746 1080 823 1139 vires
837 1095 896 1140 una
914 1080 1117 1155 conferantur,
1139 1079 1263 1140 ellicitiu

214 1183 346 1242 summa,
371 1181 446 1242 quae
460 1171 550 1226 totum
563 1165 675 1240 pondus
689 1165 866 1240 aequiparat.
893 1165 926 1224 tt
940 1179 1007 1225 vero
1021 1165 1105 1240 longe
1119 1165 1202 1224 aliter
1216 1179 1264 1224 aa·

214 1254 284 1314 cidit
297 1253 328 1312 in
342 1251 479 1323 materia,
496 1264 583 1324 quarn
598 1255 763 1309 tractamus.
780 1249 978 1324 contingentia
990 1252 1068 1310 enim
1083 1249 1184 1309 mnndi
1201 1265 1266 1324 par·

214 1337 292 1397 tibiis
305 1351 362 1396 non
377 1334 533 1395 adventitia
552 1335 602 1394 aad
617 1333 778 1394 essentialis
791 1340 848 1409 est3
871 1349 965 1409 neque
984 1334 1026 1394 sie
1050 1333 1186 1394 tribuitur
1199 1349 1265 1408 par-

214 1422 301 1495 tibus,
316 1427 351 1480 ut
363 1420 426 1480 eius
441 1418 617 1478 munatium
628 1433 757 1494 ‚nempe
771 1419 915 1478 andstandi
929 1419 1094 1493 necessitas,
1111 1419 1136 1480 si
1152 1433 1209 1480 non
1223 1419 1266 1477 in·

213 1507 336 1581 integra,
347 1503 449 1564 saltem
458 1503 555 1577 aliqua
563 1502 622 1563 illis
634 1503 795 1564 conueniat.
808 1503 899 1572 Quare
913 1503 1110 1578 contingentia
1123 1502 1265 1564 eiusmodi

214 1593 256 1651 ita
269 1589 447 1663 singularum
462 1586 587 1662 partium
596 1593 641 1647 est
652 1590 779 1664 propria,
795 1594 828 1648 ut
839 1589 951 1648 ratione
964 1589 1027 1664 pari
1043 1588 1082 1648 sit
1096 1587 1210 1663 propria
1226 1594 1266 1648 to·

215 1678 282 1749 tius,
294 1690 349 1735 nec
358 1673 483 1750 partium
493 1673 637 1756 additione
647 1673 754 1734 auferri
765 1688 892 1748 unquam
906 1673 1004 1748 possit.
1020 1673 1098 1734 Siout
1111 1672 1179 1748 ania
1192 1671 1266 1747 lapis

214 1760 403 1836 intelligentia
420 1758 537 1819 omnino
557 1764 656 1833 caret,
687 1759 801 1818 etiamsi
821 1758 926 1820 infiniti
950 1758 1060 1834 lapides
1074 1760 1106 1818 ln
1121 1771 1266 1820 summam

216 1848 408 1918 conterantur,
420 1859 569 1920 nunquam
582 1843 649 1903 inda
664 1843 825 1904 ellloresost
837 1843 1035 1920 intelligentia.

556 2031 689 2100 CAPUT
704 2029 921 2100 SECUNDUM

396 2257 439 2307 ult
453 2257 551 2307 ruunt
567 2256 711 2320 ontdlrtn,
729 2255 931 2314 ANTIQUle'l'E
946 2253 984 2304 ΕΤ
999 2251 1082 2304 riuti.

255 2434 406 2514 Superiora
425 2437 630 2512 disseptatione
648 2437 706 2497 hnc
724 2443 842 2497 rentum
859 2443 920 2511 est,
941 2441 974 2496 ut
990 2436 1132 2498 mnndum
1152 2439 1268 2496 exstare

219 2525 336 2598 qnidam
350 2531 436 2598 atque
450 2522 534 2582 alleo
547 2522 756 2594 discriminari‚
775 2529 836 2582 nrm
853 2522 1001 2582 abeodem
1018 2529 1163 2596 tamquam
1178 2537 1196 2580 a
1210 2520 1268 2595 pri-

219 2624 268 2666 ma
282 2623 369 2666 causa
383 2606 521 2682 prodiisse
542 2614 724 2682 perspectum
740 2609 786 2666 sit.
803 2608 936 2681 Sequitur
959 2613 991 2667 ut
1004 2607 1071 2667 inde
1088 2623 1145 2681 qua
1158 2607 1269 2665 ratione
1382 2611 1383 2618 ’

219 2691 356 2766 prodierit
370 2691 571 2764 intelligamus.
595 2691 794 2760 Quaerendum
808 2692 896 2766 igitur
910 2699 953 2752 est
971 2699 1068 2752 utrum
1084 2691 1266 2764 emanatione

220 2777 345 2852 quadam
358 2792 397 2836 ex
410 2776 473 2851 ipsa
490 2775 538 2835 llai
551 2787 656 2836 natura
668 2777 822 2852 effluxerit,
845 2793 885 2840 an
896 2794 933 2837 er
947 2778 1127 2853 praeiacente
1142 2777 1269 2851 quedam

218 2861 340 2920 materia
362 2861 401 2929 sit
424 2859 552 2940 allectus.
583 2861 688 2921 Deinde
714 2861 836 2922 fueritne
860 2863 1079 2938 sempiternus,
1110 2879 1148 2922 an
1172 2875 1267 2922 secus.

220 2945 328 3014 Quibus
341 2944 537 3020 quaestionem
551 2946 692 3006 addemus
705 2947 741 3006 da
755 2947 822 3022 sine,
839 2963 926 3022 quem
940 2947 1014 3012 lleus
1027 2949 1059 3009 in
1073 2965 1107 3010 eo
1123 2946 1270 3008 moliendo

219 3032 365 3106 spectarit.

640 3212 810 3268 Annicunus
824 3208 846 3269 l.

298 3377 445 3439 Mundum
457 3394 519 3438 aon
529 3380 658 3455 potuisse
671 3395 707 3440 ear
721 3381 787 3455 ipss
801 3379 852 3440 ilai
865 3395 991 3440 moaoro
1004 3380 1187 3453 substantio,

415 3481 510 3539 oeque
527 3480 562 3523 eu
575 3465 639 3524 olio
651 3466 836 3540 praelucente
849 3465 980 3525 moterlo
989 3465 1069 3540 effic-i.

257 3635 302 3695 13.
316 3635 502 3696 Emanatismi
517 3642 661 3710 systema,
688 3651 745 3710 quo
768 3633 1007 3710 Pythagoreorum
1025 3652 1084 3697 non
1101 3636 1213 3711 pandit
1240 3639 1271 3694 el

221 3719 494 3797 lleoplatonicorum,
510 3721 712 3796 inprimisque
728 3721 852 3782 Plotinus
867 3725 896 3780 at
909 3721 1080 3798 Porphyrius
1098 3723 1270 3794 docuerunt,

267 3922 278 3967 l
298 3923 448 3969 &monnio
463 3922 504 3970 lioo
520 3923 548 3970 nlo
563 3921 723 3986 aequoribus
738 3923 804 3971 wrm
819 3923 955 3988 temporibus
978 3923 1027 3971 duni
1049 3929 1128 3989 potest
1147 3923 1211 3988 Apud
1228 3923 1272 3971 ln-

220 3995 260 4043 dos
273 3998 333 4045 eninr
347 3997 491 4046 Brachmanae
512 3999 594 4061 purim
616 3999 754 4047 tradiderunt
769 4015 795 4048 er
811 3999 887 4052 dirius
906 3999 1029 4049 substantia
1050 4006 1097 4048 tum
1118 4001 1204 4050 animas
1220 4013 1273 4046 runi
