2767 4492
240 315 294 384 ils
567 321 799 376 numeramus
812 324 960 375 maumas

235 418 294 481 sari
308 409 431 492 cognitio
443 411 542 492 possit.
558 413 633 474 ilaec
647 417 744 473 auam
758 413 920 488 praesentia
940 411 1101 473 secundum
1113 412 1235 475 naturas
1248 413 1292 476 ie-

236 517 288 580 ges
301 503 370 563 satis
384 517 527 578 superque
540 499 571 560 iu
585 498 746 557 sensatione
760 499 902 572 babetur,
920 498 945 557 si
959 497 1105 561 osiacum
1121 499 1169 562 sel
1185 502 1291 566 imme

239 588 317 652 uiae
329 587 375 653 uel
389 585 512 652 mediate
525 581 743 660 impressionem
757 587 874 644 exercet
885 583 918 645 in
930 583 1073 646 scansoria⁴

644 755 815 818 tumemus
833 755 882 817 lli.-

562 923 602 990 De
618 927 810 990 sensibilitate
826 905 961 989 ascesa

273 1104 319 1165 el.
334 1101 375 1163 ld
390 1101 607 1163 sensibilitatem
620 1099 779 1173 internam,
795 1099 878 1159 cuius
893 1113 1000 1174 organa
1014 1095 1128 1159 interna
1142 1103 1211 1160 sunt
1224 1099 1286 1164 ani·

234 1189 337 1262 manti,
349 1187 491 1261 duplicem
501 1187 664 1245 fucultatem
673 1186 816 1260 pertinere
825 1185 990 1259 opinamur:
1002 1201 1104 1254 unam,
1115 1201 1189 1260 qaae
1199 1203 1285 1261 gene·

237 1274 323 1334 ratim
338 1288 438 1332 sensus
451 1271 588 1344 internus,
605 1272 705 1343 altera,
720 1285 793 1346 quae
807 1269 957 1342 phantasia
966 1269 1011 1328 vel
1021 1271 1109 1329 etiam
1119 1270 1286 1345 imaginatio

237 1359 294 1418 dici
305 1361 406 1432 posset.
419 1357 488 1416 Nam
496 1361 716 1430 praetersensus
727 1359 870 1426 externos,
880 1354 928 1428 quii
938 1360 1058 1414 externa
1068 1355 1221 1429 corporain
1232 1373 1284 1416 nos

235 1442 386 1504 influentia
405 1439 578 1514 respiciunt,
591 1439 716 1514 prolecto
726 1439 805 1497 adest
816 1439 896 1498 uobis
907 1438 950 1497 ais
965 1440 1107 1498 mouendi
1122 1456 1224 1514 corpus
1239 1442 1282 1518 ip

235 1541 303 1586 suna
316 1531 455 1598 noemam,
473 1523 590 1598 eiusqtie
608 1540 724 1598 organa,
741 1529 882 1597 quatenus
897 1523 954 1582 uta
969 1525 1094 1598 gaudem
1107 1529 1135 1583 et
1148 1525 1225 1584 bona
1240 1525 1286 1584 rel

236 1611 313 1670 mala
323 1608 506 1683 dispositione
516 1607 688 1667 alliciuntur.
700 1607 758 1667 Hoc
768 1608 876 1666 nemini
886 1609 1006 1667 dubium
1016 1615 1067 1668 est.
1080 1609 1149 1668 Nam
1161 1610 1283 1684 quisque

116 1759 119 1768 ,
235 1694 382 1770 experitur
398 1709 428 1752 sc
447 1693 649 1766 persentiscere
667 1699 728 1751 tum
751 1693 982 1766 defatigationem
999 1699 1028 1753 et
1044 1693 1155 1767 pondus
1172 1694 1282 1768 proprii

236 1778 373 1852 corporis,
392 1782 452 1836 tum
465 1777 656 1836 resistentiam
666 1778 731 1852 plus
745 1778 876 1836 minrrsrc
889 1779 1080 1852 superabilem
1094 1793 1180 1852 mem
1199 1795 1287 1854 eppo·

235 1863 279 1921 nit
289 1861 399 1921 actibus
409 1862 570 1936 volarntatis,
583 1867 643 1921 tum
664 1862 757 1920 varias
776 1862 956 1935 indigentias,
973 1862 1075 1936 qtuibus
1088 1862 1238 1935 premitur,
1257 1867 1289 1923 et

236 1963 359 2023 quarum
378 1949 535 2008 sollicitatio
556 1949 600 2007 vel
622 1948 778 2007 satisfactio
796 1948 1010 2007 incommodum
1035 1948 1080 2006 rel
1100 1948 1287 2008 commodum

235 2033 297 2092 eius
312 2039 417 2093 satum
428 2033 621 2093 constituunt·
632 2033 738 2092 Sensus
757 2033 908 2106 eiusmodi,
927 2033 976 2106 qui
991 2034 1040 2091 toti
1059 2033 1170 2108 corpori
1189 2033 1288 2091 inbac-

233 2121 287 2190 ret,
303 2123 332 2177 et
345 2133 396 2194 pro
411 2118 520 2177 obiecto
534 2117 620 2176 babet
634 2117 731 2192 ipsum
744 2132 848 2192 corpus
861 2117 920 2176 uita
930 2117 1106 2191 praeditum,
1122 2132 1224 2176 sensus
1240 2117 1284 2176 in·

234 2205 334 2261 ternus
348 2203 410 2261 iure
423 2203 596 2261 nominatur.

272 2288 306 2344 nt
319 2293 466 2360 praeterea
481 2291 524 2345 est
539 2288 569 2345 in
583 2287 747 2361 animante,
770 2287 870 2347 saltem
885 2287 1026 2363 perlecto,
1046 2285 1166 2346 facultas
1187 2301 1282 2362 repro-

235 2371 359 2429 ducendi
373 2371 548 2430 sensationes
569 2377 634 2431 ante
653 2373 785 2447 habitas,
802 2375 890 2432 etiarn
909 2389 975 2433 cum
992 2373 1102 2447 obiecta
1118 2387 1220 2430 earum
1237 2373 1284 2430 ab

236 2459 313 2514 sunt.
330 2455 375 2514 Sic
394 2463 546 2530 postquam
565 2456 725 2530 elegantem
739 2458 894 2532 platinam,
912 2457 1164 2517 autartiliciosum
1183 2455 1282 2514 aedifi-

235 2540 314 2598 cium
328 2541 538 2614 conspeximus,
555 2541 642 2600 etiam
656 2557 723 2600 cum
738 2544 873 2618 deinceps
887 2543 965 2602 illinc
976 2543 1158 2613 discedimus,
1171 2555 1282 2599 earnm-

237 2711 415 2766 contuemur.
431 2707 557 2782 Itemque
572 2725 609 2768 ex
619 2709 664 2784 iis,
676 2727 750 2784 quae
765 2712 897 2771 sensibus
912 2711 982 2770 alias
996 2710 1207 2784 usurpavimus,
1221 2721 1291 2777 sae·⁴

232 2805 391 2864 penumero
402 2797 491 2854 totum
500 2794 656 2854 conflamus
666 2795 789 2870 aliquod,
802 2796 849 2855 cui
859 2796 970 2853 nullum
980 2802 1148 2869 prototypon
1158 2807 1277 2865 respon·
1374 2818 1375 2837 a

236 2874 302 2933 deut
316 2875 347 2934 in
366 2883 477 2937 natura.
495 2877 540 2937 Sic
555 2895 602 2937 cx.
622 2895 665 2953 gr.
682 2886 778 2954 partes
797 2881 976 2940 diversarum
998 2895 1097 2939 rerum
1115 2877 1283 2951 composita-

236 2973 303 3016 rum
317 2966 366 3018 aut
380 2962 540 3036 qualitates,
553 2979 625 3036 quae
641 2964 869 3040 discrepantibus
879 2963 1015 3023 subiectis
1029 2966 1138 3037 insunt,
1150 2976 1284 3021 unacou-

235 3042 391 3118 iungimus,
408 3051 492 3122 atque
506 3047 547 3106 ita
562 3053 687 3107 montem
704 3065 839 3124 alneum,
857 3055 906 3108 aut
920 3050 1079 3124 sphyngem
1091 3092 1099 3121 ,
1112 3053 1163 3105 aut
1176 3046 1284 3104 alatum

234 3141 343 3201 equum
358 3129 453 3189 auimo
467 3133 701 3206 contemplamur.
713 3133 852 3207 Facilitas,
865 3149 939 3208 quae
954 3133 1093 3192 eiusmodi
1103 3131 1211 3206 duplex
1221 3145 1285 3188 mu-

235 3225 291 3271 nus
300 3220 424 3288 exercet,
436 3217 597 3290 promiscue
606 3218 840 3292 iutupbcattovel
852 3218 1017 3295 phantasia
1026 3217 1198 3276 nominatur.
1212 3213 1285 3280 Quo

210 3351 215 3358 .
234 3311 301 3356 rum
314 3299 464 3360 nominum
479 3315 513 3360 ea
528 3307 570 3360 est
588 3303 676 3376 origo,
695 3305 772 3378 quod
784 3303 952 3378 imaginatio
967 3303 1043 3362 dicta
1052 3303 1090 3360 sit
1100 3299 1167 3374 qiua
1181 3309 1285 3357 remim
1372 3370 1373 3375 ἵ

234 3381 325 3443 veluti
339 3389 470 3454 servatct
484 3387 613 3459 producit
627 3387 783 3463 imagines3
798 3389 950 3464 phantasia
960 3394 1057 3448 autem
1069 3403 1086 3446 a
1096 3397 1202 3459 graeca
1210 3395 1286 3443 uoce
1372 3380 1373 3413 ¹

234 3473 353 3543 parato,
371 3475 485 3545 propter
497 3471 619 3529 eandem
632 3472 782 3548 rationem,
800 3475 869 3550 quia
881 3490 986 3549 nempe
1001 3474 1178 3534 obiectorum
1197 3483 1286 3542 appa-

235 3551 355 3613 ritiones
369 3554 399 3613 in
413 3554 496 3613 nobis
511 3555 591 3614 sistat
605 3569 639 3614 ac
653 3563 779 3616 renovet.

248 3665 256 3674 ·
273 3635 327 3694 Sed
337 3639 473 3698 claritatis
487 3639 587 3713 gratia
600 3655 673 3714 qliae
688 3641 723 3699 de
733 3641 840 3715 duplici
850 3643 1047 3710 acclamate
1056 3637 1289 3718 explicandam·
1370 3682 1371 3719 ,

236 3723 673 3800 perstanttribusparaarapnis
687 3726 855 3793 masuam.
