2767 4492
269 415 680 536 ELEMENTA
717 413 1047 534 ETHICAE

523 678 784 692 *nnn—nu*—

178 831 220 877 ΠΕ
240 829 385 878 tertulla
406 829 544 878 neutris
564 829 762 876 osnnntnttt
777 829 886 876 rnotr
905 828 1052 874 montiis
1072 829 1138 874 EST.

496 1007 828 1054 ψ

172 1365 206 1428 Ut
219 1363 341 1422 dilucide
356 1367 384 1423 et
397 1364 524 1425 ordinate
535 1367 570 1426 de
584 1371 649 1425 ectu
660 1367 786 1425 humano
796 1380 828 1424 ac
838 1365 1007 1425 rectitudine
1016 1363 1109 1423 eidem
1124 1364 1178 1422 im·

136 1447 285 1520 partienda
299 1448 482 1522 disseramus,
494 1451 560 1508 linis
576 1451 717 1524 inprimis
731 1450 900 1509 scrutandos
914 1456 966 1524 est,
982 1464 1066 1523 quem
1077 1447 1125 1506 ille
1138 1464 1180 1506 re

136 1529 229 1601 spicit,
245 1534 274 1587 ot
288 1545 305 1588 a
320 1545 375 1603 quo
393 1535 537 1606 tamquam
547 1533 583 1590 ab
599 1533 742 1591 exteriore
756 1548 844 1591 cansa
857 1533 1059 1606 perfectionem
1068 1537 1180 1588 mutua-

136 1617 192 1668 tur.
207 1613 313 1671 Deinde
328 1614 365 1671 ab
379 1623 496 1673 externo
512 1617 565 1674 boc
577 1616 749 1689 operationis
761 1617 901 1690 principio
914 1617 950 1674 ad
960 1615 1100 1689 principia
1115 1613 1180 1671 sub·

135 1693 238 1754 iectiva
252 1701 280 1754 et
294 1695 408 1756 interna
423 1699 640 1772 contemplanda
654 1699 815 1772 gradientes
831 1746 838 1773 ,
861 1699 1028 1758 examinare
1043 1697 1181 1755 debemus

133 1776 296 1852 facultates,
314 1795 387 1853 quae
407 1785 487 1839 actus
507 1783 629 1840 morales
652 1783 778 1842 bominis
797 1783 914 1841 eliciunt
932 1782 977 1840 uel
999 1782 1178 1840 comitantur.

134 1859 182 1918 His
197 1859 347 1934 diligenter
360 1864 531 1938 enucleatis,
550 1866 728 1940 exquirenda
743 1866 798 1924 erit
811 1881 928 1939 norma,
945 1881 1032 1939 quam
1046 1865 1082 1924 ad
1097 1864 1181 1922 actio

134 1959 186 2002 nes
199 1945 253 2003 irus
267 1947 430 2019 dirigendas
450 1948 595 2008 beneticus
610 1955 729 2008 naturae
749 1951 851 2008 ductor
865 1949 949 2008 nobis
967 1949 1102 2022 elargitus
1120 1953 1179 2021 est,

135 2033 163 2086 et
176 2029 348 2102 principium
359 2031 432 2088 unde
447 2047 546 2090 esrum
561 2033 698 2105 obligatio
719 2034 920 2107 proficiscitur.
931 2033 1031 2091 'lribus
1041 2033 1127 2105 igitur
1137 2047 1182 2089 ca-

133 2111 240 2185 pitibus
253 2111 359 2170 librum
373 2114 460 2182 hunc,
473 2130 559 2187 quem
575 2115 717 2174 d'tbicom
726 2116 927 2189 inscribimus,
949 2116 1179 2189 complectemur,

135 2207 256 2266 quorum
270 2197 395 2267 primum
410 2197 445 2255 de
461 2197 517 2257 tine
536 2200 711 2271 operationis
733 2200 893 2272 hnmanae,
909 2201 1031 2258 alterum
1045 2199 1080 2257 de
1094 2199 1181 2257 iacul-

135 2276 241 2335 tatibus
255 2277 359 2350 quibus
373 2279 404 2336 in
418 2279 500 2338 illum
515 2281 600 2339 homo
616 2282 717 2355 fertur,
736 2285 850 2342 tertium
864 2285 899 2344 de
913 2285 1012 2358 regula
1026 2290 1054 2342 et
1075 2283 1181 2356 princi·

134 2359 182 2432 plo
196 2361 377 2434 obligationis
392 2364 536 2423 actionum
549 2364 742 2424 bumanorum
756 2367 933 2442 disceptabit.

500 2533 634 2604 CAPUT
649 2535 811 2605 PRlbiUbl

386 2743 428 2791 DE
442 2743 514 2793 nibli
532 2743 738 2792 ermenteriis
752 2743 911 2790 nnumin.

171 2901 235 2960 Tria
247 2903 296 2960 hic
312 2903 415 2975 triplici
430 2905 548 2964 ardculo
562 2904 783 2976 vestigabimus:
800 2905 944 2978 primum,
956 2902 1032 2962 unde
1043 2904 1129 2962 bomo
1143 2904 1179 2964 ad

135 2984 310 3058 operandum
319 2991 475 3058 mereatum
488 2987 601 3060 delude,
615 2989 759 3060 quodnam
768 2989 921 3060 obiectum,
932 2987 1021 3046 linem
1030 2987 1176 3062 ultimum,

136 3083 187 3126 seu
204 3083 368 3140 supremum
380 3069 504 3127 bominis
522 3071 639 3142 bonum,
656 3071 827 3144 constituat;
850 3073 941 3146 tertio,
958 3073 1026 3146 quid
1045 3073 1179 3132 humanis

136 3150 347 3224 operationibus
362 3151 492 3226 proxime
508 3153 704 3227 quaerendum
719 3155 750 3212 in
763 3155 819 3214 hoc
840 3157 899 3216 sita
913 3157 1089 3230 propositum
1102 3157 1149 3214 sit.

507 3325 675 3383 tnrrcunus
690 3325 813 3384 Poenus.

347 3493 426 3554 ooo
445 3493 531 3555 boeto
547 3495 785 3571 adoperandum
798 3504 963 3556 moveator.

175 3659 200 3720 l.
216 3665 366 3724 Hominem
380 3665 417 3724 ad
435 3666 610 3740 operandum
631 3667 739 3741 impelli
754 3672 787 3725 ut
800 3667 908 3726 bonum
930 3672 1096 3739 essequam
1117 3681 1178 3725 ma·

136 3741 252 3818 lamque
267 3749 399 3822 declinet,
416 3750 520 3825 cuique
534 3751 649 3826 propria
663 3751 806 3810 convincit
828 3749 1014 3823 experientia.
1031 3750 1122 3817 Quare
1136 3751 1179 3808 la

137 3835 215 3890 ctum
229 3833 371 3904 quoddam
380 3839 424 3896 est
437 3851 489 3910 per
499 3852 529 3898 se
544 3843 652 3908 notum,
669 3835 745 3910 qnod
760 3834 1002 3896 demonstratione
1009 3849 1110 3895 reuera
1119 3849 1177 3895 non
