2767 4492
494 352 497 359 .
576 288 579 293 ’
667 314 829 365 mnndi

644 488 814 551 tunicatus
828 488 850 551 1.

556 656 595 719 oe
612 667 726 720 natura
741 657 939 721 matrimonii.

263 829 324 891 ltl.
344 828 585 892 Matrimoainma
602 830 665 891 iure
679 845 797 889 romano
815 830 963 891 delinitur:
988 828 1152 891 coniunctio
1167 826 1228 891 oiri
1242 836 1272 893 ct

177 967 182 983 ,
225 916 331 976 acoris
349 915 540 975 indiuiduam
558 913 635 975 oitoo
656 914 893 975 consuctudinont
914 916 1051 975 retinent.
1068 916 1165 975 'lolrttn
1189 916 1270 975 enim

226 1006 366 1077 quantum
379 1008 422 1062 est
432 1001 565 1062 societate
579 1002 762 1064 constituitur
771 1017 808 1059 ex
820 1002 973 1061 individuis
982 1000 1088 1060 diversi
1103 1016 1189 1061 sexos
1204 1016 1270 1061 coc·

145 1080 151 1091 ’
225 1084 358 1160 tacente,
368 1103 442 1163 quae
451 1087 589 1146 constanti
605 1088 729 1160 quadam
745 1086 891 1145 iunctione
906 1084 1271 1161 integrumetcompletttm

224 1172 567 1251 principiumellcrmant,
578 1182 680 1245 eiquo
695 1170 808 1243 generis
826 1170 942 1231 humani
953 1170 1118 1247 propagatio
1128 1170 1268 1229 dimanet.

226 1257 427 1333 Sapiettsenim
437 1272 532 1317 rerum
543 1262 641 1315 auctir
649 1262 679 1315 et
687 1256 833 1314 ordinator
842 1256 925 1327 ilaus,
934 1255 1076 1317 nominem
1084 1254 1123 1313 ita
1131 1254 1269 1328 condidit,

225 1347 257 1401 ut
271 1342 545 1403 sexudiscriminato
559 1338 688 1399 eamdem
702 1344 834 1399 naturam
849 1340 879 1399 iu
894 1340 950 1399 duo
965 1340 1050 1400 veluti
1065 1338 1193 1399 subiecta
1211 1338 1270 1399 dis

225 1427 365 1499 tingueret
384 1433 412 1486 et
425 1424 507 1485 iuxta
528 1427 603 1499 leges
618 1442 636 1483 a
649 1440 680 1483 ce
696 1424 768 1482 latas
782 1424 818 1483 ad
837 1426 976 1485 unitatem
992 1426 1117 1499 aliquam
1132 1425 1270 1485 constitu-

223 1512 329 1571 endam
338 1511 479 1585 dirigeret.
491 1512 581 1579 Quare
595 1510 681 1568 etiarn
691 1511 839 1583 utriusque
856 1510 1003 1585 ingenium
1014 1517 1041 1569 et
1051 1510 1129 1569 dotes
1143 1510 1183 1569 ita
1199 1517 1271 1569 tem·

223 1598 341 1671 peracit,
355 1598 526 1670 ututrinque
541 1595 673 1655 iuvamen
683 1594 803 1669 etquasi
815 1596 1052 1667 complementum
1067 1596 1153 1655 unius
1163 1612 1217 1669 ope
1228 1594 1269 1653 al-

223 1681 311 1741 terius
321 1690 495 1755 exsurgeret.
508 1681 578 1739 ilinc
588 1696 644 1739 non
660 1679 743 1738 modo
759 1679 898 1755 susceptio
914 1680 1027 1755 sobolis,
1040 1678 1067 1739 ti
1083 1680 1164 1739 cuius
1179 1680 1267 1739 horno

223 1767 439 1839 perpetuitatem
449 1767 592 1841 quandam
601 1764 657 1823 sibi
666 1764 838 1837 impartitur,
854 1780 909 1823 non
925 1764 1038 1823 aliunde
1047 1781 1134 1839 qnam
1145 1781 1182 1824 ex
1197 1780 1267 1825 con-

222 1849 300 1923 iugio
314 1850 412 1909 haberi
428 1856 532 1923 potest;
550 1864 647 1907 verum
663 1848 748 1907 etiarn
764 1864 862 1907 omnes
878 1850 1008 1922 morales,
1021 1850 1193 1925 aptitudines
1205 1851 1268 1925 qui·

222 1932 331 1993 buerit
345 1936 497 1993 autmulier
511 1939 627 1991 arctatur
633 1933 673 1991 ila
682 1938 781 1993 ntttltto
795 1936 973 2007 respondent,
986 1941 1018 1993 ul
1027 1936 1100 1994 inter
1111 1951 1141 1993 se
1154 1936 1267 1994 ltarmo

222 2018 286 2077 tuce
295 2020 491 2090 concilientur,
502 2027 530 2077 et
543 2018 615 2077 aliae
625 2018 661 2077 ad
672 2017 744 2077 alias
756 2020 951 2095 temperandas
962 2020 1006 2079 rel
1016 2018 1202 2095 perliciendas
1213 2020 1267 2080 tui·

222 2104 465 2163 riliceconlerant.
477 2104 535 2163 Non
551 2103 692 2163 immerito
709 2104 795 2177 igitur
810 2104 912 2179 aliquis
928 2104 1042 2177 dixerit,
1063 2105 1115 2163 ltac
1130 2106 1267 2165 societate

222 2191 362 2251 lusionem
377 2191 464 2251 reluti
477 2192 629 2267 quamdam
643 2192 765 2250 duarum
782 2192 1010 2265 personalitatum
1026 2192 1135 2266 haberi,
1151 2208 1189 2261 es
1205 2208 1267 2270 qua

222 2276 477 2351 integraquaedam
488 2284 516 2335 et
526 2278 650 2351 perlecta
660 2276 844 2349 personalitas
854 2277 982 2348 emeruit,
997 2293 1069 2351 ottae
1081 2278 1208 2337 humano
1218 2294 1267 2352 ge·

221 2360 282 2418 neri
297 2362 350 2420 rita
367 2363 546 2436 propagando
560 2362 662 2419 idonea
676 2360 721 2433 sit,
734 2368 763 2417 et
778 2361 884 2419 mutuis
900 2363 1019 2436 partium
1036 2361 1201 2434 indigentiis
1215 2380 1267 2437 ap

221 2452 249 2504 te
263 2447 420 2507 subveniat.
434 2448 607 2521 Quapropter
615 2446 668 2505 etsi
679 2445 801 2504 essentia
812 2446 936 2519 coniugii
948 2446 977 2505 itt
990 2447 1042 2505 ltoc
1052 2446 1174 2521 ponitur,
1187 2448 1266 2521 quod

221 2547 310 2589 unum
323 2538 352 2591 et
366 2532 536 2592 indivisibile
548 2530 719 2604 principium
735 2530 922 2587 constituatur
933 2532 1145 2606 propagativum
1162 2531 1267 2591 trama·
1298 2586 1303 2599 ,
1379 2560 1380 2571 r

220 2616 251 2675 ni
266 2618 392 2692 generis,
411 2625 504 2677 tamen
521 2618 586 2675 dois
600 2617 775 2689 adaequatus
790 2619 832 2673 est
845 2620 904 2673 tunt
918 2616 1023 2677 sobolis
1038 2618 1187 2691 susceptio,
1201 2624 1266 2678 tum

220 2711 352 2761 mutuum
366 2702 507 2761 attxilium
521 2704 684 2773 atatupum.

257 2788 318 2846 itt.
334 2789 402 2847 Cum
417 2796 475 2846 tam
490 2795 566 2845 arcta
580 2788 617 2845 sit
634 2787 776 2849 societatis
796 2791 880 2849 huius
901 2788 1041 2861 colligatio
1062 2794 1090 2847 et
1105 2780 1267 2847 humanam
1378 2836 1379 2839 η

219 2872 308 2931 vitam
324 2879 380 2932 tant
395 2864 663 2945 late'complectene,
679 2874 773 2933 stabili
787 2876 940 2935 admodum
956 2874 1139 2933 laudamento
1154 2882 1182 2933 et
1199 2890 1267 2951 spa·

220 2955 292 3015 tioso
306 2957 358 3017 niti
372 2956 463 3015 debet.
481 2958 536 3017 lloc
553 2958 767 3017 tundamentum
783 2968 825 3019 est
839 2976 918 3019 amor
932 2959 1061 3019 sincerus
1075 2966 1103 3018 et
1120 2960 1267 3033 plenus‚a

219 3056 275 3115 qao
285 3048 474 3115 tamquamex
483 3044 577 3101 radice
586 3042 724 3116 pullulant
733 3044 828 3105 olllcia
839 3044 1056 3119 amplectibus
1067 3052 1185 3119 utraque
1197 3062 1266 3120 pars

218 3142 287 3207 erga
300 3126 419 3185 alteram
442 3127 635 3200 adstringitur.
653 3126 685 3186 lit
706 3144 774 3187 sane
793 3130 818 3189 si
840 3128 997 3201 coniugalis
1018 3130 1138 3189 societas
1157 3130 1266 3191 exinde

218 3209 407 3286 constituitur,
423 3213 496 3285 quod
511 3230 527 3268 e
542 3210 653 3271 duabus
669 3213 796 3285 personis
812 3229 868 3273 una
889 3214 973 3273 veluti
1002 3214 1177 3288 perficiatur,
1194 3231 1266 3289 quo

218 3297 300 3355 modo
319 3296 346 3354 id
362 3297 483 3356 obtineri
509 3299 608 3369 poterit
625 3298 677 3357 nisi
703 3314 759 3357 una
775 3302 893 3359 alteram
910 3298 1026 3373 perinde
1041 3306 1164 3375 spectet,
1180 3302 1265 3375 quasi

217 3398 300 3443 suam
315 3381 402 3440 veluti
423 3390 542 3456 partem,
568 3382 612 3441 rel
636 3382 737 3441 melius
757 3385 836 3457 quusi
858 3394 967 3460 partem
990 3400 1063 3458 quae
1092 3384 1177 3443 simul
1196 3400 1266 3443 cum

194 3535 198 3543 .
218 3464 280 3541 ipsa
289 3473 439 3525 concurrat
457 3469 492 3525 ad
512 3481 601 3548 uuum
620 3465 734 3541 aliquod
755 3468 983 3528 edormundunt‘l
1002 3473 1034 3527 dt
1057 3484 1124 3527 uero
1147 3468 1177 3527 id
1200 3470 1266 3529 siue

218 3552 377 3611 arctissima
390 3551 539 3611 dilectione
559 3558 658 3609 mutua
670 3552 789 3627 intelligi
813 3554 922 3628 nequit.
940 3554 996 3613 llac
1020 3550 1098 3613 euim
1111 3554 1266 3614 dumtaxat

217 3634 294 3694 entia
308 3635 428 3695 moralia
446 3636 566 3694 invicem
589 3636 779 3711 attrahuntur,
801 3642 829 3697 et
854 3638 965 3699 viuculo
984 3638 1057 3699 inter
1082 3654 1112 3697 se
1135 3638 1266 3701 vicissim

217 3718 394 3792 copulantur.
417 3720 501 3779 Porro
521 3720 634 3778 dilectio
657 3722 796 3781 eiustuodi
817 3739 834 3781 a
857 3722 965 3782 ratione
986 3722 1163 3797 potissimum
1184 3724 1266 3798 inge-

216 3805 311 3862 nerari
325 3806 418 3863 debet.
442 3805 532 3873 Quare
554 3822 611 3864 nou
627 3813 683 3863 tam
705 3816 823 3865 externa
837 3809 962 3882 corporis
987 3814 1151 3875 venustate,
1174 3824 1266 3883 quam

217 3888 373 3955 moralibus
382 3890 476 3971 potius
494 3891 796 3971 permaaedotittuect
808 3892 903 3973 catari¹
915 3892 1001 3959 totali
1014 3893 1197 3963 linamentis
1212 3910 1267 3962 cx«
