2767 4492
459 349 461 352 ·
527 352 606 396 roms
624 352 765 397 numana
1115 332 1165 407 191

125 437 188 497 tatis
207 436 306 496 orbata
324 436 374 495 vix
396 440 445 495 aut
462 451 498 493 ne
522 436 572 493 rix
591 437 705 509 quiriem
729 438 869 496 inveniret
894 442 940 499 cui
958 442 1061 502 iterum
1076 444 1175 505 nnbat.

124 525 157 584 Ut
181 525 310 582 omittam
326 523 568 597 periculaqrubus
584 524 644 594 ipsa
664 530 757 580 certae
776 524 879 581 sobolis
895 529 1051 601 procreatio
1067 534 1095 587 et
1112 531 1177 589 edu·

125 611 197 667 catio
212 609 352 666 obiicitur.
366 608 490 665 Proiecto
500 608 629 663 erlrreatro
640 607 686 663 ins
698 608 837 679 quoddam
851 614 893 665 est
904 612 1086 686 indivisibile,
1100 616 1175 687 qnod

125 696 159 752 ad
172 700 324 767 utmmtpre
332 698 480 768 parentem
490 692 574 748 strunt
586 700 693 764 spectat
703 712 709 761 3
720 700 748 749 et
762 694 843 749 cuius
858 696 1024 753 exercitium
1040 710 1111 769 pene
1127 705 1179 757 ter-

127 780 194 837 tiam
216 787 323 851 partem
344 778 416 835 vitae
441 777 562 835 tiliorum
577 783 705 849 occupat.
727 778 869 845 Quomodo
885 779 971 851 igitur
986 782 1083 853 perlici
1099 784 1181 843 iuxta

125 863 253 922 ordinem
269 870 386 921 naturae
405 863 514 935 poterit,
532 860 585 920 uisi
601 861 710 919 stabilis
725 869 753 919 et
767 869 903 937 perpetua
913 863 1032 923 societas
1046 866 1177 940 coniuga-

127 950 162 1008 lis
179 949 342 1006 babeatnr‘t

166 1034 225 1091 132.
246 1032 434 1091 Nihilominus
449 1032 547 1104 negari
570 1032 678 1105 nequit,
704 1032 762 1089 solo
780 1032 842 1089 iore
856 1038 976 1091 naturae
993 1034 1177 1109 considerato,

127 1120 280 1178 nonnullos
300 1119 464 1187 contingere
484 1122 612 1188 euentus,
630 1118 659 1174 io
678 1117 781 1191 quibus
799 1118 928 1176 absoluta
948 1120 1180 1179 indissolubilitas

129 1221 188 1264 non
208 1206 276 1261 satis
293 1204 439 1260 evidenter
461 1206 604 1276 appareat.
624 1201 683 1269 Oua
699 1202 727 1261 iu
743 1218 773 1260 re
789 1204 914 1276 apposite
929 1204 1116 1263 Bellarminus
1128 1229 1138 1255 u
1151 1206 1179 1265 Si

133 1315 144 1342 a
161 1291 381 1359 consideremus,
393 1288 497 1363 inquit,
514 1288 729 1345 matrimonium
745 1295 776 1345 ut
789 1290 915 1347 oiticium
932 1296 1051 1349 natutae
1067 1292 1102 1349 ad
1117 1308 1179 1365 pro-

132 1396 144 1425 «
161 1374 322 1448 pagandam
337 1373 474 1445 sobolem,
491 1388 575 1445 aegre
591 1379 683 1445 potest
700 1373 779 1430 reddi
797 1375 868 1431 ratio
883 1390 933 1432 cnr
952 1376 988 1433 ob
1003 1376 1179 1435 sterilitatem

133 1459 290 1531 «coniugis
308 1474 365 1516 non
386 1458 470 1516 liceat
488 1474 552 1515 earn
566 1458 713 1526 ‚dimittere
732 1464 780 1515 aut
801 1460 885 1517 aliam
905 1460 1007 1517 ducere
1024 1462 1048 1517 l.
1071 1484 1082 1510 n
1103 1462 1180 1519 idem

131 1544 242 1601 dicatur
259 1544 284 1601 si
304 1544 409 1602 coniux
429 1549 565 1617 perpetuo
586 1544 685 1601 morbo
710 1543 818 1601 laboret
841 1552 889 1605 aut
913 1546 1022 1603 socium
1042 1545 1181 1605 malitioso

132 1630 252 1686 deserat.
274 1628 330 1686 litsi
350 1629 428 1685 enim
445 1629 481 1685 ad
500 1636 593 1686 cetera
615 1630 795 1686 incommoda
815 1631 971 1701 generatim
996 1631 1121 1688 carenda
1140 1636 1180 1689 at-

133 1730 187 1787 que
203 1714 238 1770 ad
254 1713 383 1771 vitandas
401 1712 524 1785 fraudes,
541 1728 614 1785 oriae
636 1711 761 1785 irrepere
777 1721 898 1785 possent,
916 1722 944 1772 et
959 1714 1133 1773 sollicitiores
1151 1714 1182 1773 in

131 1798 246 1873 proprio
266 1798 360 1857 allicio
379 1798 564 1855 continendos
582 1797 727 1869 coniuges,
745 1798 827 1869 longe
847 1801 1032 1872 opportunius
1053 1800 1181 1859 videatur

134 1885 157 1942 si
175 1884 259 1941 etiam
278 1899 327 1957 pro
344 1883 422 1941 bisce
439 1890 488 1941 aut
504 1883 701 1940 consimilibus
717 1883 937 1941 circumstantiis
956 1885 1102 1956 coniugale
1119 1885 1181 1943 vin-

135 1969 234 2026 culum
250 1984 306 2026 oon
325 1969 523 2039 abscindatnr3
548 1980 643 2025 tamen
661 1968 713 2024 boc
731 1983 787 2024 oon
808 1968 966 2025 absolutam
985 1969 1181 2027 necessitatem

135 2054 197 2110 cius
222 2052 415 2126 perpetuitatis
435 2053 483 2108 sed
507 2052 644 2109 maiorem
668 2056 786 2109 naturae
805 2054 1019 2123 congruentiam
1040 2053 1180 2126 ostendit,

137 2153 173 2195 ex
190 2154 246 2211 ipra
262 2137 388 2208 legitima
403 2136 554 2193 arroteritas
574 2136 690 2193 adeam
712 2138 938 2211 praecipiendam
960 2140 1102 2212 sapienter
1123 2154 1182 2197 mo·

137 2228 246 2279 uratur.
259 2220 350 2287 Quare
367 2221 554 2277 clamatorium
568 2230 778 2294 argumentum,
790 2237 842 2279 cur
856 2226 972 2296 nuptiae
982 2224 1012 2281 in
1025 2224 1086 2295 lege
1096 2224 1184 2281 Eran-

139 2306 228 2377 pelira
250 2306 366 2362 onrrrino
386 2305 596 2363 indissolubiles
614 2305 679 2376 sint,
702 2320 737 2362 ex
757 2306 853 2362 diuina
871 2308 1069 2380 praeceptione
1086 2310 1183 2381 depro

139 2390 235 2461 ruitrrr,
257 2405 330 2462 (puae
348 2397 453 2447 tautam
469 2392 632 2446 tirmitatem
651 2389 717 2446 lruic
736 2390 847 2447 viuculo
868 2391 1012 2463 impertiit,
1033 2392 1182 2467 ipsumque

139 2475 251 2533 ut-rtirae
270 2491 338 2532 suae
360 2476 523 2547 per-tecuam
546 2474 676 2531 restitnit.
697 2474 903 2531 llatrimonium
916 2476 992 2532 enim
1011 2475 1040 2531 in
1061 2477 1185 2534 Ecclesia
1263 2470 1267 2483 '

140 2568 269 2618 erectum
283 2566 326 2618 est
341 2562 375 2618 ad
387 2561 553 2633 dignitatern
570 2559 745 2615 sacramenti
761 2559 987 2616 indissolubilem
1001 2558 1101 2617 Gbristi
1117 2575 1184 2619 cum

142 2644 267 2703 Ecclesia
284 2647 418 2703 unionem
439 2644 635 2714 sitruiticantis
657 2644 751 2716 Unde,
775 2650 806 2701 ut
826 2644 917 2715 inquit
931 2643 1091 2715 apostolae,
1114 2658 1184 2703 non·

140 2730 196 2787 nisi
221 2738 309 2787 morte
333 2731 496 2787 alterutrius
517 2730 646 2800 coniugis
668 2729 849 2800 abrumpitur
870 2729 927 2799 ita,
954 2728 1108 2785 utiterum
1132 2744 1184 2786 nu·

141 2814 226 2872 bandi
243 2816 281 2871 sit
300 2815 419 2871 incultas
439 2816 464 2869 2,
493 2813 596 2884 immo,
618 2818 650 2870 nt
674 2813 713 2868 ait
734 2813 793 2883 ipse
818 2812 943 2869 Christus
964 2813 993 2869 in
1015 2812 1182 2889 Evangelio,

142 2900 199 2958 iam
215 2915 231 2955 a
247 2898 345 2955 mnndi
367 2898 482 2955 exordio
499 2897 553 2953 lroc
570 2889 751 2968 praeceptum
769 2910 785 2951 a
804 2896 859 2953 ileo
878 2894 975 2953 datram
992 2896 1100 2954 bomini
1120 2898 1184 2970 luit,

144 2999 196 3044 nrc
217 2983 270 3040 nisi
293 2981 330 3038 ob
350 2981 538 3054 pervicaciam
560 2980 647 3037 auinri
669 2980 779 3037 iudaeis
798 2980 826 3036 iu
848 2980 908 3053 lege
928 2982 1015 3039 veteri
1036 2982 1186 3054 repudium

143 3070 241 3128 inuris
260 3070 362 3127 insola
382 3068 511 3127 adulterii
528 3079 614 3125 causa
632 3068 802 3139 permissum
821 3080 872 3124 est.
894 3068 946 3125 Sed
962 3075 1070 3126 remota
1085 3070 1187 3141 imper·

144 3157 262 3215 lectione
282 3155 393 3212 illorum
416 3161 583 3226 temporum,
601 3159 629 3210 et
650 3153 763 3209 lromiue
782 3155 808 3211 vi
825 3155 932 3221 martiae
953 3155 988 3211 ad
1009 3154 1090 3226 longe
1107 3154 1187 3212 nobi·

143 3240 243 3299 liorem
263 3239 392 3299 ordinem
412 3239 542 3312 adducto,
560 3245 783 3297 consentaneum
800 3238 853 3297 tuit
872 3244 902 3297 ut
922 3240 1135 3299 matrimonium
1150 3240 1186 3299 ad

188 3399 199 3443 l
220 3402 253 3445 Be
269 3400 424 3445 nocumento
438 3398 455 3443 l.
475 3398 495 3459 l,
508 3415 527 3444 a.
544 3399 567 3443 t.
911 3442 915 3449 ,

189 3477 204 3522 2
219 3478 252 3522 En
267 3475 328 3522 Pauli
341 3477 406 3521 verbe
421 3476 450 3524 ad
466 3477 557 3522 Roman.
569 3492 589 3521 e.
605 3476 636 3522 7:
657 3496 666 3516 ι
684 3478 745 3523 Nom
761 3477 820 3534 qaod
834 3477 876 3521 sub
887 3478 939 3521 uiro
953 3480 985 3521 eet
998 3477 1086 3522 molier
1096 3477 1187 3523 attente

146 3576 156 3597 ι
175 3556 228 3600 uiro
243 3556 342 3611 altipeta
353 3557 386 3598 ert
401 3554 462 3609 ἱερὴ
481 3554 594 3605 σι’,αυὲεηι
609 3557 716 3599 mortuos
730 3553 805 3611 sterit
821 3554 860 3597 rir
876 3553 935 3605 cius,
951 3554 1051 3597 literato
1066 3557 1098 3597 eet
1112 3566 1127 3598 a
1142 3554 1189 3611 tea·

147 3652 156 3671 ι
173 3633 231 3677 ciri.
248 3631 345 3688 lpitur,
361 3630 450 3675 virente
464 3630 517 3673 ciro
530 3664 537 3681 ,
552 3630 675 3674 vocabitur
689 3629 818 3681 adultero,
839 3630 861 3673 εἰ
875 3629 949 3687 {uerit
966 3641 1018 3673 cum
1035 3629 1083 3673 olio
1097 3629 1158 3674 uiro.
1178 3644 1187 3671 r

144 3707 199 3751 Tura
213 3708 282 3767 prima
297 3706 325 3751 ad
340 3705 438 3751 (arioth.
450 3721 469 3749 r.
486 3704 514 3749 'iz
535 3724 543 3744 ι
563 3705 597 3750 Iis
611 3710 698 3758 autem,
715 3706 757 3762 qui
773 3705 924 3749 matrimonio
939 3704 1016 3749 iuncti
1029 3708 1084 3749 aaut
1097 3740 1103 3758 ,
1117 3719 1189 3763 proc-

148 3796 157 3817 «
175 3779 237 3835 cipio
250 3793 298 3825 nou
312 3793 360 3836 epo,
375 3778 414 3823 red
432 3776 555 3827 Dominus,
567 3789 665 3820 oaorem
679 3790 694 3819 a
710 3776 762 3819 uiro
777 3788 824 3819 non
836 3774 965 3828 discedere;
981 3775 1072 3832 quodsi
1082 3774 1190 3821 discesse-

107 3831 115 3846 ’
148 3872 157 3893 ι
174 3854 217 3905 rit,
233 3868 327 3899 propere
337 3856 461 3912 innuptum
471 3855 513 3898 out
534 3851 586 3896 rr'ro
597 3865 638 3897 auo
648 3850 807 3897 reconciliari.
831 3852 861 3897 El
878 3850 1025 3895 eirca-xorem
1041 3864 1088 3897 nou
1107 3851 1191 3897 dimit·

149 3947 157 3970 ι
175 3932 216 3991 lul,
230 3934 270 3974 elo.
