2767 4492
691 271 818 318 LOGIGAE

589 440 912 502 dnu1cunuslll.

620 611 658 669 ile
672 609 888 684 probabilitate.

272 787 315 843 37.
330 784 497 856 Plerumque
512 795 570 839 non
583 779 666 837 modo
681 779 713 836 in
727 778 803 836 uitae
816 793 886 850 usu,
898 789 999 834 rerum
1012 775 1099 833 etiam
1108 775 1138 834 in
1147 777 1277 836 'scientiis

233 871 304 944 ipsis
319 867 518 926 certitudinem
532 863 645 937 assequi
660 877 718 920 non
733 876 901 935 possumus3
918 861 969 920 sed
983 860 1181 934 probabilitate
1195 861 1278 918 dum-

236 959 314 1011 taxat
327 950 453 1011 conteuti
467 964 529 1007 esse
543 947 690 1005 debemus.
704 945 760 1003 Abs
774 961 805 1002 rc
820 944 917 1017 itaque
926 959 989 1003 non
1003 944 1057 1002 erit
1068 943 1163 1016 aliqua
1177 944 1225 1000 bic
1239 945 1276 1002 de

234 1037 283 1094 illa
299 1035 419 1094 summis
433 1033 516 1091 labiis
530 1033 689 1104 degustare.

270 1118 434 1190 Probabile,
454 1123 485 1176 ut
500 1116 595 1190 ipsum
610 1129 714 1173 nomen
730 1113 853 1186 indicat,
868 1112 945 1171 idem
960 1119 1002 1170 est
1015 1127 1049 1170 ac
1063 1111 1181 1186 dignum
1199 1113 1276 1187 qnod

232 1204 377 1280 probetur,
394 1204 466 1261 sicut
480 1201 602 1260 amabile
617 1201 737 1272 dignum
752 1198 826 1272 quod
840 1205 961 1256 ametur.
979 1197 1054 1256 Solet
1066 1203 1162 1255 autern
1175 1201 1276 1272 pmha·

234 1289 291 1347 bile
306 1287 477 1349 internasci
494 1291 610 1344 externe
625 1283 756 1355 censeri,
772 1288 856 1355 prout
868 1287 914 1340 vel
927 1282 1040 1340 interno
1060 1282 1155 1354 aliquo
1169 1282 1277 1342 motivo

232 1389 270 1432 ex
283 1373 346 1446 ipsa
361 1373 404 1430 rei
422 1378 523 1429 natura
538 1372 700 1442 desumpto,
716 1366 761 1425 uel
776 1366 941 1425 testantium
957 1366 1147 1424 affirmatione
1162 1366 1275 1425 mbora·

234 1463 288 1514 tur.
305 1457 381 1514 lunc
395 1456 489 1528 itaque
505 1453 648 1512 obiectum
663 1450 777 1524 aliquod
792 1450 904 1509 interne
918 1449 1065 1523 probabile
1083 1451 1273 1523 nuncupabis,

125 1535 128 1542 '
233 1555 299 1598 cum
313 1539 426 1611 urgenti
441 1554 474 1597 ac
489 1537 582 1596 valida
596 1535 720 1605 ratione,
735 1535 802 1592 licet
815 1549 874 1592 uon
888 1549 973 1593 omue
986 1534 1106 1592 dubium
1122 1533 1276 1592 excluden-
1301 1585 1306 1592 .

234 1619 277 1696 te,
292 1623 438 1694 suadetur3
455 1627 573 1681 exteram
588 1625 701 1691 autem,
718 1633 784 1676 cnm
799 1619 879 1691 gravi
896 1618 1061 1677 auctoritate
1077 1617 1122 1676 rel
1135 1617 1199 1675 aliis
1213 1617 1275 1691 qui-

232 1708 344 1778 busque
355 1705 481 1762 externis
492 1704 622 1761 firmatur
635 1701 796 1760 momentis.
808 1702 886 1769 Quod
896 1703 922 1760 si
932 1703 1046 1776 quarmo
1055 1717 1102 1760 res
1113 1701 1274 1760 verisimili·

233 1791 332 1849 tudine
347 1795 458 1845 tanturn
469 1801 502 1843 ac
512 1786 567 1844 levi
580 1786 731 1843 admodum
747 1786 865 1858 maone,
876 1785 921 1843 vel
934 1786 1020 1844 unius
1034 1791 1083 1844 aut
1096 1784 1214 1843 alterius
1228 1799 1275 1858 pa·

232 1887 299 1930 rum
313 1871 368 1929 ilde
384 1871 463 1942 digni
479 1869 637 1928 testimonio
652 1868 766 1942 nititur3
779 1870 847 1927 tunc
857 1869 907 1926 vix
922 1875 972 1927 aut
985 1885 1022 1928 ne
1037 1870 1086 1927 vix
1099 1869 1216 1942 quidem
1225 1883 1274 1927 no·

233 1967 301 2014 men
315 1955 385 2014 illud
400 1955 455 2013 sibi
469 1955 612 2026 vindicat,
629 1960 658 2011 et
671 1954 771 2012 lerion
784 1954 957 2027 pmbabilis‚
974 1955 1019 2012 vel
1032 1955 1119 2012 etiam
1132 1953 1274 2027 improba-

234 2041 300 2098 bilis
316 2039 482 2112 appellatur.
494 2037 595 2110 Nequit
610 2037 687 2094 enim
701 2037 820 2109 dignum
835 2038 1039 2111 approbatione
1053 2037 1119 2110 dici,
1131 2038 1206 2110 quod
1219 2038 1274 2095 viri

232 2123 379 2198 prudentis
390 2136 538 2179 assensum
549 2136 605 2179 non
616 2126 754 2194 meretum
768 2121 810 2178 vir
821 2129 917 2178 autern
929 2122 1053 2194 prudens
1066 2121 1183 2180 nonnisi
1194 2122 1274 2195 gravi

233 2212 376 2265 momento
391 2210 535 2278 permotus
549 2205 590 2262 rei
604 2220 662 2262 non
679 2212 772 2262 certae
786 2221 935 2262 assensum
949 2210 1082 2279 praestat.

269 2289 313 2348 38.
326 2289 394 2347 Cum
408 2287 466 2346 sola
481 2289 627 2359 certitudo,
644 2295 672 2345 et
686 2289 802 2360 quidem
818 2305 855 2346 ex
868 2304 902 2346 ea
916 2294 1005 2362 parte,
1021 2304 1079 2363 qua
1092 2290 1213 2348 dubium
1227 2306 1274 2348 ex·

232 2375 335 2446 cludit,
352 2374 383 2430 in
398 2371 565 2429 indivisibili
581 2373 634 2446 sita
650 2371 700 2442 sit,
717 2371 917 2444 pmbabilites,
933 2389 1007 2446 quae
1022 2374 1148 2445 proiecto
1162 2373 1274 2433 certitu·

230 2460 268 2517 do
286 2473 344 2516 non
363 2463 422 2527 cst,
442 2457 639 2514 extensionem
659 2455 860 2528 quamdam-et
876 2457 1055 2516 latitudinem
1072 2457 1179 2530 habet,
1199 2458 1273 2516 intra
1373 2516 1374 2521 ,

232 2558 318 2617 quam
334 2541 449 2614 spatiari
464 2547 556 2614 potest
569 2554 602 2596 ac
615 2541 707 2598 maior
721 2556 783 2598 esse
795 2541 839 2598 uel
848 2542 951 2612 minor,
963 2548 1046 2615 prout
1059 2543 1151 2614 magis
1166 2542 1273 2600 minus·

233 2641 268 2684 ve
285 2625 374 2683 iirmis
390 2631 438 2681 aut
453 2623 626 2681 auctoritatis
642 2629 691 2680 aut
705 2624 823 2680 rationis
837 2625 1011 2696 ponderibus
1025 2625 1184 2683 roboretur.
1201 2625 1273 2692 Quo-

232 2701 309 2768 circa
328 2724 460 2766 assensus
475 2708 520 2764 iris
538 2706 690 2778 adbibitus,
707 2722 793 2779 quem
808 2708 972 2779 opinionem
988 2709 1203 2782 appellavimus,
1215 2723 1273 2766 ma·

232 2795 277 2868 gis
292 2793 423 2851 minusve
437 2790 592 2865 probabilis
607 2803 668 2848 esse
684 2796 783 2863 potest.

268 2879 327 2946 Oua
339 2877 371 2935 in
385 2892 416 2934 re
432 2875 606 2932 arbitrantur
620 2874 709 2947 aliqui
724 2874 953 2948 probabilitatem
964 2876 1107 2934 minorem
1116 2878 1202 2935 nnius
1212 2893 1273 2950 pro

231 2961 379 3039 positionis
393 2961 424 3018 in
438 2959 572 3018 conilictu
588 2959 722 3029 maiorm,
743 2975 800 3032 qua
815 2960 1031 3018 contradictoria
1047 2961 1119 3019 forte
1133 2960 1271 3033 gaudeat,

231 3061 347 3120 prorsus
364 3043 431 3102 elidi
447 3049 474 3100 et
487 3043 706 3116 improbabilem
730 3043 819 3101 reddi.
835 3044 888 3102 Sed
908 3044 937 3101 bi
959 3045 1142 3103 uehementer
1165 3049 1270 3102 errant.

234 3132 304 3189 liam
320 3129 372 3188 etsi
387 3128 504 3186 evidens
523 3126 661 3185 certitudo
682 3127 881 3200 pmpositionis
906 3129 1066 3200 cuiuspiam
1090 3128 1273 3186 contradicto

233 3212 307 3270 riam
322 3213 423 3270 falsam
438 3210 552 3276 eiiicial,
569 3211 651 3282 cique
667 3225 781 3268 omnem
797 3212 1025 3282 pmbabilitatem
1040 3213 1161 3285 adimal3
1176 3211 1271 3270 simile

233 3302 329 3352 tamen
344 3309 401 3351 non
416 3293 554 3366 contingit
568 3308 634 3351 cum
649 3294 683 3351 dc
698 3309 778 3353 mera
793 3295 1159 3370 probabilitateutcumque
1170 3295 1273 3353 maiori

233 3383 363 3452 respectu
375 3377 494 3435 minoris
505 3382 546 3434 est
556 3379 692 3450 quaestio.
705 3379 841 3450 Utrinque
855 3380 933 3440 enim
947 3381 1054 3439 motiva
1068 3380 1194 3438 militant
1207 3395 1274 3453 pru-

232 3463 325 3521 dentis
344 3477 490 3533 assensus3
511 3477 597 3533 grave
612 3466 708 3518 alutem
728 3467 756 3519 et
774 3461 921 3521 sufficiens
937 3466 1078 3522 motivum
1098 3479 1150 3522 suo
1172 3464 1274 3522 mbore

233 3560 291 3604 non
306 3545 483 3614 destituitur,
507 3545 618 3602 tametsi
633 3559 699 3602 cum
713 3545 841 3617 graviore
859 3547 1029 3607 conferatur.
1051 3547 1138 3620 lingis
1152 3547 1231 3605 euim
1245 3552 1275 3604 et

233 3629 345 3701 minus,
358 3636 389 3687 ut
403 3629 456 3686 iert
470 3627 602 3700 effatum,
619 3628 745 3702 speciem
760 3629 802 3687 rei
818 3645 875 3688 non
890 3638 1058 3704 commutat;
1076 3647 1129 3690 nec
1146 3631 1273 3704 dignitas

233 3712 350 3771 interior
364 3713 395 3770 in
409 3711 530 3769 dedecus
544 3711 754 3786 degeneratae
768 3714 843 3786 quod
857 3730 875 3773 a
888 3715 991 3773 maiori
1006 3715 1145 3788 dignitate
1161 3727 1277 3788 supere·

235 3803 293 3869 tur3
312 3810 365 3853 nec
383 3794 583 3854 subobscurior
602 3795 654 3854 lux
668 3795 698 3854 in
715 3798 846 3858 tenebras
859 3799 996 3872 vertitur,
1013 3799 1038 3859 si
1054 3813 1120 3858 cum
1135 3797 1276 3859 anulare

235 3879 300 3942 luce
314 3879 457 3953 confligat.
