2767 4492
196 323 234 388 86
470 377 474 387 ,
639 333 800 384 assumas

232 426 384 500 Postremo,
401 425 432 484 ut
446 421 713 495 demonstravimus,
730 423 843 497 adeptio
856 422 902 481 rel
917 420 1034 482 amissio
1047 417 1142 500 ultim
1157 416 1236 499 linis,

196 510 358 570 consecutio
372 510 512 584 quaedam
527 514 570 566 est
585 507 725 566 naturalis
738 505 851 566 virtutis
869 515 919 566 aut
938 506 1008 566 vitii.
1024 507 1114 582 Ergo,
1130 508 1154 567 si
1174 523 1238 568 con·

196 595 333 654 secationi
350 600 459 652 mutum
473 593 596 652 naturali
611 599 686 651 staro
701 592 842 665 volumus,
859 591 896 650 ab
912 592 968 652 illis
983 593 1149 653 abstrahere
1167 593 1238 668 cogi·

198 679 332 738 tationem
353 679 472 737 minime
495 692 655 752 possumus.
672 678 762 736 Immo
777 693 828 735 eae
843 674 930 736 veluti
944 693 995 751 pro
1010 677 1145 736 coronide
1166 683 1237 737 cete-

196 763 293 822 rarum
310 763 530 822 retributionum
549 762 697 822 habendae
717 767 812 820 erunt.
830 761 909 830 Quod
926 761 950 820 si
966 762 1083 836 insuper
1098 763 1238 837 quaedam

195 847 336 906 bonorum
350 847 560 918 remuneratio,
577 862 650 920 quae
675 843 711 904 ab
728 845 878 918 adeptione
892 845 986 904 ultimi
997 847 1063 905 linis
1078 847 1238 920 proticisce-

197 936 251 1005 tur,
262 937 290 990 et
303 931 489 1005 positivorum
505 930 711 1004 suppliciorum
721 929 851 1004 inllictio,
864 930 1047 999 utdiximus,
1060 932 1235 1008 adiungitur,

195 1013 224 1073 id
239 1014 304 1074 licet
318 1015 460 1078 internam
475 1023 503 1074 et
517 1013 677 1073 naturalem
690 1013 869 1074 sanctionem
879 1030 936 1074 uon
951 1015 1113 1084 constituat,
1125 1017 1175 1075 sed
1189 1034 1238 1077 ex-

196 1104 305 1159 ternam
322 1099 414 1173 potius
429 1105 457 1159 et
470 1099 673 1174 voluntariam,
692 1104 789 1160 umen
803 1115 821 1158 a
834 1099 960 1161 iustitiae
975 1097 1074 1160 ordine
1088 1105 1117 1160 et
1126 1097 1238 1163 debitae

195 1185 383 1258 proportionis
398 1199 534 1244 mensura
548 1183 713 1260 requiritur.

230 1269 318 1330 Obiic.
336 1269 368 1329 11.
387 1269 491 1330 Saltem
506 1285 597 1344 poena
611 1275 728 1330 aeterm
741 1271 898 1332 reiicienda
912 1277 970 1345 est,
986 1269 1091 1346 quippe
1105 1285 1181 1347 quae
1199 1271 1240 1332 di·
1315 1332 1319 1336 .

191 1353 274 1413 vinae
288 1354 456 1414 clementiae
476 1361 629 1430 repugnat;
646 1361 674 1414 et
688 1355 746 1415 fine
762 1355 852 1431 ipsius
871 1373 981 1431 poenae
1003 1357 1149 1426 dissentit,
1166 1373 1239 1434 quae

193 1455 305 1515 semper
318 1447 433 1515 propter
446 1438 675 1500 emendationem
690 1439 842 1514 inlligitur.

228 1527 309 1600 llesp.
328 1525 481 1584 Clementia
491 1523 522 1583 in
537 1532 614 1584 recto
629 1533 658 1584 et
672 1525 800 1601 sapiente
815 1527 1004 1600 gubernatore
1023 1543 1174 1602 uunquam
1189 1527 1237 1587 de

190 1610 356 1670 trimentum
371 1610 456 1669 debet
470 1610 574 1668 inferre
588 1609 723 1668 iustitiae.
741 1609 882 1670 iustitiam
896 1619 993 1671 autem
1008 1618 1154 1671 aeternam
1167 1629 1234 1688 poe

191 1710 259 1755 nam
275 1694 447 1767 flagitiorum
462 1693 612 1767 postulare,
625 1693 683 1752 iam
697 1694 729 1752 in
744 1693 931 1770 lletaphpsica
946 1696 1123 1757 ostendimus
1138 1699 1167 1755 l.
1183 1697 1235 1756 llic

191 1779 356 1838 summatim
370 1777 478 1853 aliquid
498 1777 628 1836 innatam.
645 1778 676 1837 ln
701 1779 818 1854 primis,
836 1781 948 1855 expleto
970 1797 1056 1841 cursu
1075 1779 1234 1857 aedanum,

191 1863 294 1938 quibus
311 1863 396 1922 bomo
406 1862 437 1922 in
454 1863 499 1922 via
519 1863 606 1920 veluti
617 1862 786 1923 constitutus
802 1864 907 1924 mereri
922 1863 965 1923 vel
981 1866 1121 1924 demereri
1132 1872 1233 1940 potest,

190 1949 305 2008 amissio
323 1947 416 2006 ultinri
432 1947 497 2006 linis
512 1951 540 2006 et
554 1946 654 2021 culpae
669 1954 765 2007 reatus
775 1964 826 2022 per
840 1949 1082 2024 seirreparabilie
1100 1957 1181 2024 suut,
1198 1957 1238 2010 at·

191 2049 246 2108 que
270 2033 333 2092 ideo
354 2039 490 2107 perpetuo
505 2037 631 2092 manent.
653 2031 759 2091 Deinde
774 2033 800 2093 si
814 2048 905 2107 poena
929 2041 1045 2094 aeterna
1068 2049 1126 2094 non
1146 2041 1235 2110 esset,

190 2119 306 2179 mudena
320 2117 471 2191 aliquando
493 2117 603 2176 scelesti
620 2117 749 2176 homines
770 2117 923 2192 proborum
948 2123 1053 2179 sortem
1074 2119 1240 2194 aequipara·

189 2210 271 2277 rent,
287 2203 358 2277 quin
373 2217 434 2275 eos,
451 2202 519 2260 dum
541 2201 628 2260 vitam
650 2202 684 2260 ad
708 2203 877 2262 merendum
891 2203 986 2261 datam
1007 2201 1130 2278 agebant
1142 2251 1148 2277 ,
1160 2205 1239 2278 llagi-

190 2290 294 2350 tiorum
308 2302 425 2347 suorum
439 2287 633 2361 poenituisset.
656 2286 761 2362 Teitio,
777 2287 960 2348 comminatio
975 2304 1084 2364 poenae
1099 2289 1239 2350 motivum

190 2373 335 2433 sulliciens
359 2378 571 2446 repraesentare
587 2371 670 2430 debet
691 2373 727 2430 ad
751 2371 917 2432 hominess
941 2374 1025 2448 culpa
1039 2373 1237 2448 deterrendos,

190 2457 276 2518 eliam
291 2459 315 2518 si
329 2457 462 2518 omnihus
485 2455 567 2515 bonis
587 2457 672 2516 liuius
687 2455 761 2516 vilae
776 2457 946 2516 renunciare
959 2465 987 2517 et
1011 2458 1140 2534 ingentes
1164 2459 1239 2520 cala-

189 2545 301 2604 mitates
323 2543 419 2602 subire
438 2549 615 2616 cogerentur.
631 2543 661 2600 ld
676 2549 781 2615 autem,
803 2549 834 2600 ut
853 2543 926 2602 ratio
940 2549 969 2601 et
982 2543 1158 2618 experientia
1171 2560 1238 2602 sira-

189 2631 246 2704 det,
262 2645 369 2704 poenae
383 2627 577 2687 aeternitatem
592 2627 719 2700 requirit.
737 2627 805 2686 Nam
819 2626 905 2686 liuius
925 2633 1035 2686 tautum
1048 2627 1142 2688 evasio
1157 2644 1236 2688 com·

189 2729 308 2789 pensare
328 2720 418 2788 potest
432 2711 610 2771 tolerantiam
632 2713 783 2785 malorum,
799 2728 872 2787 quae
890 2729 975 2787 saepe
992 2730 1043 2788 pro
1059 2713 1159 2772 virtute
1173 2729 1236 2772 ser-
1310 2776 1316 2782 ,

189 2801 283 2858 vande
292 2797 426 2858 sustineri
435 2797 549 2857 debent.
562 2795 647 2870 Culpa
657 2797 788 2870 denique,
801 2799 837 2856 ob
847 2804 1040 2872 contemptum
1050 2797 1154 2858 inlinitl
1163 2797 1236 2859 boni

189 2890 218 2943 et
230 2884 375 2955 iniuriam,
387 2881 665 2957 quamlleoirrogat,
686 2881 830 2942 inlinitam
850 2883 1003 2957 quamdam
1017 2883 1157 2942 malitiam
1178 2883 1236 2943 sibi

188 2968 324 3044 implicat.
341 2969 412 3042 lingo
428 2983 537 3042 poena,
556 2973 587 3026 ut
601 2973 729 3026 servetur
752 2967 877 3028 iustitiae
895 2967 1066 3042 aequalitas,
1082 2968 1107 3027 si
1121 2984 1177 3028 non
1193 2969 1238 3028 iu·

189 3055 333 3126 tensitate,
349 3051 449 3112 saltem
464 3053 625 3124 duratione,
641 3051 814 3111 intinitatem
833 3051 958 3127 aliquam
973 3053 1123 3127 complecti
1139 3053 1235 3114 debet.

224 3139 264 3198 ld
278 3140 398 3198 alterum
411 3153 478 3197 vero
492 3137 569 3211 quod
593 3137 722 3212 additur,
738 3153 859 3212 repones
883 3139 969 3197 linem
986 3137 1155 3212 precipuum
1170 3153 1238 3212 poe·

188 3239 242 3284 nae
257 3240 315 3283 riou
330 3239 391 3284 esse
406 3223 633 3282 emendationem
648 3221 787 3295 nocentis,
798 3223 848 3281 sed
859 3221 1067 3282 restitutionem
1078 3220 1175 3282 violati
1188 3239 1237 3282 or-

188 3309 263 3369 dinis
277 3309 357 3369 iuxtn
372 3307 497 3367 debitam
512 3307 691 3381 aequalitatis
707 3323 881 3366 mensuram.
899 3307 939 3366 dd
953 3323 1016 3367 rem
1037 3305 1234 3382 Taparellius:

192 3417 202 3444 a
225 3393 328 3462 Quindi
342 3391 488 3467 apparisce
512 3392 565 3450 alre
582 3391 602 3450 il
617 3392 728 3466 gastigo
743 3393 759 3449 e
775 3407 831 3450 non
846 3407 886 3452 un
906 3392 1016 3465 dolore,
1033 3407 1073 3450 un
1094 3397 1235 3452 tomuento

191 3501 203 3530 ι
224 3479 287 3536 dell'
300 3493 384 3538 nomo
399 3478 545 3550 sensitivo,
563 3492 611 3536 me
625 3492 683 3535 una
698 3477 828 3535 reaaione
842 3475 907 3535 dell'
919 3477 1018 3536 ordine
1033 3483 1133 3536 contra
1141 3476 1162 3535 il
1176 3477 1236 3537 dis-

192 3587 203 3614 ιι
224 3563 333 3637 ordine,
350 3579 366 3622 e
381 3563 434 3622 che
449 3563 495 3622 nel
511 3564 615 3622 mondo
632 3563 740 3622 morale
755 3577 836 3622 come
851 3562 898 3621 nel
912 3561 993 3624 lisico
1009 3569 1111 3638 questa
1125 3561 1234 3623 reazio·

89 3697 94 3706 .
192 3671 203 3702 a
224 3663 259 3708 ne
273 3649 479 3708 conservatriee
495 3650 511 3708 d
526 3647 628 3722 uguale
643 3647 678 3706 ed
693 3654 811 3722 opposta
826 3647 882 3706 alla
895 3648 993 3708 anione
1008 3646 1234 3710 distillamia

189 3755 201 3792 ll
222 3732 353 3806 giustizia
368 3734 546 3795 vendicatura
560 3733 675 3808 dunque
690 3731 770 3807 iungi
785 3731 849 3792 dall’
861 3749 955 3795 essere
969 3749 1010 3794 un
1025 3731 1104 3796 cieoo
1119 3731 1233 3810 impeto

231 3909 242 3969 l
261 3913 368 3974 Papcliol.
383 3929 403 3962 c.
421 3915 445 3980 2,
460 3920 500 3962 art.
518 3913 544 3972 4.·
