2767 4492
217 209 254 276 34
674 219 803 268 noorotr

252 307 354 380 Altera,
370 319 444 380 quas
458 301 643 380 descriptiva,
659 302 705 362 vel
720 300 874 377 doetiptio
888 300 946 362 dici
960 303 1109 376 potestas
1122 305 1174 376 est,
1191 315 1278 378 quae

217 407 279 454 rem
294 407 345 467 por
359 406 426 450 suas
440 405 541 449 causas
557 393 605 448 aul
627 387 761 452 attributa
776 392 805 446 et
819 386 979 449 accidentia
999 387 1178 461 manifestat,
1196 393 1232 450 ut
1246 385 1279 450 si
1319 423 1326 431 ·

218 491 285 538 oum
300 475 432 534 Cicerone
446 473 531 532 homo
545 472 714 532 deliniatur:
730 470 847 530 ottimol
858 470 1030 546 providum,
1041 487 1147 546 sapas,
1164 471 1278 536 multi·

215 560 295 636 plote,
311 567 443 630 aeolum,
459 573 581 630 opnor,
595 556 719 631 plorarem
732 556 860 614 sotionis
874 564 901 614 et
914 555 1031 615 consilii
1045 551 1075 614 ιζ

254 644 363 718 Tertia,
380 658 467 718 quam
481 641 642 718 pmootiootn
660 641 751 713 dices,
768 656 802 700 ea
816 641 886 713 erit,
903 655 977 714 quae
991 640 1035 699 rei
1048 640 1275 714 productionem

220 746 271 790 sou
285 729 413 803 genesim
428 727 568 802 explieat,
585 730 616 784 ut
631 725 656 784 si
670 725 828 800 cycloidem
844 725 885 784 ita
899 724 1035 798 definias,
1051 730 1083 785 ut
1096 725 1209 786 dicamr
1224 740 1276 782 es-

220 830 261 888 sa,
278 829 371 874 sorva
381 813 477 888 plasto
499 811 600 887 penita
614 818 754 886 apostolo
781 810 885 886 quovis
906 808 1012 870 eirmdi
1032 809 1199 872 toiosdoot'
1210 823 1276 872 sese

219 898 357 962 vertentis
369 913 465 972 supro
479 896 583 958 dotem
597 903 719 982 sertam.

595 1065 779 1139 Definitionis
794 1064 887 1139 Lepos.

257 1241 278 1301 l.
295 1235 429 1315 Definitio
443 1237 554 1298 olarios
567 1237 606 1298 sit
620 1235 751 1312 definito.
767 1235 845 1295 Hinc
859 1249 926 1293 oum
944 1233 1079 1292 definitur
1091 1247 1206 1306 nomen,
1218 1248 1272 1292 no·
1374 1302 1375 1305 Ἴ

223 1327 294 1385 tiora
308 1325 459 1398 vocabula3
477 1340 544 1384 cum
562 1339 629 1382 vero
644 1323 707 1396 ipse
722 1321 765 1380 rei
780 1326 951 1394 conceptus,
968 1320 1092 1378 notiores
1106 1319 1187 1378 ideae
1202 1323 1273 1378 sunt

221 1407 391 1468 afferendae.
410 1409 470 1476 Qua
484 1408 515 1466 in
529 1424 561 1466 re
578 1423 595 1465 a
609 1406 728 1466 veritate
743 1405 886 1477 deomant,
899 1403 1142 1481 qui-definitiones
1157 1403 1271 1478 aliquas

221 1495 311 1554 reales
326 1495 442 1554 vitiosas
456 1499 568 1570 putant,
585 1493 662 1568 quod
677 1491 773 1551 verbis
784 1508 806 1550 a·
817 1491 929 1564 vulgari
944 1494 1030 1564 captu
1042 1490 1159 1551 remotis
1173 1489 1271 1564 expri-

221 1585 346 1638 mantur.
364 1579 441 1648 Quod
457 1579 527 1638 dum
541 1583 649 1651 rentur,
666 1579 719 1637 vel·
726 1577 923 1636 definitionem
936 1575 1044 1635 realem
1058 1590 1124 1634 oum
1136 1574 1270 1634 nomina-

222 1664 243 1722 li
257 1663 451 1736 contundunt,
468 1664 513 1723 vel
528 1678 586 1722 non
601 1663 728 1737 cogitant
744 1678 761 1721 a
777 1663 877 1736 vulgo,
893 1666 927 1720 ut
938 1675 1036 1720 rerum
1053 1658 1212 1733 principia,
1228 1658 1273 1720 ita

224 1754 252 1806 et
265 1763 348 1809 voces
363 1747 488 1821 ignorari
503 1747 608 1820 quibus
622 1747 672 1832 illa
686 1746 843 1821 significari
858 1745 959 1805 solent.

258 1833 291 1891 ll.
307 1831 442 1906 Definitio
457 1847 559 1906 ponere
571 1832 726 1908 proximo,
744 1840 770 1890 ot
784 1830 951 1905 diffamatio
966 1831 1077 1889 ultimo
1090 1844 1142 1888 seo
1161 1827 1271 1903 specifi-

224 1933 259 1976 co
273 1925 405 1976 constare
419 1916 507 1976 debet.
524 1917 554 1976 ld
569 1917 647 1975 enim
662 1917 787 1990 exigitur
802 1916 838 1973 ad
854 1931 916 1974 rom
930 1915 1063 1974 distinete
1077 1929 1094 1972 a
1109 1913 1211 1972 ceteris
1227 1928 1271 1971 ss-

226 2002 407 2076 cernendam,
425 2002 499 2060 etad
513 2007 594 2061 notos
609 2017 709 2061 omnes
723 2001 901 2060 exhibendas
912 2000 1017 2075 ortibus
1030 2015 1077 2059 res
1092 2003 1210 2058 constat.
1226 1997 1278 2058 Ni·
1374 2030 1375 2035 κ

226 2088 251 2147 si
265 2087 343 2168 enim
357 2087 501 2162 propriam
516 2088 558 2146 rei
572 2086 763 2145 differentiam
778 2086 927 2160 adiungas,
944 2101 990 2143 res
1000 2100 1017 2142 a
1027 2084 1142 2158 ceteris,
1156 2081 1271 2157 quihus·

227 2170 453 2244 conconvenit,
470 2171 751 2248 non-distinguitur:
768 2171 814 2230 sin
829 2175 941 2243 autem,
959 2169 1089 2243 proximo
1104 2168 1209 2228 omisso
1223 2183 1269 2240 ge·

225 2271 303 2328 nero,
320 2260 461 2316 remotum
476 2271 586 2328 sumos3
603 2256 697 2327 notio,
716 2271 803 2329 quam
817 2255 954 2329 praebes,
969 2253 1066 2326 aliqua
1081 2252 1185 2312 obiecti
1203 2256 1271 2312 noto

227 2340 344 2400 carebit.
362 2339 440 2407 Quod
453 2339 478 2400 si
492 2340 620 2400 delinitio
634 2354 692 2399 non
707 2339 758 2398 liat
771 2355 823 2413 per
837 2338 978 2413 principia
992 2337 1204 2411 metaphysica,
1222 2351 1270 2400 no-

227 2425 351 2485 tionibus
366 2429 474 2484 constet
488 2439 562 2498 quae
576 2423 676 2498 posteri
686 2423 827 2498 prox-imo
843 2431 870 2486 et
883 2421 1065 2496 differattioo
1084 2421 1210 2482 ultimos
1226 2437 1270 2482 eo·

227 2509 399 2584 quiraloant.

263 2595 307 2653 lll.
324 2595 355 2652 ln
371 2593 538 2666 definitione
551 2593 630 2652 oiltil
643 2593 803 2665 retondat,
818 2592 898 2652 otott
910 2592 1101 2652 dmidoretur.
1118 2593 1204 2652 &eus
1222 2596 1271 2652 aut

228 2677 271 2737 rei
285 2677 363 2736 notio
377 2692 434 2735 non
450 2677 518 2735 satis
534 2677 682 2752 evolvitur,
696 2683 747 2736 ant
762 2691 844 2737 voees
855 2682 883 2736 et
896 2677 977 2736 ideae
992 2684 1164 2752 promuntur
1178 2678 1269 2737 incas·
1372 2722 1376 2739 .

229 2777 302 2822 sum.
319 2761 354 2820 Ut
367 2767 462 2820 autem
477 2760 548 2820 nihil
562 2762 660 2822 deesse
676 2763 836 2836 dignoscas,
854 2762 1004 2836 diligenter
1023 2763 1137 2822 attendo
1151 2779 1189 2821 an
1204 2761 1269 2820 dell·

228 2847 299 2906 nitio
314 2847 375 2906 loco
390 2846 432 2906 rei
447 2845 579 2906 delinitae
595 2848 746 2922 substitui,
763 2863 829 2907 eum
850 2863 940 2922 eaque
960 2849 1091 2908 converti.
1104 2848 1202 2924 possit.
1224 2847 1267 2908 Sic

229 2949 276 2992 ex.
293 2947 335 3006 gr.
352 2932 378 2992 si
391 2931 466 2992 hone
488 2938 531 2991 est
549 2933 676 2994 delinitio
698 2949 755 3007 qua
776 2932 848 2992 diois
866 2933 1037 3007 quadratum
1056 2949 1119 2994 esse
1139 2934 1269 3008 fiporotn

229 3100 358 3152 armedium
372 3103 428 3150 illud
443 3103 536 3167 dicitur,
552 3104 610 3167 qnod
626 3109 671 3151 lum
687 3121 773 3168 supra,
789 3109 835 3155 tum
850 3105 916 3154 sliam
931 3105 989 3152 infra
1002 3105 1099 3153 aotlind
1113 3119 1182 3166 penus
1196 3103 1269 3167 lulag

228 3180 298 3240 qualis
311 3180 367 3228 lorat
381 3181 441 3226 nolio
457 3183 600 3231 telematius
613 3184 755 3237 materialis,
772 3182 833 3228 notio
847 3183 956 3242 samo,
972 3180 1071 3243 aliasque
1083 3180 1165 3243 pluras.
1178 3179 1271 3241 llomptto

229 3254 312 3316 species
326 3254 468 3303 intermediae
482 3271 520 3306 ese
530 3263 590 3318 sunl,
602 3272 657 3318 quoe
668 3257 733 3304 alieni
748 3244 828 3319 speclei
842 3255 998 3319 sufficiuntur,
1009 3261 1031 3304 et
1044 3256 1068 3302 in
1083 3256 1137 3304 olias
1147 3254 1216 3304 diviti
1224 3270 1271 3316 pno-

229 3333 290 3391 sunl,
305 3334 330 3376 nl
343 3332 441 3380 animal.
454 3331 551 3378 Tandem
563 3331 701 3378 dilierenliaa
715 3331 858 3378 intermediae
872 3331 911 3376 has
926 3331 1009 3392 speciae
1022 3333 1166 3382 oonslitnnnt.
1179 3332 1210 3378 Ex
1223 3331 1270 3392 qui·

229 3403 270 3450 bus
285 3403 366 3452 inlares
380 3420 447 3466 ponus
462 3423 587 3469 supremum
603 3406 663 3454 nullo
679 3407 744 3454 modo
766 3423 812 3454 osse
832 3406 942 3468 aporiam,
958 3407 1015 3452 sicut
1028 3409 1111 3469 spanias
1125 3407 1201 3454 infima
1215 3406 1274 3454 nullo

229 3479 294 3528 modo
308 3485 342 3527 est
356 3495 432 3541 ponus.
449 3482 532 3530 Genera
546 3499 597 3530 vero
611 3482 741 3530 intermedio
756 3482 796 3529 sub
811 3482 896 3531 divorso
910 3488 1010 3544 respectu
1023 3484 1089 3530 oliam
1104 3484 1187 3546 speeies
1196 3481 1229 3530 sol
1238 3498 1271 3533 slt-

230 3569 317 3617 premas
331 3556 366 3604 vel
381 3557 521 3605 intermedias
536 3559 580 3606 tlioi
595 3563 695 3620 possunt.
713 3559 759 3606 Eoi
774 3559 842 3621 enim,
857 3563 964 3620 φιιιοιιυι
978 3559 1002 3606 in
1017 3559 1131 3606 inferiores
1146 3557 1228 3621 species
1237 3557 1271 3604 dt-

230 3629 344 3694 viduatur,
360 3633 444 3692 poneris
459 3635 566 3682 rationem
579 3633 679 3699 haltonl3
695 3640 787 3700 brnen,
803 3639 910 3700 waldum
924 3635 1025 3700 superius
1045 3651 1114 3699 nonus
1131 3634 1269 3700 monas,

235 3712 364 3770 conceptum
379 3708 475 3756 induunt
489 3711 577 3774 spetiei.

277 3786 453 3851 introrsus
466 3787 483 3840 t.
499 3789 519 3854 1,
535 3805 555 3840 ι.
571 3789 596 3841 r.
