2767 4492
260 253 313 316 teu
586 265 978 336 uersaursrcaceuaaams

259 355 383 415 tornetas
396 355 579 428 nuncupatur
595 356 625 428 ⁴3
648 358 733 427 atque
747 369 764 412 a
778 353 893 412 Boethio
908 353 1026 435 definita
1040 355 1083 412 est
1102 349 1311 412 interminati

259 435 296 498 lis
308 437 386 497 uitae
402 444 463 496 toto
478 437 571 496 simet
589 446 616 496 et
631 439 761 514 perfecto
774 439 911 512 possessio
929 439 953 494 2.
976 435 1051 506 Quae
1067 437 1183 511 quidem
1202 437 1310 497 descri-

257 523 318 598 ptio
332 523 439 597 optima
453 527 496 582 est
506 527 535 582 ct
544 538 642 581 ueram
652 522 828 582 aeternitatis
840 522 987 581 notionem
997 521 1125 580 exhibet.
1141 521 1253 580 Narnia
1263 537 1309 591 eo,

258 608 335 682 quod
349 605 454 682 dicitur
467 605 717 676 intaminabilis,
740 607 917 681 significatur
936 605 1062 665 carenda
1080 607 1215 680 principii
1234 612 1263 664 ct
1276 607 1311 666 lt-

257 691 314 764 nis,
333 697 432 750 exorta
445 707 483 750 ex
498 691 561 765 ipsa
574 691 651 750 illius
665 692 744 751 linis
760 698 873 751 natura.
894 689 946 752 Per
956 691 1051 750 vitem
1065 691 1237 766 exprimitur
1250 692 1312 750 exi-

258 775 363 836 stentia
377 775 506 834 eiusdem
519 775 608 850 lintis,
620 792 693 850 quae
705 781 800 850 utpote
811 776 1029 850 perfectissima,
1041 791 1108 834 cum
1117 775 1233 834 vivendi
1243 783 1311 836 actu

258 860 453 921 contunditur.
474 859 601 934 Denique
616 875 682 920 cum
698 861 811 920 additur
828 867 888 920 toto
902 860 994 920 simet
1013 867 1039 918 et
1056 861 1184 934 perfecte
1200 875 1311 934 posses-

255 944 317 1011 sto,
337 945 457 1004 niutatio
472 945 612 1004 omniset
630 945 744 1005 iuterna
764 946 929 1005 vicissitudo
948 945 1119 1004 excluditur.
1142 944 1185 1004 Ex
1203 945 1310 1018 uatibus

258 1028 351 1088 clucet
365 1029 545 1089 durationem
558 1031 635 1089 lianc
650 1031 703 1090 soli
717 1030 773 1090 lteo
788 1036 969 1106 competere,
991 1029 1041 1104 qui
1056 1029 1132 1088 solus
1147 1029 1233 1090 habet
1247 1030 1310 1088 cxi-
1351 1069 1354 1074 -

259 1113 393 1174 stcutiam
408 1114 478 1174 adeo
493 1115 625 1174 stabilem
639 1121 667 1174 et
681 1115 847 1176 mutationis
862 1121 1030 1189 expertem,
1051 1119 1082 1173 ut
1096 1113 1125 1172 ui
1144 1129 1212 1173 suae
1226 1119 1309 1173 natu-

258 1214 308 1258 rae
322 1199 404 1258 initio
419 1204 447 1257 ct
461 1199 519 1258 fine
539 1204 654 1268 careat,
676 1215 730 1258 nec
750 1199 782 1259 in
801 1199 861 1260 suis
878 1199 1000 1260 internis
1017 1197 1240 1272 perfectionibus
1258 1213 1310 1258 ua·

257 1284 357 1343 rictus.

292 1369 324 1426 ln
339 1370 505 1430 aeternitate
522 1370 601 1430 nrrlla
621 1375 664 1430 est
682 1371 808 1446 partium
830 1370 972 1432 successio
988 1369 1022 1441 ³,
1044 1383 1098 1428 nec
1120 1375 1308 1428 transactum

258 1456 307 1510 aut
319 1453 464 1526 futurum
478 1455 592 1529 proprie
607 1455 759 1529 reperitur,
782 1455 832 1514 scd
849 1461 957 1514 mutum
969 1469 1118 1528 praesens.
1138 1451 1217 1520 Quod
1231 1451 1309 1510 Plato

258 1543 339 1596 acute
353 1539 500 1612 perspexit
513 1540 647 1612 iuquiens
661 1541 693 1598 in
707 1541 838 1598 Timaeo:
861 1547 925 1598 eret
943 1547 969 1598 et
984 1538 1040 1598 orit
1054 1554 1114 1596 osseo
1129 1546 1201 1596 reete
1217 1545 1309 1596 octor-

256 1637 313 1680 oee
326 1622 509 1682 susbstantioc
524 1625 707 1698 destoneles.
727 1629 857 1684 Attamen
872 1626 967 1698 aliquo
981 1640 1067 1684 seusu
1081 1623 1204 1682 solemus
1220 1639 1309 1698 quau-

257 1707 350 1780 doque
364 1707 427 1766 siue
441 1725 536 1768 errore
551 1710 604 1768 iras
618 1711 705 1768 ctiam
720 1727 804 1769 uoces
820 1709 879 1768 enti
894 1716 1009 1768 aeterno
1026 1709 1159 1782 tribuere,
1185 1723 1251 1767 cum
1266 1707 1309 1766 di-

257 1791 350 1850 cimus
365 1791 460 1865 ipsum
476 1810 541 1866 esse,
558 1795 659 1868 fatuae,
676 1800 704 1854 et
721 1796 865 1868 securum
880 1811 945 1854 osse.
966 1795 988 1852 Α
1003 1810 1059 1868 quo
1074 1793 1208 1867 loquendi
1224 1791 1308 1852 modo

256 1881 290 1933 ut
304 1892 383 1934 error
397 1877 491 1936 omnis
506 1885 654 1953 arceatur,
678 1879 889 1938 observandum
903 1884 946 1937 est
960 1879 991 1938 iu
1006 1885 1144 1952 conceptu
1162 1876 1309 1952 praeteriti

257 1964 287 2018 et
301 1959 390 2019 futuri
404 1963 543 2022 contineri
557 1964 642 2022 simul
655 1965 826 2039 positionem
841 1963 967 2038 aliquam
982 1968 1011 2022 et
1024 1963 1215 2038 negationem.
1236 1961 1308 2022 Cum

257 2043 337 2101 enim
352 2045 460 2120 aliquid
474 2047 578 2106 dicitur
592 2049 733 2124 extitisse,
757 2049 908 2107 existentia
923 2047 979 2122 ipsi
995 2047 1129 2106 tribuitur
1144 2053 1209 2105 ante
1224 2061 1306 2120 prae

257 2141 325 2184 scus
341 2132 467 2203 tempus.
487 2129 527 2188 Eu
543 2133 705 2192 altimuatio.
727 2134 760 2191 lt
774 2133 914 2194 eiusmodi
927 2131 1079 2192 existentia
1093 2131 1212 2190 fluxisse
1225 2129 1307 2188 intel·

256 2209 364 2285 ligitur,
383 2219 411 2272 ct
424 2230 502 2274 nuuc
517 2217 685 2292 neutiquam
700 2233 878 2292 pennanere.
895 2217 936 2276 En
948 2216 1072 2292 negatio.
1090 2213 1224 2275 Similiter
1239 2229 1307 2272 cum

258 2295 364 2355 dicitur
373 2299 510 2374 luturum,
522 2302 592 2360 item
602 2303 754 2361 existentia
763 2302 896 2362 habenda
905 2303 1051 2374 asseritur,
1061 2307 1145 2375 atque
1155 2301 1185 2358 in
1194 2300 1248 2358 hoc
1257 2315 1305 2374 po

258 2381 322 2439 sitio
332 2383 498 2443 adstruitur.
514 2386 589 2444 Haec
600 2392 697 2444 emen
708 2387 859 2446 existentia
868 2388 997 2445 nondum
1011 2385 1110 2446 habita
1125 2400 1186 2444 csse
1200 2384 1304 2442 subau-

178 2472 182 2478 ’
258 2465 344 2540 dieu,
356 2467 424 2529 etin
433 2467 488 2528 hoc
497 2469 609 2542 negatio
617 2471 789 2530 adnectitur.
800 2471 919 2544 lamage
928 2471 999 2530 istac
1007 2465 1304 2544 nationesquoadpar-

304 2626 314 2668 l
333 2625 378 2670 lieo
392 2627 481 2689 adnoto,
498 2629 549 2690 qnia
564 2629 637 2674 minus
652 2630 740 2692 proprie
754 2629 840 2676 duratio
855 2629 920 2676 ctiam
935 2628 991 2674 antis
1006 2627 1153 2690 contingentis
1170 2630 1193 2674 et
1208 2626 1306 2672 mutabi-

255 2697 293 2762 lis,
310 2701 427 2747 aeternitas
441 2718 527 2764 quoquc
542 2705 614 2750 uocari
628 2707 719 2768 posset,
736 2706 755 2750 si
775 2721 819 2751 non
840 2705 910 2752 selum
925 2703 969 2751 fine
984 2703 1022 2750 sed
1038 2704 1103 2750 etiam
1122 2703 1188 2748 initio
1202 2707 1304 2764 oararst;

255 2790 322 2836 qnam
334 2779 405 2822 tamen
417 2777 574 2840 impossibilem
584 2795 631 2827 asse
641 2780 695 2826 alias
706 2781 911 2828 demonstrabimus.
925 2781 995 2842 Atque
1005 2779 1046 2826 hec
1057 2793 1122 2826 sensu
1133 2779 1227 2840 agitator
1237 2791 1306 2839 quaa-

253 2851 315 2896 atio:
331 2851 472 2912 passibilisne
482 2855 511 2900 sit
525 2855 621 2900 mundus
636 2855 754 2902 aeternam?
768 2857 837 2902 Immo
852 2873 903 2904 uero
918 2856 1049 2918 quaudoque
1063 2856 1129 2902 etiarn
1144 2853 1239 2915 duratio,
1250 2867 1306 2914 quaa

254 2924 345 2971 initium
359 2925 432 2991 habet,
448 2929 467 2975 si
482 2929 548 2976 linem
564 2947 609 2976 nou
623 2932 653 2977 sit
666 2931 776 2994 habitura,
789 2933 844 2979 solet
858 2934 974 2980 aeternitas
990 2932 1088 2979 remuri-
1107 2932 1143 2978 Sic
1159 2930 1245 2978 animur
1261 2928 1307 2975 hu·
1375 2935 1376 2942 ’

254 3015 334 3076 manus
346 3008 448 3052 acernus
458 3005 554 3070 dicitur,
566 3022 591 3054 eo
605 3008 664 3070 qued
678 3013 792 3056 aeternum
805 3009 896 3071 poathm
911 3009 941 3054 sit
957 3007 1083 3055 duraturus.

301 3078 366 3124 2112
383 3083 499 3128 comet.
515 3084 606 3132 Ptelea.
624 3083 664 3130 lit.
681 3084 705 3146 5,
717 3099 781 3146 prosa
796 3083 820 3131 2.

301 3153 317 3199 5
334 3155 433 3203 Graviter
446 3158 471 3203 in
485 3158 526 3205 hoc
540 3159 621 3206 erravit
634 3161 765 3224 aennensis,
781 3161 818 3224 qui
834 3160 950 3224 (Hetuplt.
967 3177 991 3224 p.
1004 3159 1027 3224 2,
1044 3176 1065 3206 c.
1077 3159 1116 3222 lt,
1132 3173 1166 3222 pr.
1184 3157 1246 3222 tlt)
1257 3155 1303 3204 inr-

253 3229 374 3291 prudenter
384 3233 476 3279 asseruit
489 3234 513 3279 in
527 3235 664 3299 aeternitate,
676 3237 718 3282 etsi
729 3237 836 3283 successio
851 3237 942 3300 physion
953 3235 1015 3283 nulla
1029 3236 1066 3300 sit,
1083 3235 1158 3282 adesse
1169 3239 1243 3282 tannen
1253 3250 1306 3280 sue-

254 3307 374 3354 cessienem
392 3309 570 3372 metaphysieam.
593 3311 654 3366 Quod
668 3311 730 3358 ‘dnm
750 3311 824 3376 dixit,
841 3329 885 3360 non
908 3312 1054 3359 eonsiderarit
1072 3311 1169 3374 proiecto
1190 3307 1306 3356 informari

254 3387 328 3428 mente
342 3399 386 3429 non
402 3401 465 3448 possa
479 3391 609 3448 conceptum
623 3388 766 3433 successionis
781 3389 904 3452 cuiusque,
922 3389 976 3452 quin
992 3390 1052 3434 notio
1067 3387 1199 3434 diversitatis
1220 3387 1244 3432 in
1260 3385 1306 3434 eri-

253 3458 332 3504 atendo
346 3463 368 3505 et
381 3460 509 3508 mutationis
523 3462 636 3507 cniusdam
648 3477 692 3507 nna
708 3463 789 3525 pariter
804 3463 948 3524 concipiatur.
960 3465 991 3510 Ac
1005 3463 1098 3526 proinde
1113 3462 1152 3508 uti
1167 3461 1220 3508 haee
1234 3459 1305 3522 deest,

254 3533 317 3580 illam
330 3527 475 3581 etiam‘istine
488 3535 576 3583 exulare
590 3536 681 3582 omnino
696 3541 788 3599 eportet.
805 3539 904 3584 Fortasse
918 3538 1022 3600 deeeptus
1036 3544 1069 3585 est
1086 3555 1112 3585 er
1125 3553 1165 3602 eo,
1176 3536 1235 3600 quod
1250 3551 1306 3598 nos,

255 3609 321 3656 rebus
335 3611 481 3673 temporaneis
496 3612 585 3674 assueti,
600 3611 729 3674 phantasiae
742 3613 793 3658 lusu
807 3613 831 3659 in
846 3613 893 3675 ipsa
908 3615 1036 3661 aeternitate
1050 3614 1133 3662 fluxum
1147 3612 1264 3676 quemdam
1285 3615 1308 3657 et

256 3686 404 3732 extensionem
418 3687 572 3748 imaginamur.
587 3690 616 3732 At
629 3691 700 3733 totum
710 3687 750 3734 hoc
766 3703 810 3734 non
826 3689 850 3734 in
865 3689 946 3734 iudicio
960 3694 982 3736 et
995 3695 1102 3754 conceptu
1114 3689 1195 3736 manis
1209 3691 1251 3750 est,
1268 3685 1307 3734 sed

256 3759 281 3806 in
294 3764 492 3824 repraesentatione
506 3763 654 3827 phantasia03
670 3764 772 3826 diligenti
785 3770 858 3812 autam
872 3766 1002 3830 philosopho
1017 3767 1139 3816 cauendum
1153 3771 1188 3816 est
1200 3780 1229 3814 ne
1244 3761 1307 3812 iudi-

257 3836 316 3886 cium
330 3842 353 3884 et
365 3837 439 3906 ideam
451 3839 534 3890 mentis
548 3856 599 3890 cnm
613 3839 766 3904 phantasmate
778 3841 942 3904 imaginationis
956 3841 1085 3894 contundat.
