2767 4492
407 333 813 390 romanu-coruncanis
1099 325 1136 394 it

90 423 195 484 endum
213 421 359 483 limtorum
378 418 506 479 cernitur
520 420 545 478 ⁴.
561 418 619 478 Hoc
637 423 763 492 systema
781 421 971 493 compositum
992 422 1136 495 quoddam

89 513 130 568 est
147 524 184 568 err
202 504 410 569 transcendenti
426 503 552 577 cgoisnw
568 503 670 565 Ficlrtii
689 508 719 564 at
737 503 866 566 absoluto
884 506 1019 566 realismo
1043 508 1136 570 Schel-

88 589 440 664 manuductorem
461 587 632 661 ambagibus
646 593 675 647 et
695 588 916 652 obscuritatibus
935 591 1105 654 involutum.

123 675 246 748 denium
265 673 351 748 Belga
364 673 498 748 quidam,
514 672 633 733 nornine
647 671 772 744 durans,
789 673 843 736 atsi
858 673 1023 748 Spinonem,
1041 677 1137 739 scael-

89 760 156 833 ling,
172 759 259 834 liegel
272 759 399 832 auosque
413 756 604 831 reprehendat
617 755 810 830 pantheistas3
822 757 963 818 eiusmodi
977 765 1073 822 ‘mmcn
1088 763 1135 824 do·
1220 831 1222 836 ,

89 845 209 908 ctrinam
222 841 464 905 manscondentali
478 841 612 900 methodo
629 839 730 912 offert,
747 855 821 914 quae
836 841 872 902 ab
887 842 991 904 iisdem
1009 845 1136 909 oratione
1236 887 1241 894 -

88 928 220 1000 dlsoedit,
235 944 268 987 rc
282 932 379 986 autem
393 925 510 985 omnino
525 924 675 984 consentit.
693 923 801 984 Statuit
811 923 889 984 enim
903 941 955 986 ens
970 943 1136 1002 supremum

87 1013 165 1071 reiut
180 1010 287 1085 duplici
301 1009 463 1085 praeditum
477 1008 638 1082 categoria,
656 1007 784 1068 absoluti
808 1007 946 1068 murtrum
961 1015 990 1070 et
1004 1011 1135 1085 introiti,
1150 1000 1161 1014 ⁶

88 1096 123 1156 ad
136 1109 226 1168 quarn
238 1093 368 1153 revocari
385 1092 509 1152 debeam
532 1092 651 1165 spiritus
663 1095 693 1149 et
707 1105 843 1164 corpora,
861 1107 899 1152 er
913 1094 1018 1167 quihus
1037 1110 1136 1154 rerum

85 1179 258 1244 universitas
274 1181 498 1251 coagmentatur.
515 1177 570 1239 iles
586 1190 656 1234 uero
671 1179 782 1237 creata
799 1175 871 1236 nilril
886 1176 964 1236 aliud
980 1193 1042 1238 asse
1056 1179 1135 1254 dicit,

86 1263 142 1323 nisi
156 1263 271 1328 divinae
285 1266 406 1323 naturae
420 1258 668 1321 manifestationes
683 1257 837 1332 oppositae,
857 1275 979 1334 quarum
997 1263 1094 1344 unitas
1108 1269 1137 1323 et

84 1347 219 1408 identitas
229 1361 364 1419 suprema
372 1345 448 1402 Deus
457 1344 519 1416 ipse
528 1342 576 1414 sit,
587 1357 673 1417 quem
688 1343 737 1416 qui
748 1358 766 1402 a
777 1357 874 1400 rarum
888 1346 1020 1418 congerie
1035 1348 1145 1424 discriq

85 1432 219 1502 minaret,
230 1430 256 1488 is
265 1429 297 1488 in
306 1427 495 1488 ductorium
504 1426 670 1486 incurreret.
682 1425 774 1494 Quare
785 1425 899 1500 saepius
907 1427 1033 1488 inculcat
1046 1437 1135 1490 reatu

85 1531 159 1574 rom
172 1518 203 1572 et
214 1511 358 1586 spirim
374 1509 511 1584 quiddam
529 1509 657 1570 dunum
675 1525 747 1582 esse,
764 1510 854 1570 ileum
872 1527 939 1572 varo
955 1513 1094 1572 unitatem
1112 1519 1140 1574 ct

82 1597 264 1658 identitatem
274 1611 374 1660 eorum
383 1594 521 1669 ommam,
530 1610 604 1667 onae
611 1595 648 1654 ad
655 1595 706 1654 illa
717 1595 772 1654 duo
783 1611 880 1654 rerum
889 1612 996 1670 genera
1005 1613 1139 1658 revocan-

86 1688 143 1742 tur.
153 1682 328 1755 Quapropter
337 1679 570 1752 lleumnecpure
579 1679 766 1752 spiritualem,
776 1695 830 1741 nec
839 1695 1088 1754 purccorporeurn
1097 1683 1139 1744 di·

84 1767 112 1824 ci
126 1780 230 1838 posee3
250 1762 300 1822 sed
320 1761 435 1822 tertium
450 1761 577 1836 aliquid,
595 1762 671 1836 quod
684 1779 703 1822 a
718 1763 927 1838 Schellingiana
940 1766 1141 1839 indifferentia

86 1848 290 1923 differentium
304 1848 353 1911 rin
366 1852 416 1906 aut
429 1863 467 1906 ne
480 1847 531 1906 vix
545 1847 662 1922 quidem
677 1847 792 1910 differre
809 1849 933 1912 arbitror
949 1851 973 1907 2.
984 1851 1140 1924 Aegrorum

87 1949 157 1998 sane
170 1933 324 2006 insomnia,
340 1947 414 2006 quae
430 1937 595 2006 contemptu
610 1933 820 2006 exciperentur,
837 1933 895 1995 nisi
908 1949 1044 2008 praesens
1057 1949 1137 1996 man-

87 2017 159 2079 tiam
181 2018 376 2080 humanarum
395 2016 505 2090 vertigo
529 2022 559 2089 at
579 2015 711 2078 debilitas
732 2017 769 2082 ad
791 2017 897 2083 seriam
916 2019 1139 2082 comutalionem

88 2106 213 2176 cogeret.
252 2163 257 2174 .

278 2270 465 2333 Pcotltcr'smr'
481 2270 648 2345 gaurotim
663 2271 785 2345 impacti
798 2273 948 2346 refutatio.

120 2445 148 2502 7.
165 2441 312 2514 Principio
327 2441 425 2515 itaque
437 2441 650 2502 Pantheismum
665 2442 825 2516 generatim
839 2443 1017 2517 impatimur,
1034 2445 1141 2516 ipsum·

84 2543 142 2604 que
159 2527 369 2601 cuiuscumque
383 2527 491 2587 formae
506 2525 559 2598 sit,
576 2527 688 2587 adrem
704 2527 779 2600 quod
794 2527 909 2599 attinet,
926 2542 992 2586 cum
1007 2542 1077 2586 sana
1098 2543 1142 2588 ra-

86 2614 164 2672 tione
183 2611 371 2670 vehementer
393 2625 522 2684 pugnare
540 2609 672 2668 dicimus.
696 2609 774 2678 Ouod
797 2611 916 2683 quidem
937 2612 1072 2685 perlacile
1094 2612 1142 2671 de-

83 2696 242 2759 monstrari
259 2701 367 2770 potest,
386 2694 411 2753 si
425 2693 471 2753 vel
484 2694 539 2753 lroc
553 2709 644 2752 unum
663 2694 876 2756 consideretur:
898 2710 932 2754 eo
949 2695 1085 2768 figmento
1102 2701 1142 2754 tot

87 2780 330 2843 contradictiones
344 2779 468 2839 conferri
482 2779 585 2850 simul,
602 2783 635 2839 ut
648 2779 771 2837 arduum
785 2778 871 2850 plane
886 2778 923 2836 eit
937 2779 1014 2838 aliud
1029 2781 1142 2852 excogi-

85 2871 157 2941 tare,
173 2864 254 2940 quod
268 2865 323 2937 ipsi
338 2865 370 2924 in
383 2863 531 2922 delirando
547 2861 731 2921 assimiletur.
748 2861 781 2918 Et
794 2877 826 2919 rc
841 2875 911 2918 sane
925 2877 1003 2932 rora,
1019 2862 1043 2919 si
1057 2878 1140 2920 mun-

86 2951 149 3024 dus,
168 2955 203 3008 ut
219 2953 318 3006 rentur
337 2946 525 3020 pantheistae,
542 2961 609 3004 cum
625 2945 682 3003 Deo
696 2958 786 3002 uuum
802 2957 918 3016 prorsus
933 2943 1139 3019 inculpasset,

64 3041 193 3094 ,namra
215 3031 331 3103 lingittrr
346 3044 419 3101 quae
435 3028 599 3086 necesaria
613 3027 650 3085 sit
664 3025 750 3086 simul
765 3032 793 3085 et
808 3026 993 3100 contingens,
1011 3031 1142 3093 mutatio·

86 3119 134 3179 nis
148 3129 258 3189 expers
273 3118 301 3172 et
314 3111 473 3186 particeps,
490 3109 620 3173 absoluta
634 3125 671 3168 err
687 3109 800 3183 alioque
813 3111 957 3188 pendeus,
975 3112 1099 3188 simplex
1113 3119 1142 3174 et

132 3289 146 3336 l
164 3286 348 3346 Bncpclopoda‘o.

133 3365 150 3410 2
167 3366 245 3412 Castra
260 3362 288 3408 dc
304 3361 393 3410 Philas.
409 3360 456 3426 [or'l
471 3360 487 3408 ὰ
502 3360 574 3408 Para
588 3373 642 3414 tcttt
657 3360 690 3411 let
705 3373 773 3424 cusp-
792 3361 826 3410 titt
841 3366 1020 3422 adnumeratam
1036 3365 1077 3408 ato.
1090 3363 1144 3410 Prae

89 3440 193 3487 omnihus
210 3434 469 3486 somnulentiae
485 3435 567 3499 umba,
584 3451 639 3499 quse
654 3440 730 3486 auetm
750 3436 816 3486 habet
836 3435 947 3486 volumina
967 3437 1063 3484 racundo
1084 3437 1144 3484 citati

89 3515 161 3576 operis
177 3529 229 3577 pag.
248 3511 306 3558 268:
327 3531 337 3553 ι
356 3511 385 3557 ta
400 3511 481 3558 mondo
495 3512 574 3575 entier,
591 3528 642 3559 sous
658 3516 707 3558 tous
723 3511 754 3559 lca
771 3517 884 3577 rapports,
902 3503 935 3559 ast
949 3529 976 3560 an
994 3513 1061 3575 Dico,
1079 3528 1144 3576 parca

93 3610 101 3630 ι
120 3605 164 3655 que
180 3604 222 3635 son
243 3602 331 3634 cesenae
347 3591 381 3634 cst
396 3586 423 3634 dc
437 3586 454 3632 l'
466 3603 554 3636 muca
574 3588 660 3652 divine,
678 3593 700 3636 et
715 3605 758 3654 que
778 3589 793 3634 l'
805 3589 912 3636 existence
930 3603 958 3635 cn
975 3592 1044 3634 tontes
1068 3587 1142 3636 choses

93 3682 103 3705 a
121 3665 190 3727 n'ut,
208 3678 291 3713 comma
307 3679 362 3709 nous
378 3678 446 3710 avons
461 3680 499 3727 ru,
517 3680 559 3726 quc
574 3665 684 3712 l'eesenca
700 3665 839 3729 developpta.
857 3665 886 3710 Ca
902 3663 959 3711 n'ast
974 3664 1030 3710 donc
1046 3679 1087 3726 qua
1103 3679 1143 3728 par

94 3757 104 3782 ι
124 3739 182 3784 suita
197 3737 251 3784 d'aa
266 3739 430 3785 rabennamcnt
443 3755 486 3802 pau
501 3741 604 3804 profani,
616 3742 683 3806 qu’on
699 3745 752 3804 peut
766 3741 821 3790 taire
835 3741 857 3788 la
873 3741 1000 3788 ffirfinaficn
1016 3745 1078 3788 auae
1092 3741 1143 3788 l’as-

95 3831 105 3854 ι
124 3827 192 3858 unce
207 3819 229 3858 at
243 3813 259 3859 l'
269 3815 377 3861 nisurus·
399 3813 498 3862 allectirc
513 3817 544 3862 ‹lu
559 3817 657 3882 muria,
676 3834 733 3882 pour·
750 3818 805 3866 taire
825 3821 910 3865 rcntrcr
924 3817 946 3865 la
961 3819 1068 3882 premitus
1088 3817 1142 3864 dans

96 3905 106 3928 ι
125 3885 233 3935 l’auerrcc
248 3889 276 3937 t·
290 3891 348 3939 nisa
362 3905 390 3938 en
406 3890 507 3940 endunt
521 3891 599 3941 l'autra
618 3914 638 3941 a.
