2767 4492
230 313 283 380 lul
670 320 834 375 emersura

227 417 259 484 ln
274 417 438 496 spontaneis
448 415 607 476 actionibus
620 413 772 490 reperitur.
783 413 817 471 lt
825 425 893 474 sero
902 425 1055 474 nemonon
1064 413 1190 474 aldelad
1200 414 1275 476 elue

227 506 305 568 modi
329 503 416 564 duem
432 501 620 562 obtinendum
635 497 717 560 ualde
735 500 928 560 illuminatam
942 498 1162 573 intelligentiam
1181 499 1215 559 in
1232 517 1276 560 aa·

227 605 326 666 premo
336 589 525 661 gubernatore
541 586 732 646 necessariam
746 601 824 658 esse,
847 591 880 644 ut
898 584 970 646 aciat
985 583 1114 644 subditos
1128 584 1167 643 ed
1180 585 1275 660 legum

231 688 359 734 eruorem
373 673 496 746 allicere,
513 669 830 747 disciplinaquedebila·
841 671 981 744 imbuere,
998 674 1028 729 el
1040 669 1081 728 ita
1090 669 1224 730 ordinem
1234 688 1275 731 ee

229 760 339 821 cietatis
354 759 547 832 instruerent
557 758 667 833 privata
678 757 820 818 sociorum
830 756 938 815 utilitas
952 767 1020 815 cam
1033 756 1191 829 communi,
1202 772 1275 832 queo

230 859 269 906 ex
282 843 379 919 legum
396 844 524 903 custodia
539 843 672 916 emergit,
690 843 818 902 menime
832 842 989 917 copuleturi

267 931 326 990 Hae
336 931 414 988 dotes
423 929 453 988 in
464 924 634 987 exercitium
644 927 812 986 executirae
821 927 968 1001 potestatis
979 941 1018 986 cn
1027 927 1192 1001 organismo
1201 930 1274 990 elue

185 1011 186 1014 ’
230 1015 296 1076 dem
310 1013 451 1090 proticisci
466 1013 588 1086 debent;
605 1013 654 1086 quai
669 1013 795 1087 prolecto
808 1013 929 1072 uunime
944 1013 1107 1086 sufficeret,
1123 1014 1183 1074 nisi
1196 1015 1275 1074 doleo

231 1101 319 1160 etium
334 1114 533 1174 personarum,
550 1097 655 1173 quibus
665 1113 771 1157 munus
785 1099 847 1157 eius
862 1098 1057 1172 committitur,
1073 1099 1150 1157 adid
1167 1101 1275 1160 conier-

231 1191 304 1246 rent.
316 1185 347 1244 In
358 1185 393 1244 iis
402 1185 489 1259 igilur
499 1185 636 1245 rectitudo
645 1183 770 1257 moralis,
782 1185 942 1243 constantia
951 1184 1050 1256 animi,
1061 1184 1184 1244 'scientia
1192 1201 1273 1245 exer·

231 1272 322 1330 cende
343 1271 455 1331 muneri
475 1277 648 1345 opportuna,
674 1285 791 1344 prorsus
815 1270 976 1330 necessaria
995 1277 1079 1344 erunt,
1101 1285 1228 1344 quonam
1250 1273 1274 1330 si

232 1357 301 1430 quid
310 1356 398 1429 deest,
410 1356 536 1429 aptitudo
547 1355 596 1412 illa
606 1355 824 1429 desiderabitur,
842 1371 916 1429 quae
930 1354 1083 1414 socialibus
1094 1356 1205 1413 muniis
1216 1357 1275 1414 ido·

230 1457 316 1500 neam
336 1454 487 1516 personam
507 1440 603 1499 allicit.
622 1441 713 1508 Quare
728 1442 777 1513 qul
792 1439 958 1498 bominibus
975 1440 1030 1498 bac
1045 1440 1148 1514 triplici
1163 1455 1273 1514 praeco
1332 1462 1333 1465 ¹

232 1528 327 1602 galina
341 1527 481 1586 destitutis
496 1527 623 1585 olilcium
637 1527 791 1601 quodpiam
806 1524 910 1585 sociale
923 1525 1089 1584 committit:
1106 1525 1274 1600 isouodam·
1332 1604 1333 1607 Ἴ

232 1613 316 1670 modo
335 1613 496 1670 societatem
513 1611 620 1686 prodit,
638 1617 665 1670 et
680 1611 868 1686 stipendium,
885 1611 960 1689 quod
974 1611 1041 1671 inde
1058 1611 1199 1688 carpitur,
1217 1627 1275 1674 me

233 1711 299 1760 rum
310 1695 489 1762 latrocinium
504 1697 680 1760 censendum
694 1701 746 1760 est.

633 1871 802 1932 Anniculus
816 1869 860 1932 tlt.

567 2039 604 2099 llo
617 2042 935 2118 potcslololudlcicrio
1332 2092 1333 2157 ,

268 2214 327 2275 lot.
346 2215 522 2288 Quamquam
543 2219 667 2290 potestas
683 2215 824 2275 iudicialis
845 2231 904 2276 non
918 2216 1140 2289 incongruenter
1153 2215 1192 2275 ad
1205 2231 1278 2275 exe
1332 2210 1333 2229 ³

232 2299 356 2360 culinam
377 2301 504 2359 reuocari
522 2301 625 2375 possit,
646 2301 750 2360 melius
765 2306 861 2360 tamen
876 2299 912 2359 ab
927 2317 961 2359 ea
976 2301 1144 2360 secernitur.
1159 2301 1234 2360 llam
1250 2301 1281 2360 in

231 2381 327 2457 legum
339 2385 526 2460 applicatione
538 2392 566 2446 et
576 2388 744 2446 executione
754 2387 955 2460 promovenda,
971 2387 1181 2445 controversiae
1191 2402 1281 2460 carae

231 2469 298 2528 darn
314 2487 468 2544 exsurgere
493 2476 609 2545 possunt
628 2473 704 2530 circu
724 2473 788 2531 iura
809 2472 987 2545 singulorum
1006 2476 1056 2529 aut
1070 2471 1146 2529 iacta
1165 2470 1283 2544 legibus
1332 2513 1333 2516 ,

233 2556 360 2630 aduersa,
386 2573 459 2631 quae
473 2571 595 2615 examen
615 2562 643 2614 el
657 2556 761 2614 sociale
777 2556 915 2614 indicium
931 2561 1098 2630 exposcunt.
1120 2555 1201 2623 Quod
1217 2557 1284 2630 qui·

233 2640 298 2699 dern
314 2641 453 2700 iudicium
469 2642 497 2700 in
514 2641 567 2699 boc
578 2642 716 2713 cernitur3
733 2646 765 2698 ut
779 2640 932 2699 deliniatur
942 2640 1080 2714 utriparti
1091 2641 1137 2699 ius
1151 2641 1284 2699 tribuen-

233 2725 302 2783 dum
317 2727 363 2801 sit,
383 2733 431 2785 aul
446 2725 528 2784 cuius
543 2731 661 2785 naturae
677 2726 713 2784 sit
724 2727 839 2800 iactum,
857 2741 913 2800 quo
927 2726 976 2785 lex
987 2725 1090 2785 uiolata
1104 2729 1163 2798 est,
1180 2731 1210 2784 et
1225 2741 1286 2800 qua

233 2825 326 2884 poena
349 2811 434 2886 plecti
454 2817 607 2870 mereatur.
634 2811 663 2870 ld
681 2812 769 2869 etiarn
789 2812 980 2885 auctoritatis,
998 2811 1137 2886 adquam
1156 2810 1230 2869 ordo
1254 2811 1285 2869 in

233 2895 366 2954 societate
381 2896 576 2969 procurandus
591 2897 726 2970 pertinet,
740 2897 887 2970 proprium
897 2901 955 2969 est3
973 2901 1058 2971 atque
1072 2895 1136 2955 ideo
1146 2895 1189 2954 illi
1199 2909 1285 2954 com-

233 2981 304 3055 petit
318 2997 391 3039 novo
407 2981 514 3039 iunctio
529 2997 602 3054 quac
618 2987 742 3055 potestas
755 2981 907 3040 iudiciaria
922 2985 1113 3055 nrrncupalur.

269 3065 354 3124 Porro
370 3063 451 3131 haec,
464 3071 495 3124 ut
510 3065 629 3139 quisque
641 3067 728 3140 videt,
741 3067 771 3124 in
787 3066 902 3124 bicallem
912 3065 1136 3126 etcriotiaolcm
1146 3064 1291 3140 dispesci-

234 3153 289 3208 tur.
309 3149 378 3209 Nam
394 3150 501 3208 versari
517 3151 661 3224 potestve}
674 3151 826 3209 iniuribus
840 3151 956 3224 civium,
968 3149 1288 3223 quaecollidiiorleri·

232 3235 346 3307 dentur,
362 3235 548 3309 deliniendis,
565 3236 610 3294 vel
625 3236 656 3295 in
672 3236 842 3296 criminibus
856 3235 1046 3294 diiudicandis
1060 3241 1089 3294 et
1107 3235 1288 3294 convenien·
1332 3250 1333 3273 ³

234 3324 261 3378 le
271 3335 362 3394 poena
377 3319 541 3394 plectendis
558 3321 654 3380 Tutela
666 3322 744 3380 cuim
758 3323 892 3394 iustiliae,
910 3337 983 3395 quae
1002 3321 1228 3380 fundamentum
1244 3325 1288 3379 est

235 3404 349 3462 socialis
368 3405 491 3477 ordinis,
508 3405 704 3480 maximopere
720 3407 755 3464 ud
777 3406 974 3464 auctoritatem
995 3406 1136 3480 pertinet3
1154 3405 1193 3465 ad
1209 3407 1287 3464 banc
1332 3450 1333 3453 ,

234 3493 330 3548 autem
347 3489 507 3548 habendam
521 3497 674 3564 utrumque
698 3491 868 3564 requiritur:
887 3505 991 3565 nempe
1010 3495 1042 3548 ut
1054 3491 1100 3549 ius
1114 3505 1220 3552 verum
1238 3507 1288 3564 ap·

231 3575 343 3649 parenti
359 3580 386 3633 cl
397 3576 489 3634 maius
500 3576 603 3634 minori
614 3576 784 3649 praevaleat,
797 3575 901 3635 deinde
912 3582 943 3635 ut
954 3576 999 3635 ius
1009 3573 1046 3634 ab
1061 3575 1169 3636 iniuria
1184 3575 1292 3636 delen·

232 3659 325 3732 riatur,
346 3659 431 3734 idque
448 3660 545 3720 sociali
557 3676 608 3734 ope
624 3665 651 3718 cl
666 3662 765 3720 sociali
782 3660 897 3721 iudicio.
914 3661 942 3721 Si
958 3661 1084 3736 primum
1099 3661 1141 3735 nt,
1157 3668 1295 3737 potestas
1332 3670 1333 3691 ¹

233 3743 501 3886 iudilcigrliabcioille
518 3745 542 3806 si
560 3745 691 3817 alterum,
709 3747 877 3808 criminalis
894 3747 1025 3808 babetur.
1042 3747 1081 3807 De
1096 3751 1221 3822 utraque
1240 3747 1297 3806 ali-

234 3839 283 3898 qur
338 3828 485 3890 olemus.
