<?xml version="1.0" encoding="UTF-8"?>
<!DOCTYPE html PUBLIC "-//W3C//DTD XHTML 1.0 Transitional//EN"
    "http://www.w3.org/TR/xhtml1/DTD/xhtml1-transitional.dtd">
<html xmlns="http://www.w3.org/1999/xhtml" xml:lang="en" lang="en">
 <head>
  <title>
</title>
<meta http-equiv="Content-Type" content="text/html;charset=utf-8" />
  <meta name='ocr-system' content='tesseract 3.04.00' />
  <meta name='ocr-capabilities' content='ocr_page ocr_carea ocr_par ocr_line ocrx_word'/>
</head>
<body>
  <div class='ocr_page' id='page_1' title='image "./institutionesph00libegoog_0891.png"; bbox 0 0 2767 4492; ppageno 0'>
   <div class='ocr_carea' id='block_1_1' title="bbox 528 205 1170 273">
    <p class='ocr_par' dir='ltr' id='par_1_1' title="bbox 528 205 1170 273">
     <span class='ocr_line' id='line_1_1' title="bbox 528 205 1170 273; baseline 0.005 -5"><span class='ocrx_word' id='word_1_1' title='bbox 528 223 606 268; x_wconf 79' lang='lat' dir='ltr'>mres</span> <span class='ocrx_word' id='word_1_2' title='bbox 626 221 768 268; x_wconf 77' lang='lat' dir='ltr'>urrunsa</span> <span class='ocrx_word' id='word_1_3' title='bbox 1118 205 1170 273; x_wconf 82' lang='lat' dir='ltr'>atu</span> 
     </span>
    </p>
   </div>
   <div class='ocr_carea' id='block_1_2' title="bbox 125 300 1171 1402">
    <p class='ocr_par' dir='ltr' id='par_1_2' title="bbox 125 300 1171 1146">
     <span class='ocr_line' id='line_1_2' title="bbox 160 300 1169 384; baseline -0.002 -14"><span class='ocrx_word' id='word_1_4' title='bbox 160 307 219 370; x_wconf 87' lang='lat' dir='ltr'>Hoc</span> <span class='ocrx_word' id='word_1_5' title='bbox 230 323 298 368; x_wconf 86' lang='lat' dir='ltr'>rero</span> <span class='ocrx_word' id='word_1_6' title='bbox 307 323 366 368; x_wconf 90' lang='lat' dir='ltr'>non</span> <span class='ocrx_word' id='word_1_7' title='bbox 379 309 456 368; x_wconf 82' lang='lat' dir='ltr'>uetat</span> <span class='ocrx_word' id='word_1_8' title='bbox 470 307 622 382; x_wconf 80' lang='lat' dir='ltr'><strong>quominus</strong></span> <span class='ocrx_word' id='word_1_9' title='bbox 633 321 692 366; x_wconf 87' lang='lat' dir='ltr'>una</span> <span class='ocrx_word' id='word_1_10' title='bbox 708 322 777 380; x_wconf 78' lang='lat' dir='ltr'>gens</span> <span class='ocrx_word' id='word_1_11' title='bbox 792 309 868 381; x_wconf 89' lang='lat' dir='ltr'>apud</span> <span class='ocrx_word' id='word_1_12' title='bbox 880 300 998 368; x_wconf 90' lang='lat' dir='ltr'>alteram</span> <span class='ocrx_word' id='word_1_13' title='bbox 1012 305 1090 369; x_wconf 89' lang='lat' dir='ltr'>bona</span> <span class='ocrx_word' id='word_1_14' title='bbox 1104 323 1169 384; x_wconf 88' lang='lat' dir='ltr'>pos·</span> 
     </span>
     <span class='ocr_line' id='line_1_3' title="bbox 125 391 1170 468; baseline 0 -14"><span class='ocrx_word' id='word_1_15' title='bbox 125 394 229 468; x_wconf 70' lang='lat' dir='ltr'>adeat,</span> <span class='ocrx_word' id='word_1_16' title='bbox 247 399 275 452; x_wconf 92' lang='lat' dir='ltr'>at</span> <span class='ocrx_word' id='word_1_17' title='bbox 291 409 371 452; x_wconf 92' lang='lat' dir='ltr'>more</span> <span class='ocrx_word' id='word_1_18' title='bbox 385 391 617 465; x_wconf 82' lang='lat' dir='ltr'>individuorum,</span> <span class='ocrx_word' id='word_1_19' title='bbox 641 392 703 450; x_wconf 90' lang='lat' dir='ltr'>iure</span> <span class='ocrx_word' id='word_1_20' title='bbox 718 392 857 451; x_wconf 88' lang='lat' dir='ltr'>nimirum</span> <span class='ocrx_word' id='word_1_21' title='bbox 870 394 911 454; x_wconf 89' lang='lat' dir='ltr'>sic</span> <span class='ocrx_word' id='word_1_22' title='bbox 926 394 1056 454; x_wconf 89' lang='lat' dir='ltr'>restricto</span> <span class='ocrx_word' id='word_1_23' title='bbox 1074 399 1104 454; x_wconf 90' lang='lat' dir='ltr'>et</span> <span class='ocrx_word' id='word_1_24' title='bbox 1123 410 1170 454; x_wconf 91' lang='lat' dir='ltr'>su-</span> 
     </span>
     <span class='ocr_line' id='line_1_4' title="bbox 126 476 1170 553; baseline -0.001 -13"><span class='ocrx_word' id='word_1_25' title='bbox 126 477 284 552; x_wconf 87' lang='lat' dir='ltr'>bordinate,</span> <span class='ocrx_word' id='word_1_26' title='bbox 295 478 536 552; x_wconf 78' lang='lat' dir='ltr'>quemadmodum</span> <span class='ocrx_word' id='word_1_27' title='bbox 551 477 626 536; x_wconf 90' lang='lat' dir='ltr'>bona</span> <span class='ocrx_word' id='word_1_28' title='bbox 642 476 789 550; x_wconf 90' lang='lat' dir='ltr'>possident</span> <span class='ocrx_word' id='word_1_29' title='bbox 799 477 901 548; x_wconf 86' lang='lat' dir='ltr'>privati</span> <span class='ocrx_word' id='word_1_30' title='bbox 916 479 992 538; x_wconf 89' lang='lat' dir='ltr'>ciros</span> <span class='ocrx_word' id='word_1_31' title='bbox 1007 481 1069 538; x_wconf 90' lang='lat' dir='ltr'>cius</span> <span class='ocrx_word' id='word_1_32' title='bbox 1079 480 1170 553; x_wconf 83' lang='lat' dir='ltr'>regio</span> 
     </span>
     <span class='ocr_line' id='line_1_5' title="bbox 125 561 1169 638; baseline 0.002 -16"><span class='ocrx_word' id='word_1_33' title='bbox 125 564 225 637; x_wconf 72' lang='lat' dir='ltr'>disin</span> <span class='ocrx_word' id='word_1_34' title='bbox 239 580 297 638; x_wconf 84' lang='lat' dir='ltr'>qua</span> <span class='ocrx_word' id='word_1_35' title='bbox 306 564 381 624; x_wconf 89' lang='lat' dir='ltr'>boue</span> <span class='ocrx_word' id='word_1_36' title='bbox 394 562 444 622; x_wconf 94' lang='lat' dir='ltr'>illa</span> <span class='ocrx_word' id='word_1_37' title='bbox 454 563 646 638; x_wconf 91' lang='lat' dir='ltr'>reperiuntur.</span> <span class='ocrx_word' id='word_1_38' title='bbox 659 562 716 622; x_wconf 87' lang='lat' dir='ltr'>Nec</span> <span class='ocrx_word' id='word_1_39' title='bbox 729 561 813 636; x_wconf 88' lang='lat' dir='ltr'>plane</span> <span class='ocrx_word' id='word_1_40' title='bbox 824 563 934 636; x_wconf 86' lang='lat' dir='ltr'>concipi</span> <span class='ocrx_word' id='word_1_41' title='bbox 950 569 1083 638; x_wconf 88' lang='lat' dir='ltr'>potestat</span> <span class='ocrx_word' id='word_1_42' title='bbox 1092 580 1169 624; x_wconf 89' lang='lat' dir='ltr'>com·</span> 
     </span>
     <span class='ocr_line' id='line_1_6' title="bbox 125 647 1169 722; baseline 0.003 -15"><span class='ocrx_word' id='word_1_43' title='bbox 125 648 208 707; x_wconf 91' lang='lat' dir='ltr'>muni</span> <span class='ocrx_word' id='word_1_44' title='bbox 223 655 251 708; x_wconf 92' lang='lat' dir='ltr'>et</span> <span class='ocrx_word' id='word_1_45' title='bbox 265 653 399 708; x_wconf 92' lang='lat' dir='ltr'>consueto</span> <span class='ocrx_word' id='word_1_46' title='bbox 419 648 481 706; x_wconf 87' lang='lat' dir='ltr'>inre</span> <span class='ocrx_word' id='word_1_47' title='bbox 495 647 674 722; x_wconf 77' lang='lat' dir='ltr'>proprietatis</span> <span class='ocrx_word' id='word_1_48' title='bbox 696 663 766 722; x_wconf 86' lang='lat' dir='ltr'>gens</span> <span class='ocrx_word' id='word_1_49' title='bbox 781 663 839 705; x_wconf 92' lang='lat' dir='ltr'>uua</span> <span class='ocrx_word' id='word_1_50' title='bbox 854 648 929 722; x_wconf 93' lang='lat' dir='ltr'>apud</span> <span class='ocrx_word' id='word_1_51' title='bbox 952 649 1038 706; x_wconf 89' lang='lat' dir='ltr'>aliam</span> <span class='ocrx_word' id='word_1_52' title='bbox 1054 655 1169 722; x_wconf 79' lang='lat' dir='ltr'>gentem</span> 
     </span>
     <span class='ocr_line' id='line_1_7' title="bbox 126 732 1170 808; baseline 0.001 -15"><span class='ocrx_word' id='word_1_53' title='bbox 126 750 188 794; x_wconf 91' lang='lat' dir='ltr'>rem</span> <span class='ocrx_word' id='word_1_54' title='bbox 214 734 356 808; x_wconf 90' lang='lat' dir='ltr'>possideat</span> <span class='ocrx_word' id='word_1_55' title='bbox 380 732 506 792; x_wconf 90' lang='lat' dir='ltr'>dominio</span> <span class='ocrx_word' id='word_1_56' title='bbox 534 748 651 808; x_wconf 89' lang='lat' dir='ltr'>prorsus</span> <span class='ocrx_word' id='word_1_57' title='bbox 683 732 895 807; x_wconf 89' lang='lat' dir='ltr'>independenti·.</span> <span class='ocrx_word' id='word_1_58' title='bbox 920 733 991 791; x_wconf 87' lang='lat' dir='ltr'>Nam</span> <span class='ocrx_word' id='word_1_59' title='bbox 1009 733 1170 794; x_wconf 93' lang='lat' dir='ltr'>dominium</span> 
     </span>
     <span class='ocr_line' id='line_1_8' title="bbox 127 818 1170 893; baseline -0.002 -15"><span class='ocrx_word' id='word_1_60' title='bbox 127 819 244 878; x_wconf 92' lang='lat' dir='ltr'>omuino</span> <span class='ocrx_word' id='word_1_61' title='bbox 254 819 447 893; x_wconf 85' lang='lat' dir='ltr'>independens</span> <span class='ocrx_word' id='word_1_62' title='bbox 458 834 523 876; x_wconf 91' lang='lat' dir='ltr'>cum</span> <span class='ocrx_word' id='word_1_63' title='bbox 534 819 653 892; x_wconf 92' lang='lat' dir='ltr'>imperio</span> <span class='ocrx_word' id='word_1_64' title='bbox 664 818 841 877; x_wconf 87' lang='lat' dir='ltr'>connectitur</span> <span class='ocrx_word' id='word_1_65' title='bbox 850 822 879 875; x_wconf 92' lang='lat' dir='ltr'>et</span> <span class='ocrx_word' id='word_1_66' title='bbox 889 818 951 876; x_wconf 87' lang='lat' dir='ltr'>iure</span> <span class='ocrx_word' id='word_1_67' title='bbox 961 831 1110 890; x_wconf 81' lang='lat' dir='ltr'>supremae</span> <span class='ocrx_word' id='word_1_68' title='bbox 1121 833 1170 890; x_wconf 81' lang='lat' dir='ltr'>po</span> 
     </span>
     <span class='ocr_line' id='line_1_9' title="bbox 128 901 1170 978; baseline -0.001 -16"><span class='ocrx_word' id='word_1_69' title='bbox 128 905 244 964; x_wconf 86' lang='lat' dir='ltr'>testatis.</span> <span class='ocrx_word' id='word_1_70' title='bbox 263 905 353 972; x_wconf 84' lang='lat' dir='ltr'>Quare</span> <span class='ocrx_word' id='word_1_71' title='bbox 369 904 497 963; x_wconf 80' lang='lat' dir='ltr'>exerceri</span> <span class='ocrx_word' id='word_1_72' title='bbox 513 919 633 977; x_wconf 84' lang='lat' dir='ltr'>usquam</span> <span class='ocrx_word' id='word_1_73' title='bbox 648 903 757 977; x_wconf 82' lang='lat' dir='ltr'>nequit,</span> <span class='ocrx_word' id='word_1_74' title='bbox 774 903 843 978; x_wconf 81' lang='lat' dir='ltr'>quin</span> <span class='ocrx_word' id='word_1_75' title='bbox 860 902 913 960; x_wconf 93' lang='lat' dir='ltr'>boc</span> <span class='ocrx_word' id='word_1_76' title='bbox 926 901 988 974; x_wconf 89' lang='lat' dir='ltr'>ipso</span> <span class='ocrx_word' id='word_1_77' title='bbox 1003 915 1170 974; x_wconf 88' lang='lat' dir='ltr'>supremum</span> 
     </span>
     <span class='ocr_line' id='line_1_10' title="bbox 126 985 1171 1062; baseline -0.001 -15"><span class='ocrx_word' id='word_1_78' title='bbox 126 989 279 1062; x_wconf 90' lang='lat' dir='ltr'>imperium</span> <span class='ocrx_word' id='word_1_79' title='bbox 294 989 401 1048; x_wconf 89' lang='lat' dir='ltr'>ibidem</span> <span class='ocrx_word' id='word_1_80' title='bbox 417 995 601 1062; x_wconf 74' lang='lat' dir='ltr'>exerceatur,</span> <span class='ocrx_word' id='word_1_81' title='bbox 622 989 828 1062; x_wconf 83' lang='lat' dir='ltr'>quodquidam</span> <span class='ocrx_word' id='word_1_82' title='bbox 851 987 959 1046; x_wconf 91' lang='lat' dir='ltr'>nationi</span> <span class='ocrx_word' id='word_1_83' title='bbox 978 985 1051 1045; x_wconf 88' lang='lat' dir='ltr'>nulli</span> <span class='ocrx_word' id='word_1_84' title='bbox 1066 985 1096 1044; x_wconf 90' lang='lat' dir='ltr'>in</span> <span class='ocrx_word' id='word_1_85' title='bbox 1116 992 1171 1046; x_wconf 91' lang='lat' dir='ltr'>ter-</span> 
     </span>
     <span class='ocr_line' id='line_1_11' title="bbox 126 1072 1166 1146; baseline -0.001 -15"><span class='ocrx_word' id='word_1_86' title='bbox 126 1073 223 1134; x_wconf 89' lang='lat' dir='ltr'>ritorio</span> <span class='ocrx_word' id='word_1_87' title='bbox 238 1073 354 1134; x_wconf 88' lang='lat' dir='ltr'>alterius</span> <span class='ocrx_word' id='word_1_88' title='bbox 369 1073 492 1132; x_wconf 89' lang='lat' dir='ltr'>nationis</span> <span class='ocrx_word' id='word_1_89' title='bbox 502 1072 609 1138; x_wconf 83' lang='lat' dir='ltr'>liberae</span> <span class='ocrx_word' id='word_1_90' title='bbox 619 1079 647 1131; x_wconf 90' lang='lat' dir='ltr'>ot</span> <span class='ocrx_word' id='word_1_91' title='bbox 662 1072 877 1146; x_wconf 88' lang='lat' dir='ltr'>independentis</span> <span class='ocrx_word' id='word_1_92' title='bbox 892 1078 1051 1146; x_wconf 81' lang='lat' dir='ltr'>competere</span> <span class='ocrx_word' id='word_1_93' title='bbox 1065 1076 1166 1146; x_wconf 79' lang='lat' dir='ltr'>podest.</span> 
     </span>
    </p>

    <p class='ocr_par' dir='ltr' id='par_1_3' title="bbox 127 1157 1169 1402">
     <span class='ocr_line' id='line_1_12' title="bbox 161 1157 1168 1232; baseline -0.001 -16"><span class='ocrx_word' id='word_1_94' title='bbox 161 1160 251 1232; x_wconf 81' lang='lat' dir='ltr'>litque</span> <span class='ocrx_word' id='word_1_95' title='bbox 261 1158 332 1215; x_wconf 89' lang='lat' dir='ltr'>baec</span> <span class='ocrx_word' id='word_1_96' title='bbox 343 1158 459 1216; x_wconf 87' lang='lat' dir='ltr'>alterius</span> <span class='ocrx_word' id='word_1_97' title='bbox 475 1158 598 1216; x_wconf 92' lang='lat' dir='ltr'>dominii</span> <span class='ocrx_word' id='word_1_98' title='bbox 610 1158 769 1216; x_wconf 84' lang='lat' dir='ltr'>reverentia</span> <span class='ocrx_word' id='word_1_99' title='bbox 782 1173 873 1231; x_wconf 87' lang='lat' dir='ltr'>usque</span> <span class='ocrx_word' id='word_1_100' title='bbox 883 1173 917 1215; x_wconf 89' lang='lat' dir='ltr'>eo</span> <span class='ocrx_word' id='word_1_101' title='bbox 927 1157 1105 1216; x_wconf 77' lang='lat' dir='ltr'>extendenda</span> <span class='ocrx_word' id='word_1_102' title='bbox 1116 1162 1168 1232; x_wconf 89' lang='lat' dir='ltr'>est,</span> 
     </span>
     <span class='ocr_line' id='line_1_13' title="bbox 127 1241 1169 1316; baseline -0.002 -14"><span class='ocrx_word' id='word_1_103' title='bbox 127 1248 159 1302; x_wconf 93' lang='lat' dir='ltr'>ut</span> <span class='ocrx_word' id='word_1_104' title='bbox 173 1242 250 1300; x_wconf 91' lang='lat' dir='ltr'>nulla</span> <span class='ocrx_word' id='word_1_105' title='bbox 264 1242 373 1300; x_wconf 88' lang='lat' dir='ltr'>ratione</span> <span class='ocrx_word' id='word_1_106' title='bbox 387 1241 473 1300; x_wconf 89' lang='lat' dir='ltr'>liceat</span> <span class='ocrx_word' id='word_1_107' title='bbox 490 1249 607 1302; x_wconf 83' lang='lat' dir='ltr'>exterae</span> <span class='ocrx_word' id='word_1_108' title='bbox 626 1242 703 1316; x_wconf 79' lang='lat' dir='ltr'>genti</span> <span class='ocrx_word' id='word_1_109' title='bbox 719 1249 813 1300; x_wconf 90' lang='lat' dir='ltr'>actum</span> <span class='ocrx_word' id='word_1_110' title='bbox 829 1242 986 1316; x_wconf 79' lang='lat' dir='ltr'>quemlibet</span> <span class='ocrx_word' id='word_1_111' title='bbox 999 1242 1169 1300; x_wconf 89' lang='lat' dir='ltr'>iurisdictio·</span> 
     </span>
     <span class='ocr_line' id='line_1_14' title="bbox 127 1326 1169 1402; baseline -0.001 -17"><span class='ocrx_word' id='word_1_112' title='bbox 127 1328 172 1385; x_wconf 89' lang='lat' dir='ltr'>nis</span> <span class='ocrx_word' id='word_1_113' title='bbox 186 1327 359 1385; x_wconf 86' lang='lat' dir='ltr'>exercereiu</span> <span class='ocrx_word' id='word_1_114' title='bbox 376 1328 514 1388; x_wconf 89' lang='lat' dir='ltr'>territorio</span> <span class='ocrx_word' id='word_1_115' title='bbox 529 1329 662 1402; x_wconf 74' lang='lat' dir='ltr'>alterius,</span> <span class='ocrx_word' id='word_1_116' title='bbox 681 1329 800 1386; x_wconf 88' lang='lat' dir='ltr'>auteius</span> <span class='ocrx_word' id='word_1_117' title='bbox 810 1328 916 1386; x_wconf 80' lang='lat' dir='ltr'>violare</span> <span class='ocrx_word' id='word_1_118' title='bbox 926 1327 1050 1385; x_wconf 81' lang='lat' dir='ltr'>confinia</span> <span class='ocrx_word' id='word_1_119' title='bbox 1062 1326 1169 1399; x_wconf 84' lang='lat' dir='ltr'>ingres·</span> 
     </span>
    </p>
   </div>
   <div class='ocr_carea' id='block_1_3' title="bbox 128 1411 1254 1486">
    <p class='ocr_par' dir='ltr' id='par_1_4' title="bbox 128 1411 1254 1486">
     <span class='ocr_line' id='line_1_15' title="bbox 128 1411 1254 1486; baseline -0.003 -16"><span class='ocrx_word' id='word_1_120' title='bbox 128 1427 161 1470; x_wconf 91' lang='lat' dir='ltr'>su</span> <span class='ocrx_word' id='word_1_121' title='bbox 176 1411 366 1470; x_wconf 77' lang='lat' dir='ltr'>multitudinis</span> <span class='ocrx_word' id='word_1_122' title='bbox 381 1418 516 1486; x_wconf 83' lang='lat' dir='ltr'>armatae,</span> <span class='ocrx_word' id='word_1_123' title='bbox 534 1413 578 1470; x_wconf 90' lang='lat' dir='ltr'>vel</span> <span class='ocrx_word' id='word_1_124' title='bbox 593 1413 679 1470; x_wconf 90' lang='lat' dir='ltr'>etiam</span> <span class='ocrx_word' id='word_1_125' title='bbox 699 1412 818 1470; x_wconf 89' lang='lat' dir='ltr'>inermis</span> <span class='ocrx_word' id='word_1_126' title='bbox 835 1413 884 1471; x_wconf 91' lang='lat' dir='ltr'>sed</span> <span class='ocrx_word' id='word_1_127' title='bbox 901 1411 1044 1470; x_wconf 86' lang='lat' dir='ltr'>turmatim</span> <span class='ocrx_word' id='word_1_128' title='bbox 1059 1416 1087 1469; x_wconf 91' lang='lat' dir='ltr'>et</span> <span class='ocrx_word' id='word_1_129' title='bbox 1106 1411 1168 1470; x_wconf 89' lang='lat' dir='ltr'>sine</span> <span class='ocrx_word' id='word_1_130' title='bbox 1250 1461 1254 1467; x_wconf 88' lang='lat'>.</span> 
     </span>
    </p>
   </div>
   <div class='ocr_carea' id='block_1_4' title="bbox 125 1495 1172 3780">
    <p class='ocr_par' dir='ltr' id='par_1_5' title="bbox 127 1495 1170 1894">
     <span class='ocr_line' id='line_1_16' title="bbox 127 1495 1168 1571; baseline -0.001 -16"><span class='ocrx_word' id='word_1_131' title='bbox 127 1495 300 1556; x_wconf 87' lang='lat' dir='ltr'>auctoritatis</span> <span class='ocrx_word' id='word_1_132' title='bbox 315 1497 408 1556; x_wconf 80' lang='lat' dir='ltr'>venia.</span> <span class='ocrx_word' id='word_1_133' title='bbox 425 1497 495 1555; x_wconf 83' lang='lat' dir='ltr'>Turn</span> <span class='ocrx_word' id='word_1_134' title='bbox 506 1496 593 1556; x_wconf 88' lang='lat' dir='ltr'>etiam</span> <span class='ocrx_word' id='word_1_135' title='bbox 608 1497 686 1571; x_wconf 83' lang='lat' dir='ltr'>genti</span> <span class='ocrx_word' id='word_1_136' title='bbox 701 1497 772 1555; x_wconf 87' lang='lat' dir='ltr'>nulli</span> <span class='ocrx_word' id='word_1_137' title='bbox 787 1497 853 1556; x_wconf 90' lang='lat' dir='ltr'>licet</span> <span class='ocrx_word' id='word_1_138' title='bbox 863 1495 982 1556; x_wconf 90' lang='lat' dir='ltr'>alteram</span> <span class='ocrx_word' id='word_1_139' title='bbox 996 1502 1111 1570; x_wconf 81' lang='lat' dir='ltr'>gentem</span> <span class='ocrx_word' id='word_1_140' title='bbox 1120 1496 1168 1554; x_wconf 92' lang='lat' dir='ltr'>de-</span> 
     </span>
     <span class='ocr_line' id='line_1_17' title="bbox 127 1579 1168 1654; baseline -0.001 -15"><span class='ocrx_word' id='word_1_141' title='bbox 127 1580 236 1640; x_wconf 86' lang='lat' dir='ltr'>decoris</span> <span class='ocrx_word' id='word_1_142' title='bbox 250 1585 317 1640; x_wconf 90' lang='lat' dir='ltr'>nota</span> <span class='ocrx_word' id='word_1_143' title='bbox 334 1581 449 1640; x_wconf 90' lang='lat' dir='ltr'>inurere</span> <span class='ocrx_word' id='word_1_144' title='bbox 468 1587 517 1640; x_wconf 92' lang='lat' dir='ltr'>aut</span> <span class='ocrx_word' id='word_1_145' title='bbox 530 1583 592 1640; x_wconf 89' lang='lat' dir='ltr'>eius</span> <span class='ocrx_word' id='word_1_146' title='bbox 611 1581 704 1640; x_wconf 89' lang='lat' dir='ltr'>lamae</span> <span class='ocrx_word' id='word_1_147' title='bbox 723 1580 852 1639; x_wconf 89' lang='lat' dir='ltr'>maculas</span> <span class='ocrx_word' id='word_1_148' title='bbox 873 1596 1031 1654; x_wconf 81' lang='lat' dir='ltr'>aspergere.</span> <span class='ocrx_word' id='word_1_149' title='bbox 1049 1579 1083 1639; x_wconf 87' lang='lat' dir='ltr'>Et</span> <span class='ocrx_word' id='word_1_150' title='bbox 1098 1595 1168 1654; x_wconf 89' lang='lat' dir='ltr'>quo-</span> 
     </span>
     <span class='ocr_line' id='line_1_18' title="bbox 127 1662 1170 1740; baseline 0.002 -18"><span class='ocrx_word' id='word_1_151' title='bbox 127 1662 206 1724; x_wconf 90' lang='lat' dir='ltr'>niam</span> <span class='ocrx_word' id='word_1_152' title='bbox 220 1666 325 1725; x_wconf 87' lang='lat' dir='ltr'>summi</span> <span class='ocrx_word' id='word_1_153' title='bbox 340 1666 513 1740; x_wconf 89' lang='lat' dir='ltr'>imperantes</span> <span class='ocrx_word' id='word_1_154' title='bbox 525 1671 611 1724; x_wconf 88' lang='lat' dir='ltr'>totam</span> <span class='ocrx_word' id='word_1_155' title='bbox 627 1665 835 1739; x_wconf 86' lang='lat' dir='ltr'>rempublicam</span> <span class='ocrx_word' id='word_1_156' title='bbox 849 1671 1078 1738; x_wconf 74' lang='lat' dir='ltr'>repraesentant,</span> <span class='ocrx_word' id='word_1_157' title='bbox 1096 1666 1170 1724; x_wconf 85' lang='lat' dir='ltr'>iniu-</span> 
     </span>
     <span class='ocr_line' id='line_1_19' title="bbox 127 1749 1170 1825; baseline 0.002 -17"><span class='ocrx_word' id='word_1_158' title='bbox 127 1750 187 1823; x_wconf 91' lang='lat' dir='ltr'>ria,</span> <span class='ocrx_word' id='word_1_159' title='bbox 204 1767 276 1824; x_wconf 81' lang='lat' dir='ltr'>uuae</span> <span class='ocrx_word' id='word_1_160' title='bbox 292 1751 616 1825; x_wconf 85' lang='lat' dir='ltr'>iorteipsisiuierantur,</span> <span class='ocrx_word' id='word_1_161' title='bbox 626 1756 772 1824; x_wconf 90' lang='lat' dir='ltr'>tamquam</span> <span class='ocrx_word' id='word_1_162' title='bbox 789 1751 838 1811; x_wconf 88' lang='lat' dir='ltr'>toti</span> <span class='ocrx_word' id='word_1_163' title='bbox 852 1750 979 1810; x_wconf 89' lang='lat' dir='ltr'>societati</span> <span class='ocrx_word' id='word_1_164' title='bbox 990 1749 1170 1811; x_wconf 88' lang='lat' dir='ltr'>illataconsi·</span> 
     </span>
     <span class='ocr_line' id='line_1_20' title="bbox 127 1835 312 1894; baseline 0.011 -2"><span class='ocrx_word' id='word_1_165' title='bbox 127 1835 312 1894; x_wconf 89' lang='lat' dir='ltr'>derandaest.</span> 
     </span>
    </p>

    <p class='ocr_par' dir='ltr' id='par_1_6' title="bbox 126 1921 1172 2756">
     <span class='ocr_line' id='line_1_21' title="bbox 162 1921 1167 1998; baseline 0.005 -19"><span class='ocrx_word' id='word_1_166' title='bbox 162 1921 300 1996; x_wconf 85' lang='lat' dir='ltr'>Denique,</span> <span class='ocrx_word' id='word_1_167' title='bbox 319 1939 354 1982; x_wconf 92' lang='lat' dir='ltr'>ne</span> <span class='ocrx_word' id='word_1_168' title='bbox 373 1923 455 1998; x_wconf 90' lang='lat' dir='ltr'>plura</span> <span class='ocrx_word' id='word_1_169' title='bbox 476 1925 634 1996; x_wconf 86' lang='lat' dir='ltr'>consecter,</span> <span class='ocrx_word' id='word_1_170' title='bbox 650 1923 686 1982; x_wconf 91' lang='lat' dir='ltr'>ad</span> <span class='ocrx_word' id='word_1_171' title='bbox 706 1925 896 1984; x_wconf 80' lang='lat' dir='ltr'>reverentiam</span> <span class='ocrx_word' id='word_1_172' title='bbox 916 1922 1027 1985; x_wconf 89' lang='lat' dir='ltr'>iuribus</span> <span class='ocrx_word' id='word_1_173' title='bbox 1048 1925 1167 1984; x_wconf 87' lang='lat' dir='ltr'>alterius</span> 
     </span>
     <span class='ocr_line' id='line_1_22' title="bbox 127 2007 1170 2083; baseline 0.001 -18"><span class='ocrx_word' id='word_1_174' title='bbox 127 2007 250 2065; x_wconf 91' lang='lat' dir='ltr'>nationis</span> <span class='ocrx_word' id='word_1_175' title='bbox 265 2007 390 2065; x_wconf 91' lang='lat' dir='ltr'>debitam</span> <span class='ocrx_word' id='word_1_176' title='bbox 415 2008 554 2080; x_wconf 86' lang='lat' dir='ltr'>pertinet,</span> <span class='ocrx_word' id='word_1_177' title='bbox 573 2014 603 2066; x_wconf 89' lang='lat' dir='ltr'>ut</span> <span class='ocrx_word' id='word_1_178' title='bbox 617 2008 687 2066; x_wconf 89' lang='lat' dir='ltr'>baec</span> <span class='ocrx_word' id='word_1_179' title='bbox 703 2009 733 2067; x_wconf 93' lang='lat' dir='ltr'>in</span> <span class='ocrx_word' id='word_1_180' title='bbox 748 2026 803 2068; x_wconf 87' lang='lat' dir='ltr'>usu</span> <span class='ocrx_word' id='word_1_181' title='bbox 819 2010 948 2083; x_wconf 91' lang='lat' dir='ltr'>propriae</span> <span class='ocrx_word' id='word_1_182' title='bbox 963 2010 1100 2068; x_wconf 86' lang='lat' dir='ltr'>libertatis</span> <span class='ocrx_word' id='word_1_183' title='bbox 1116 2009 1170 2067; x_wconf 88' lang='lat' dir='ltr'>mi·</span> 
     </span>
     <span class='ocr_line' id='line_1_23' title="bbox 127 2090 1168 2166; baseline 0.004 -17"><span class='ocrx_word' id='word_1_184' title='bbox 127 2090 204 2150; x_wconf 89' lang='lat' dir='ltr'>nime</span> <span class='ocrx_word' id='word_1_185' title='bbox 218 2091 391 2165; x_wconf 89' lang='lat' dir='ltr'>impediatur</span> <span class='ocrx_word' id='word_1_186' title='bbox 404 2092 497 2163; x_wconf 84' lang='lat' dir='ltr'>quoad</span> <span class='ocrx_word' id='word_1_187' title='bbox 513 2107 547 2148; x_wconf 90' lang='lat' dir='ltr'>ea</span> <span class='ocrx_word' id='word_1_188' title='bbox 561 2091 666 2163; x_wconf 88' lang='lat' dir='ltr'>omnia,</span> <span class='ocrx_word' id='word_1_189' title='bbox 684 2108 757 2166; x_wconf 85' lang='lat' dir='ltr'>quae</span> <span class='ocrx_word' id='word_1_190' title='bbox 772 2094 958 2152; x_wconf 88' lang='lat' dir='ltr'>relationibus</span> <span class='ocrx_word' id='word_1_191' title='bbox 975 2100 1035 2152; x_wconf 89' lang='lat' dir='ltr'>turn</span> <span class='ocrx_word' id='word_1_192' title='bbox 1047 2094 1168 2154; x_wconf 86' lang='lat' dir='ltr'>internis</span> 
     </span>
     <span class='ocr_line' id='line_1_24' title="bbox 129 2174 1170 2252; baseline 0.007 -20"><span class='ocrx_word' id='word_1_193' title='bbox 129 2180 189 2234; x_wconf 94' lang='lat' dir='ltr'>tum</span> <span class='ocrx_word' id='word_1_194' title='bbox 204 2176 289 2232; x_wconf 88' lang='lat' dir='ltr'>etiam</span> <span class='ocrx_word' id='word_1_195' title='bbox 305 2175 430 2232; x_wconf 76' lang='lat' dir='ltr'>cateruis</span> <span class='ocrx_word' id='word_1_196' title='bbox 445 2189 496 2246; x_wconf 81' lang='lat' dir='ltr'>pro</span> <span class='ocrx_word' id='word_1_197' title='bbox 511 2174 634 2232; x_wconf 90' lang='lat' dir='ltr'>naturali</span> <span class='ocrx_word' id='word_1_198' title='bbox 649 2177 791 2247; x_wconf 85' lang='lat' dir='ltr'>aequitate</span> <span class='ocrx_word' id='word_1_199' title='bbox 806 2180 996 2252; x_wconf 88' lang='lat' dir='ltr'>respondent,</span> <span class='ocrx_word' id='word_1_200' title='bbox 1014 2185 1042 2239; x_wconf 91' lang='lat' dir='ltr'>et</span> <span class='ocrx_word' id='word_1_201' title='bbox 1056 2180 1170 2239; x_wconf 87' lang='lat' dir='ltr'>nullum</span> 
     </span>
     <span class='ocr_line' id='line_1_25' title="bbox 126 2259 1172 2338; baseline 0.008 -21"><span class='ocrx_word' id='word_1_202' title='bbox 126 2260 173 2318; x_wconf 91' lang='lat' dir='ltr'>ius</span> <span class='ocrx_word' id='word_1_203' title='bbox 189 2259 345 2332; x_wconf 86' lang='lat' dir='ltr'>perlectum</span> <span class='ocrx_word' id='word_1_204' title='bbox 367 2259 487 2316; x_wconf 90' lang='lat' dir='ltr'>aliarum</span> <span class='ocrx_word' id='word_1_205' title='bbox 509 2259 637 2330; x_wconf 83' lang='lat' dir='ltr'>gentium</span> <span class='ocrx_word' id='word_1_206' title='bbox 652 2259 777 2317; x_wconf 89' lang='lat' dir='ltr'>laedunt.</span> <span class='ocrx_word' id='word_1_207' title='bbox 796 2261 873 2327; x_wconf 82' lang='lat' dir='ltr'>Quod</span> <span class='ocrx_word' id='word_1_208' title='bbox 888 2262 933 2320; x_wconf 90' lang='lat' dir='ltr'>ius</span> <span class='ocrx_word' id='word_1_209' title='bbox 952 2264 1172 2338; x_wconf 88' lang='lat' dir='ltr'>independetiae</span> 
     </span>
     <span class='ocr_line' id='line_1_26' title="bbox 128 2343 1171 2420; baseline 0.007 -18"><span class='ocrx_word' id='word_1_210' title='bbox 128 2351 156 2402; x_wconf 91' lang='lat' dir='ltr'>et</span> <span class='ocrx_word' id='word_1_211' title='bbox 171 2343 308 2404; x_wconf 86' lang='lat' dir='ltr'>libertatis</span> <span class='ocrx_word' id='word_1_212' title='bbox 324 2343 449 2417; x_wconf 89' lang='lat' dir='ltr'>prolecto</span> <span class='ocrx_word' id='word_1_213' title='bbox 471 2343 637 2416; x_wconf 86' lang='lat' dir='ltr'>violaretur,</span> <span class='ocrx_word' id='word_1_214' title='bbox 655 2343 679 2402; x_wconf 91' lang='lat' dir='ltr'>si</span> <span class='ocrx_word' id='word_1_215' title='bbox 702 2351 839 2402; x_wconf 87' lang='lat' dir='ltr'>extranea</span> <span class='ocrx_word' id='word_1_216' title='bbox 853 2361 923 2420; x_wconf 84' lang='lat' dir='ltr'>gens</span> <span class='ocrx_word' id='word_1_217' title='bbox 941 2350 1034 2417; x_wconf 86' lang='lat' dir='ltr'>gentis</span> <span class='ocrx_word' id='word_1_218' title='bbox 1053 2349 1171 2408; x_wconf 87' lang='lat' dir='ltr'>alterius</span> 
     </span>
     <span class='ocr_line' id='line_1_27' title="bbox 127 2428 1170 2502; baseline 0.005 -16"><span class='ocrx_word' id='word_1_219' title='bbox 127 2429 238 2487; x_wconf 91' lang='lat' dir='ltr'>interno</span> <span class='ocrx_word' id='word_1_220' title='bbox 253 2429 385 2501; x_wconf 80' lang='lat' dir='ltr'>regimini</span> <span class='ocrx_word' id='word_1_221' title='bbox 400 2429 546 2502; x_wconf 84' lang='lat' dir='ltr'>illegitime</span> <span class='ocrx_word' id='word_1_222' title='bbox 563 2443 593 2486; x_wconf 89' lang='lat' dir='ltr'>se</span> <span class='ocrx_word' id='word_1_223' title='bbox 607 2428 790 2501; x_wconf 87' lang='lat' dir='ltr'>immisceret,</span> <span class='ocrx_word' id='word_1_224' title='bbox 808 2433 856 2487; x_wconf 90' lang='lat' dir='ltr'>aut</span> <span class='ocrx_word' id='word_1_225' title='bbox 874 2429 1025 2488; x_wconf 90' lang='lat' dir='ltr'>relationes</span> <span class='ocrx_word' id='word_1_226' title='bbox 1040 2432 1170 2491; x_wconf 89' lang='lat' dir='ltr'>eiusdem</span> 
     </span>
     <span class='ocr_line' id='line_1_28' title="bbox 128 2513 1169 2589; baseline 0.001 -18"><span class='ocrx_word' id='word_1_227' title='bbox 128 2529 194 2572; x_wconf 90' lang='lat' dir='ltr'>oum</span> <span class='ocrx_word' id='word_1_228' title='bbox 209 2513 271 2572; x_wconf 87' lang='lat' dir='ltr'>aliis</span> <span class='ocrx_word' id='word_1_229' title='bbox 287 2513 386 2574; x_wconf 89' lang='lat' dir='ltr'>liberis</span> <span class='ocrx_word' id='word_1_230' title='bbox 407 2513 570 2574; x_wconf 88' lang='lat' dir='ltr'>nationibus</span> <span class='ocrx_word' id='word_1_231' title='bbox 590 2513 727 2587; x_wconf 89' lang='lat' dir='ltr'>impedire</span> <span class='ocrx_word' id='word_1_232' title='bbox 742 2520 791 2572; x_wconf 91' lang='lat' dir='ltr'>aut</span> <span class='ocrx_word' id='word_1_233' title='bbox 806 2513 892 2571; x_wconf 88' lang='lat' dir='ltr'>etiam</span> <span class='ocrx_word' id='word_1_234' title='bbox 913 2514 1055 2572; x_wconf 85' lang='lat' dir='ltr'>moderari</span> <span class='ocrx_word' id='word_1_235' title='bbox 1074 2515 1169 2589; x_wconf 83' lang='lat' dir='ltr'>vellet,</span> 
     </span>
     <span class='ocr_line' id='line_1_29' title="bbox 134 2597 1169 2659; baseline 0.002 -3"><span class='ocrx_word' id='word_1_236' title='bbox 134 2604 182 2656; x_wconf 90' lang='lat' dir='ltr'>aut</span> <span class='ocrx_word' id='word_1_237' title='bbox 208 2599 418 2659; x_wconf 80' lang='lat' dir='ltr'>coutroversiae</span> <span class='ocrx_word' id='word_1_238' title='bbox 441 2599 527 2657; x_wconf 91' lang='lat' dir='ltr'>ullius</span> <span class='ocrx_word' id='word_1_239' title='bbox 548 2597 724 2658; x_wconf 88' lang='lat' dir='ltr'>dirimendae</span> <span class='ocrx_word' id='word_1_240' title='bbox 745 2599 884 2658; x_wconf 92' lang='lat' dir='ltr'>iudicium</span> <span class='ocrx_word' id='word_1_241' title='bbox 906 2598 962 2656; x_wconf 92' lang='lat' dir='ltr'>sibi</span> <span class='ocrx_word' id='word_1_242' title='bbox 989 2597 1169 2659; x_wconf 85' lang='lat' dir='ltr'>adscisceret.-</span> 
     </span>
     <span class='ocr_line' id='line_1_30' title="bbox 126 2681 1167 2756; baseline 0.004 -16"><span class='ocrx_word' id='word_1_243' title='bbox 126 2683 215 2756; x_wconf 78' lang='lat' dir='ltr'>itque</span> <span class='ocrx_word' id='word_1_244' title='bbox 227 2685 297 2742; x_wconf 90' lang='lat' dir='ltr'>baec</span> <span class='ocrx_word' id='word_1_245' title='bbox 306 2684 397 2755; x_wconf 85' lang='lat' dir='ltr'>quoad</span> <span class='ocrx_word' id='word_1_246' title='bbox 414 2684 507 2742; x_wconf 86' lang='lat' dir='ltr'>oilicia</span> <span class='ocrx_word' id='word_1_247' title='bbox 522 2683 748 2743; x_wconf 83' lang='lat' dir='ltr'>internetionalis</span> <span class='ocrx_word' id='word_1_248' title='bbox 760 2684 884 2744; x_wconf 88' lang='lat' dir='ltr'>iustitiae</span> <span class='ocrx_word' id='word_1_249' title='bbox 896 2681 1023 2743; x_wconf 87' lang='lat' dir='ltr'>innuisse</span> <span class='ocrx_word' id='word_1_250' title='bbox 1034 2684 1167 2744; x_wconf 74' lang='lat' dir='ltr'>sulliciat.</span> 
     </span>
    </p>

    <p class='ocr_par' dir='ltr' id='par_1_7' title="bbox 125 2769 1171 3780">
     <span class='ocr_line' id='line_1_31' title="bbox 164 2769 1169 2844; baseline 0.003 -17"><span class='ocrx_word' id='word_1_251' title='bbox 164 2769 226 2827; x_wconf 78' lang='lat' dir='ltr'>tii.</span> <span class='ocrx_word' id='word_1_252' title='bbox 245 2770 341 2836; x_wconf 86' lang='lat' dir='ltr'>Quoad</span> <span class='ocrx_word' id='word_1_253' title='bbox 356 2769 451 2828; x_wconf 84' lang='lat' dir='ltr'>oflicia</span> <span class='ocrx_word' id='word_1_254' title='bbox 465 2785 531 2828; x_wconf 84' lang='lat' dir='ltr'>rero</span> <span class='ocrx_word' id='word_1_255' title='bbox 553 2771 780 2844; x_wconf 83' lang='lat' dir='ltr'>benevolentiae,</span> <span class='ocrx_word' id='word_1_256' title='bbox 798 2786 864 2829; x_wconf 94' lang='lat' dir='ltr'>cum</span> <span class='ocrx_word' id='word_1_257' title='bbox 884 2786 942 2829; x_wconf 90' lang='lat' dir='ltr'>non</span> <span class='ocrx_word' id='word_1_258' title='bbox 964 2771 1060 2829; x_wconf 91' lang='lat' dir='ltr'>minus</span> <span class='ocrx_word' id='word_1_259' title='bbox 1081 2771 1169 2830; x_wconf 84' lang='lat' dir='ltr'>natio</span> 
     </span>
     <span class='ocr_line' id='line_1_32' title="bbox 127 2855 1171 2929; baseline 0.003 -17"><span class='ocrx_word' id='word_1_260' title='bbox 127 2869 188 2925; x_wconf 91' lang='lat' dir='ltr'>nes,</span> <span class='ocrx_word' id='word_1_261' title='bbox 205 2869 291 2927; x_wconf 80' lang='lat' dir='ltr'>otram</span> <span class='ocrx_word' id='word_1_262' title='bbox 305 2855 461 2928; x_wconf 84' lang='lat' dir='ltr'>individua,</span> <span class='ocrx_word' id='word_1_263' title='bbox 479 2855 539 2927; x_wconf 84' lang='lat' dir='ltr'>lege</span> <span class='ocrx_word' id='word_1_264' title='bbox 554 2861 673 2913; x_wconf 89' lang='lat' dir='ltr'>naturae</span> <span class='ocrx_word' id='word_1_265' title='bbox 688 2861 854 2929; x_wconf 70' lang='lat' dir='ltr'>teneantur,</span> <span class='ocrx_word' id='word_1_266' title='bbox 872 2871 905 2914; x_wconf 90' lang='lat' dir='ltr'>ea</span> <span class='ocrx_word' id='word_1_267' title='bbox 917 2871 991 2929; x_wconf 87' lang='lat' dir='ltr'>quae</span> <span class='ocrx_word' id='word_1_268' title='bbox 1001 2855 1106 2928; x_wconf 85' lang='lat' dir='ltr'>singuli</span> <span class='ocrx_word' id='word_1_269' title='bbox 1122 2857 1171 2916; x_wconf 87' lang='lat' dir='ltr'>bo-</span> 
     </span>
     <span class='ocr_line' id='line_1_33' title="bbox 127 2939 1170 3013; baseline 0.004 -16"><span class='ocrx_word' id='word_1_270' title='bbox 127 2939 219 2997; x_wconf 89' lang='lat' dir='ltr'>mines</span> <span class='ocrx_word' id='word_1_271' title='bbox 235 2939 297 2997; x_wconf 90' lang='lat' dir='ltr'>aliis</span> <span class='ocrx_word' id='word_1_272' title='bbox 312 2947 455 3012; x_wconf 90' lang='lat' dir='ltr'>praestare</span> <span class='ocrx_word' id='word_1_273' title='bbox 470 2939 695 3013; x_wconf 86' lang='lat' dir='ltr'>adstringuntur,</span> <span class='ocrx_word' id='word_1_274' title='bbox 709 2941 838 2998; x_wconf 87' lang='lat' dir='ltr'>nationes</span> <span class='ocrx_word' id='word_1_275' title='bbox 852 2941 938 2999; x_wconf 90' lang='lat' dir='ltr'>etiam</span> <span class='ocrx_word' id='word_1_276' title='bbox 953 2940 1170 3000; x_wconf 68' lang='lat' dir='ltr'>inerementi.</span> 
     </span>
     <span class='ocr_line' id='line_1_34' title="bbox 127 3023 1169 3098; baseline 0.003 -17"><span class='ocrx_word' id='word_1_277' title='bbox 127 3023 195 3082; x_wconf 87' lang='lat' dir='ltr'>bere</span> <span class='ocrx_word' id='word_1_278' title='bbox 209 3024 378 3098; x_wconf 84' lang='lat' dir='ltr'>obligantur.</span> <span class='ocrx_word' id='word_1_279' title='bbox 397 3025 487 3091; x_wconf 76' lang='lat' dir='ltr'>Quare</span> <span class='ocrx_word' id='word_1_280' title='bbox 502 3025 551 3098; x_wconf 82' lang='lat' dir='ltr'>qui</span> <span class='ocrx_word' id='word_1_281' title='bbox 565 3025 776 3098; x_wconf 86' lang='lat' dir='ltr'>rebuspnblieis</span> <span class='ocrx_word' id='word_1_282' title='bbox 796 3025 1028 3084; x_wconf 88' lang='lat' dir='ltr'>administrandis</span> <span class='ocrx_word' id='word_1_283' title='bbox 1042 3025 1169 3084; x_wconf 89' lang='lat' dir='ltr'>assident</span> 
     </span>
     <span class='ocr_line' id='line_1_35' title="bbox 127 3107 1170 3186; baseline 0.002 -20"><span class='ocrx_word' id='word_1_284' title='bbox 127 3123 183 3166; x_wconf 91' lang='lat' dir='ltr'>non</span> <span class='ocrx_word' id='word_1_285' title='bbox 201 3108 242 3166; x_wconf 91' lang='lat' dir='ltr'>sic</span> <span class='ocrx_word' id='word_1_286' title='bbox 256 3108 377 3182; x_wconf 90' lang='lat' dir='ltr'>propriis</span> <span class='ocrx_word' id='word_1_287' title='bbox 392 3107 665 3182; x_wconf 83' lang='lat' dir='ltr'>civibusoonsulere</span> <span class='ocrx_word' id='word_1_288' title='bbox 681 3109 803 3180; x_wconf 89' lang='lat' dir='ltr'>debent,</span> <span class='ocrx_word' id='word_1_289' title='bbox 820 3115 851 3168; x_wconf 89' lang='lat' dir='ltr'>ut</span> <span class='ocrx_word' id='word_1_290' title='bbox 866 3108 1025 3186; x_wconf 72' lang='lat' dir='ltr'>dilectionis</span> <span class='ocrx_word' id='word_1_291' title='bbox 1038 3125 1106 3181; x_wconf 79' lang='lat' dir='ltr'>erga</span> <span class='ocrx_word' id='word_1_292' title='bbox 1125 3124 1170 3168; x_wconf 91' lang='lat' dir='ltr'>re·</span> 
     </span>
     <span class='ocr_line' id='line_1_36' title="bbox 125 3193 1169 3267; baseline 0.003 -17"><span class='ocrx_word' id='word_1_293' title='bbox 125 3193 218 3266; x_wconf 85' lang='lat' dir='ltr'>liquos</span> <span class='ocrx_word' id='word_1_294' title='bbox 233 3194 380 3251; x_wconf 88' lang='lat' dir='ltr'>societates</span> <span class='ocrx_word' id='word_1_295' title='bbox 396 3194 620 3251; x_wconf 85' lang='lat' dir='ltr'>autuuiversum</span> <span class='ocrx_word' id='word_1_296' title='bbox 636 3193 785 3251; x_wconf 90' lang='lat' dir='ltr'>bominum</span> <span class='ocrx_word' id='word_1_297' title='bbox 795 3209 885 3267; x_wconf 81' lang='lat' dir='ltr'>genus</span> <span class='ocrx_word' id='word_1_298' title='bbox 901 3193 1115 3252; x_wconf 78' lang='lat' dir='ltr'>obliviscantur.</span> <span class='ocrx_word' id='word_1_299' title='bbox 1127 3194 1169 3254; x_wconf 82' lang='lat' dir='ltr'>dd</span> 
     </span>
     <span class='ocr_line' id='line_1_37' title="bbox 126 3278 1166 3356; baseline 0.005 -21"><span class='ocrx_word' id='word_1_300' title='bbox 126 3293 187 3336; x_wconf 91' lang='lat' dir='ltr'>rem</span> <span class='ocrx_word' id='word_1_301' title='bbox 202 3279 320 3336; x_wconf 87' lang='lat' dir='ltr'>Tullius:</span> <span class='ocrx_word' id='word_1_302' title='bbox 341 3301 351 3330; x_wconf 79' lang='grc' dir='ltr'>ι</span> <span class='ocrx_word' id='word_1_303' title='bbox 365 3278 417 3346; x_wconf 84' lang='lat' dir='ltr'>Qui</span> <span class='ocrx_word' id='word_1_304' title='bbox 436 3280 541 3356; x_wconf 86' lang='lat' dir='ltr'>civium</span> <span class='ocrx_word' id='word_1_305' title='bbox 562 3280 701 3338; x_wconf 90' lang='lat' dir='ltr'>rationem</span> <span class='ocrx_word' id='word_1_306' title='bbox 716 3281 815 3339; x_wconf 88' lang='lat' dir='ltr'>dicunt</span> <span class='ocrx_word' id='word_1_307' title='bbox 836 3280 1014 3354; x_wconf 89' lang='lat' dir='ltr'>habendam,</span> <span class='ocrx_word' id='word_1_308' title='bbox 1036 3293 1166 3341; x_wconf 83' lang='lat' dir='ltr'>externo</span> 
     </span>
     <span class='ocr_line' id='line_1_38' title="bbox 130 3364 1167 3439; baseline 0.004 -19"><span class='ocrx_word' id='word_1_309' title='bbox 130 3378 222 3421; x_wconf 75' lang='lat' dir='ltr'>trum</span> <span class='ocrx_word' id='word_1_310' title='bbox 243 3367 364 3436; x_wconf 79' lang='lat' dir='ltr'>negant3</span> <span class='ocrx_word' id='word_1_311' title='bbox 381 3364 412 3422; x_wconf 90' lang='lat' dir='ltr'>bi</span> <span class='ocrx_word' id='word_1_312' title='bbox 426 3365 564 3422; x_wconf 93' lang='lat' dir='ltr'>dirimunt</span> <span class='ocrx_word' id='word_1_313' title='bbox 583 3381 763 3423; x_wconf 91' lang='lat' dir='ltr'>communem</span> <span class='ocrx_word' id='word_1_314' title='bbox 785 3365 903 3424; x_wconf 91' lang='lat' dir='ltr'>bumani</span> <span class='ocrx_word' id='word_1_315' title='bbox 919 3365 1032 3439; x_wconf 87' lang='lat' dir='ltr'>generis</span> <span class='ocrx_word' id='word_1_316' title='bbox 1051 3366 1167 3426; x_wconf 88' lang='lat' dir='ltr'>socicta-</span> 
     </span>
     <span class='ocr_line' id='line_1_39' title="bbox 130 3447 1168 3523; baseline 0.009 -23"><span class='ocrx_word' id='word_1_317' title='bbox 130 3472 141 3500; x_wconf 72' lang='grc' dir='ltr'>ι</span> <span class='ocrx_word' id='word_1_318' title='bbox 159 3452 225 3519; x_wconf 85' lang='lat' dir='ltr'>tem,</span> <span class='ocrx_word' id='word_1_319' title='bbox 237 3463 294 3522; x_wconf 83' lang='lat' dir='ltr'>qua</span> <span class='ocrx_word' id='word_1_320' title='bbox 305 3447 432 3521; x_wconf 86' lang='lat' dir='ltr'>sublata;</span> <span class='ocrx_word' id='word_1_321' title='bbox 449 3447 645 3522; x_wconf 81' lang='lat' dir='ltr'>beneficentia,</span> <span class='ocrx_word' id='word_1_322' title='bbox 662 3449 827 3522; x_wconf 86' lang='lat' dir='ltr'>liberalitas,</span> <span class='ocrx_word' id='word_1_323' title='bbox 838 3449 960 3523; x_wconf 85' lang='lat' dir='ltr'>bouitas,</span> <span class='ocrx_word' id='word_1_324' title='bbox 977 3450 1087 3509; x_wconf 87' lang='lat' dir='ltr'>iustitia</span> <span class='ocrx_word' id='word_1_325' title='bbox 1100 3449 1168 3509; x_wconf 85' lang='lat' dir='ltr'>iun-</span> 
     </span>
     <span class='ocr_line' id='line_1_40' title="bbox 130 3531 1167 3608; baseline 0.009 -22"><span class='ocrx_word' id='word_1_326' title='bbox 130 3556 141 3586; x_wconf 78' lang='lat'>«</span> <span class='ocrx_word' id='word_1_327' title='bbox 158 3531 234 3590; x_wconf 91' lang='lat' dir='ltr'>ditus</span> <span class='ocrx_word' id='word_1_328' title='bbox 249 3532 367 3606; x_wconf 73' lang='lat' dir='ltr'>tollitur,</span> <span class='ocrx_word' id='word_1_329' title='bbox 381 3547 453 3606; x_wconf 89' lang='lat' dir='ltr'>quae</span> <span class='ocrx_word' id='word_1_330' title='bbox 468 3533 517 3608; x_wconf 91' lang='lat' dir='ltr'>qui</span> <span class='ocrx_word' id='word_1_331' title='bbox 538 3533 652 3608; x_wconf 89' lang='lat' dir='ltr'>tollunt,</span> <span class='ocrx_word' id='word_1_332' title='bbox 675 3533 761 3593; x_wconf 92' lang='lat' dir='ltr'>etiam</span> <span class='ocrx_word' id='word_1_333' title='bbox 783 3534 918 3593; x_wconf 83' lang='lat' dir='ltr'>adsersus</span> <span class='ocrx_word' id='word_1_334' title='bbox 932 3534 1004 3592; x_wconf 87' lang='lat' dir='ltr'>Deos</span> <span class='ocrx_word' id='word_1_335' title='bbox 1023 3535 1167 3596; x_wconf 83' lang='lat' dir='ltr'>immorta-</span> 
     </span>
     <span class='ocr_line' id='line_1_41' title="bbox 130 3615 1165 3692; baseline 0.012 -22"><span class='ocrx_word' id='word_1_336' title='bbox 130 3639 140 3670; x_wconf 75' lang='grc' dir='ltr'>ι</span> <span class='ocrx_word' id='word_1_337' title='bbox 158 3616 199 3676; x_wconf 85' lang='lat' dir='ltr'>les</span> <span class='ocrx_word' id='word_1_338' title='bbox 214 3617 295 3690; x_wconf 93' lang='lat' dir='ltr'>impii</span> <span class='ocrx_word' id='word_1_339' title='bbox 310 3615 454 3676; x_wconf 89' lang='lat' dir='ltr'>iudicandi</span> <span class='ocrx_word' id='word_1_340' title='bbox 468 3622 544 3692; x_wconf 90' lang='lat' dir='ltr'>sunt,</span> <span class='ocrx_word' id='word_1_341' title='bbox 561 3618 647 3678; x_wconf 90' lang='lat' dir='ltr'>abiis</span> <span class='ocrx_word' id='word_1_342' title='bbox 662 3619 740 3677; x_wconf 91' lang='lat' dir='ltr'>euim</span> <span class='ocrx_word' id='word_1_343' title='bbox 750 3619 932 3678; x_wconf 83' lang='lat' dir='ltr'>constitutam</span> <span class='ocrx_word' id='word_1_344' title='bbox 946 3619 1021 3678; x_wconf 87' lang='lat' dir='ltr'>iuter</span> <span class='ocrx_word' id='word_1_345' title='bbox 1034 3619 1165 3682; x_wconf 87' lang='lat' dir='ltr'>bomines</span> 
     </span>
     <span class='ocr_line' id='line_1_42' title="bbox 130 3702 1167 3780; baseline 0.009 -18"><span class='ocrx_word' id='word_1_346' title='bbox 130 3722 140 3754; x_wconf 82' lang='grc' dir='ltr'>ι</span> <span class='ocrx_word' id='word_1_347' title='bbox 157 3702 320 3764; x_wconf 87' lang='lat' dir='ltr'>societatem</span> <span class='ocrx_word' id='word_1_348' title='bbox 334 3707 465 3764; x_wconf 81' lang='lat' dir='ltr'>evertunt</span> <span class='ocrx_word' id='word_1_349' title='bbox 480 3705 530 3768; x_wconf 80' lang='lat' dir='ltr'>t.»</span> <span class='ocrx_word' id='word_1_350' title='bbox 548 3703 637 3765; x_wconf 89' lang='lat' dir='ltr'>immo</span> <span class='ocrx_word' id='word_1_351' title='bbox 653 3705 759 3769; x_wconf 85' lang='lat' dir='ltr'>verosi</span> <span class='ocrx_word' id='word_1_352' title='bbox 779 3704 873 3780; x_wconf 85' lang='lat' dir='ltr'>civilis</span> <span class='ocrx_word' id='word_1_353' title='bbox 892 3705 1011 3768; x_wconf 88' lang='lat' dir='ltr'>societas</span> <span class='ocrx_word' id='word_1_354' title='bbox 1026 3705 1063 3767; x_wconf 91' lang='lat' dir='ltr'>ad</span> <span class='ocrx_word' id='word_1_355' title='bbox 1076 3705 1167 3771; x_wconf 85' lang='lat' dir='ltr'>bomi-</span> 
     </span>
    </p>
   </div>
   <div class='ocr_carea' id='block_1_5' title="bbox 170 3881 488 3956">
    <p class='ocr_par' dir='ltr' id='par_1_8' title="bbox 170 3881 488 3956">
     <span class='ocr_line' id='line_1_43' title="bbox 170 3881 488 3956; baseline 0.006 -20"><span class='ocrx_word' id='word_1_356' title='bbox 170 3881 326 3954; x_wconf 67' lang='lat' dir='ltr'>¹rnoopuo</span> <span class='ocrx_word' id='word_1_357' title='bbox 335 3885 352 3936; x_wconf 93' lang='lat'>1.</span> <span class='ocrx_word' id='word_1_358' title='bbox 368 3885 409 3956; x_wconf 92' lang='lat' dir='ltr'>m,</span> <span class='ocrx_word' id='word_1_359' title='bbox 420 3901 441 3937; x_wconf 71' lang='lat' dir='ltr'>e.</span> <span class='ocrx_word' id='word_1_360' title='bbox 458 3883 488 3946; x_wconf 78' lang='lat' dir='ltr'>n</span> 
     </span>
    </p>
   </div>
   <div class='ocr_carea' id='block_1_6' title="bbox 0 0 1389 4492">
    <p class='ocr_par' dir='ltr' id='par_1_9' title="bbox 0 0 1389 4492">
     <span class='ocr_line' id='line_1_44' title="bbox 0 0 1389 4492; baseline 0 0"><span class='ocrx_word' id='word_1_361' title='bbox 0 0 1389 4492; x_wconf 95' lang='lat' dir='ltr'> </span> 
     </span>
    </p>
   </div>
  </div>
 </body>
</html>
