2767 4492
430 352 868 422 susannem-samonem
1117 352 1169 419 lsl

129 465 228 538 pterea
238 457 314 536 quod
329 459 366 520 ad
379 459 475 534 ipsum
489 459 562 517 nihil
576 459 665 518 deest.
681 459 730 516 His
741 459 889 531 stantibus,
900 458 1172 530 evidenterapparet

131 547 230 606 adesse
246 545 447 604 dictationem
462 539 607 602 electionis
626 541 816 602 sullicieutem
831 558 867 602 ex
882 549 963 616 parte
981 547 1044 601 tum
1068 539 1173 600 obiecti

131 636 193 690 tum
207 629 337 690 subiecti.
355 631 386 689 ln
400 628 511 688 obiecto
525 627 603 686 euim
618 627 782 686 estbonitas
791 641 903 700 semper
912 627 1017 701 aliqua,
1033 641 1107 702 quae
1116 625 1173 685 stri·

131 715 191 774 ficit
206 715 242 774 ad
256 715 413 790 appetitum
427 713 633 773 inclinandum.
650 711 682 770 ln
692 710 820 769 subiecto
830 714 874 768 est
887 711 1055 770 visactuosa
1074 715 1104 771 et
1117 710 1173 770 ele·

131 800 215 872 ctiva,
237 815 310 875 quae
324 797 500 857 voluntatem
520 811 571 872 pro
586 793 677 854 lubitu
692 793 729 854 ad
743 793 908 853 alterutram
922 794 1044 867 optionis
1062 800 1175 869 partem

132 885 322 944 determinare
336 887 438 957 potest,
455 895 598 956 quaeque,
615 895 648 940 eo
657 879 804 953 ipsoquod
818 878 937 966 electiva
943 878 1174 959 estpjudillerene

131 969 251 1043 requirit
260 967 414 1027 obiectum.
968 968 972 977 ·

170 1051 259 1112 Obiic.
277 1052 320 1111 vt.
332 1049 603 1126 Voluntaspotentia
617 1049 820 1124 quaedamcst.
831 1045 914 1122 Atqul
923 1047 1172 1124 potentiautegat,

132 1136 311 1197 extrinsecus
319 1139 382 1209 eget
391 1135 585 1208 determinari,
597 1133 736 1208 quldquid
748 1137 844 1192 autem
858 1132 1036 1194 erumsecm
1045 1131 1178 1194 determi-

132 1231 218 1280 natur
232 1233 291 1280 nou
306 1223 348 1279 est
362 1219 494 1278 libemm.
507 1211 579 1290 llr'go
593 1217 724 1276 voluntas
737 1231 795 1276 non
810 1221 854 1275 est
867 1215 968 1277 libera.

170 1305 253 1378 ltesp.
270 1303 343 1362 illst.
359 1301 464 1361 litator.
480 1301 615 1360 Voluntas
629 1300 757 1374 potentia
771 1301 814 1359 es't
828 1300 920 1359 actim
933 1299 963 1360 e't
978 1299 1069 1361 libera
1082 1315 1181 1378 eoam

134 1381 220 1448 me're'
233 1388 356 1461 passiva,
372 1385 655 1460 erpoinus-Duplex
671 1384 814 1458 potentiae
828 1397 920 1458 mnus
943 1384 1183 1446 considerandum

135 1477 195 1534 est:
212 1487 260 1544 ea,
277 1485 364 1545 quam
377 1468 521 1545 passivam
534 1469 691 1542 nominant,
709 1481 839 1543 quaeque
853 1483 912 1528 non
926 1467 1010 1528 otlert
1022 1469 1184 1544 niei'perle·

135 1555 239 1617 ctionis
254 1555 403 1615 cuiusdam
418 1553 615 1630 suscipiendae
630 1555 817 1628 capacitatem
832 1552 1004 1627 temmmodl
1018 1561 1062 1614 est
1075 1567 1123 1614 ex.
1139 1569 1182 1629 gr.

135 1655 263 1701 marmor
277 1639 369 1715 quood
384 1639 616 1710 rotunditatemt,·
631 1641 659 1696 et
673 1637 780 1712 actim,
797 1653 871 1713 quae
885 1639 929 1698 vis
944 1639 1085 1713 quaedam
1098 1645 1144 1699 est
1157 1643 1186 1700 et

135 1726 310 1802 principium
321 1723 439 1783 actionis
450 1722 615 1781 eliciendae.
628 1722 765 1796 Superior
773 1721 903 1784 libertate
912 1737 972 1783 non
982 1723 1096 1798 gaudet,
1104 1722 1185 1798 qrrip·

135 1827 172 1885 pe
187 1825 260 1884 quae
274 1808 408 1868 exteriori
424 1807 564 1881 principio
586 1812 649 1879 eget
665 1823 682 1864 a
697 1821 753 1880 quo
768 1807 980 1866 determinetur.
1003 1810 1036 1866 lt
1049 1809 1188 1882 posterior

136 1894 275 1952 dividitur
290 1893 318 1951 in
341 1890 534 1951 necessariam
548 1895 577 1949 et
591 1890 728 1963 liberam,
747 1897 832 1964 prout
846 1891 908 1952 eius
926 1893 1051 1965 operatio
1065 1908 1083 1950 a
1096 1892 1187 1953 detor-

137 1979 294 2037 minatlone
309 1982 448 2048 naturae,
466 1974 510 2033 vel
527 1974 563 2032 ab
578 1973 668 2048 ipsius
683 1975 826 2048 potentiae
840 1975 978 2035 electione
992 1976 1128 2050 procedit.
1145 1977 1188 2036 ld

138 2061 190 2120 boc
205 2061 338 2120 ultimum
353 2073 443 2133 genus
457 2059 581 2132 pertinet
595 2057 722 2116 bumana
736 2057 881 2132 voluntas,
901 2063 934 2117 ut
951 2065 1121 2133 argtsmenta
1135 2061 1186 2120 ed·

138 2145 223 2203 ducta
237 2145 368 2217 superius
381 2143 540 2201 luculenter
559 2143 720 2200 ostendunt.

176 2227 265 2286 Obilc.
283 2227 335 2285 tu.
346 2226 387 2299 ld,
398 2225 474 2298 quod
488 2224 634 2298 praeviam
647 2225 774 2298 aliquam
788 2227 980 2287 conditionem
993 2227 1188 2290 necessariam

141 2311 279 2385 sequitur,
291 2311 386 2384 ipsum
400 2323 512 2384 proque
526 2309 726 2368 necessitatem
741 2310 843 2370 induit.
858 2312 941 2387 Amul
952 2313 1078 2374 actiones
1089 2315 1190 2373 burna·

141 2409 197 2455 nee
211 2399 424 2468 consequuntur
438 2393 566 2452 urinam
581 2393 748 2468 scientiam,
764 2407 838 2470 quae
859 2403 975 2458 aeterm
989 2403 1033 2457 est
1052 2403 1082 2456 et
1094 2411 1192 2458 neces·

142 2480 228 2540 saria
246 2481 318 2554 ltrgo
332 2478 492 2538 absolutam
508 2479 654 2538 continent
668 2481 877 2540 necessitatem.

178 2564 403 2638 despectiones
418 2564 561 2622 humanae
576 2569 735 2638 sequuntur
748 2565 877 2625 divinam
891 2563 1041 2624 solentiam
1051 2579 1110 2624 non
1120 2569 1191 2626 tam·

144 2663 230 2723 quam
246 2649 364 2708 euectus
378 2649 415 2707 ab
431 2663 466 2708 ea
481 2649 681 2718 determinati,
699 2649 749 2708 sed
764 2657 900 2724 anquam
921 2655 1040 2709 eventus
1058 2649 1194 2710 infallibi-

142 2733 207 2793 liter
221 2734 355 2808 praevisi.
373 2735 464 2802 Quare
479 2735 628 2793 duratione
645 2749 705 2791 non
719 2734 955 2793 determinatione
975 2735 1012 2792 ab
1030 2749 1066 2792 ea
1078 2749 1193 2808 praece·

143 2819 257 2878 duntur.
273 2820 424 2878 duratione
439 2819 565 2892 quidem,
582 2819 651 2891 quia
664 2816 714 2874 Dei
729 2818 852 2889 cognitio
867 2824 982 2876 aeterna
996 2823 1048 2889 eet,
1064 2822 1094 2875 et
1108 2819 1194 2878 actio·

142 2919 194 2962 nes
208 2904 351 2960 humanae
361 2902 530 2973 contingunt
541 2902 571 2958 in
582 2906 718 2970 tempore.
735 2899 795 2957 lton
810 2912 878 2959 vero
890 2899 1136 2975 determinatione
1154 2902 1192 2962 si·

144 2986 260 3060 quidem
276 2999 334 3041 non
349 2985 417 3055 quia
433 2983 506 3040 lleus
521 2982 608 3052 norit,
627 2982 753 3039 acdones
767 2982 910 3041 bumauae
924 2983 1036 3043 loturae
1051 2988 1126 3058 suut3
1143 2985 1195 3044 sed

145 3069 214 3144 quia
224 3066 337 3125 futurae
348 3069 432 3136 sunt,
453 3064 516 3121 ideo
530 3063 593 3120 illas
609 3062 735 3138 Deusab
748 3065 913 3124 aeternitate
930 3067 1018 3127 novit.
1039 3069 1099 3136 Qua
1117 3069 1149 3128 in
1162 3082 1195 3128 re

145 3165 230 3210 nemo
240 3163 298 3207 non
307 3147 384 3207 ridet
397 3161 450 3205 nos
466 3147 511 3204 bic
526 3147 561 3204 de
574 3145 633 3205 sola
648 3146 767 3207 scientia
781 3149 868 3223 loom,
881 3165 969 3225 otram
982 3152 1105 3211 obtenta
1120 3153 1196 3210 tbeo·

146 3234 204 3308 logi
219 3232 371 3307 appellant
387 3231 461 3289 banc
475 3230 553 3288 enlm
568 3229 658 3304 mugit
667 3229 830 3292 dittlcultas.
846 3233 896 3293 llla
906 3241 1002 3294 autem
1012 3249 1086 3308 quae
1095 3249 1195 3294 rerum

148 3321 309 3379 luturarum
323 3315 587 3376 determinationem
598 3316 751 3390 praecedit,
765 3333 894 3393 quaeque
905 3319 951 3378 rel
960 3317 1103 3394 simplicis
1112 3319 1196 3378 tatol-

150 3403 285 3479 lipcnte‘ao
294 3403 339 3462 vel
348 3401 548 3462 conditionate
562 3401 734 3476 nominatum
751 3408 930 3477 praesentem
940 3403 1128 3464 obtectionem
1138 3415 1196 3466 non

149 3489 271 3564 attingit,
287 3489 378 3561 deque
396 3487 459 3561 ipsa
472 3487 504 3546 in
519 3485 659 3560 theologia
672 3487 796 3549 naturali
810 3488 992 3549 disseremus.
