2767 4492
430 383 825 432 1111111111-1111111111
1115 372 1151 432 ts

107 467 207 528 abacto
221 465 404 542 concipiatur,
416 466 498 526 cuius
508 466 681 527 adminiculo
696 469 835 528 actionem
846 468 976 527 emittere
989 470 1018 526 et
1032 468 1151 528 eiiecbrs

106 553 215 627 aliquos
237 551 353 626 gignere
376 551 479 611 valeat.
506 551 624 620 Quodsi
639 551 805 625 complexus
823 554 953 612 omnium
967 554 1150 636 1111111111-

106 638 273 696 stantiarum
291 636 448 710 cogitetur,
475 638 543 696 tunc
560 636 591 695 id
609 635 763 695 habebitur
781 637 856 710 quod
878 638 995 698 nomine
1018 645 1149 698 cataroe

104 721 258 780 1111111111
272 719 460 794 significatur.
476 771 478 778 ,

137 807 283 880 Agedum
310 806 413 870 barum
437 805 661 866 substantiarum
679 805 817 878 effectos,
842 805 902 864 sire
917 821 955 864 ex
969 807 1068 866 ordine
1081 823 1148 868 ena·

103 897 219 950 scantur
232 907 250 949 a
262 889 319 948 Deo
333 889 419 949 rebus
432 890 584 964 imposito,
602 891 662 949 sive
678 905 696 948 e
710 889 819 948 viribus
835 900 873 947 cx
894 890 1019 948 essentia
1033 907 1149 951 manan-

103 976 187 1050 tibus,
204 975 394 1034 constantiam
408 989 530 1049 serrare,
551 982 579 1034 et
594 975 681 1034 simili
696 975 780 1033 modo
794 974 898 1047 iugiter
910 976 1038 1034 accidere
1053 978 1148 1050 esple-

101 1069 197 1118 ratnm
210 1056 362 1134 ratumque
376 1065 427 1118 eet.
444 1060 490 1123 Sic
505 1061 601 1134 ignem
615 1066 751 1134 perpetuo
766 1060 936 1132 calefacere,
960 1059 1018 1118 diei
1034 1066 1149 1120 noctem

101 1146 264 1220 succedere,
280 1145 416 1206 diurnum
430 1146 497 1205 solis
511 1161 626 1204 cursum
640 1151 762 1218 quatmr
776 1149 805 1202 et
818 1143 918 1216 vigint
934 1145 1072 1203 horarum
1085 1161 1148 1220 spa·

101 1229 140 1288 tio
157 1230 284 1305 absolvi,
301 1236 483 1305 tempestates
507 1231 630 1303 1111111,
647 1229 744 1303 grado
755 1228 907 1288 lenioribus
921 1229 1061 1306 subesse,
1081 1231 1149 1291 alia-

100 1329 156 1389 qus
178 1323 314 1376 sexcenta
334 1319 438 1375 borum
456 1315 562 1374 similia
582 1315 748 1389 experimur
769 1315 890 1374 assidue.
922 1316 1039 1390 concipi
1062 1316 1150 1389 igitm

98 1407 221 1474 possunt
232 1415 330 1459 rerum
344 1401 556 1458 mundanarum
580 1400 656 1459 11111
669 1399 747 1458 velut
760 1401 869 1458 normis
889 1400 1062 1473 quibusdam
1082 1415 1150 1474 quo·

99 1484 253 1542 dammodo
269 1488 439 1557 temperatae
454 1487 483 1542 et
497 1483 620 1542 (11111111
636 1527 644 1552 ,
670 1488 703 1542 ut
725 1489 888 1542 constanter
907 1489 1071 1557 operentur.
1091 1484 1150 1542 Hae

98 1569 188 1642 igitur
202 1583 342 1643 normae,
373 1583 424 1628 seu
438 1569 533 1642 potius
552 1569 630 1642 ipsae
645 1583 744 1627 rerum
768 1574 930 1627 creatarum
948 1569 1043 1637 vires,
1066 1572 1151 1642 prout

99 1653 271 1712 constitutae
284 1658 350 1712 sunt
364 1653 400 1711 ed
415 1652 545 1711 similiter
560 1653 746 1726 operandum,
764 1653 836 1726 tepeo
854 1661 985 1711 caturae
998 1651 1149 1711 nominan-

99 1739 156 1795 tur.
173 1737 236 1811 lpse
250 1741 345 1796 eutem
370 1743 503 1796 constans
527 1735 629 1795 modus
646 1735 751 1794 herum
766 1738 910 1796 acdonnm
925 1751 1013 1811 seque
1036 1737 1072 1794 dd
1085 1751 1150 1810 pro

97 1821 319 1895 positumlinem
332 1821 498 1895 collineans,
514 1820 586 1879 ordo
601 1827 732 1879 coturno
746 1820 833 1879 ondit.
850 1820 976 1894 Denique
990 1835 1148 1895 consequu-

100 1905 300 1965 tioellectuum
311 1913 477 1966 constanter
486 1921 504 1964 a
513 1909 709 1965 creaturarum
719 1905 828 1964 11111111
835 1906 1032 1966 enascentium
1041 1919 1147 1964 corsus

98 1997 227 2049 caturco
241 1999 434 2066 nuncupatur.

132 2075 178 2135 10.
195 2073 266 2134 Η111
281 2075 414 2134 distincte
429 2075 546 2134 effectus
560 2075 699 2134 naturalis
720 2080 749 2134 et
761 2075 983 2150 supernaturalis
1002 2073 1079 2136 notio
1093 2074 1148 2134 for·

98 2169 209 2218 matur.
226 2161 336 2219 Primus
355 2160 433 2219 enim
458 2159 483 2218 is
502 2160 622 2232 dieitur,
639 2161 687 2232 qui
706 2175 838 2219 ererum
858 2166 1018 2219 creatarum
1039 2159 1148 2220 viribus

97 2244 219 2316 emergit
231 2244 387 2302 secundum
401 2243 479 2316 leges
495 2250 613 2302 naturae
628 2243 826 2316 operantium,
844 2245 919 2303 sicut
939 2245 1035 2319 lapsus
1050 2259 1147 2318 corpo·

97 2327 138 2386 ris
153 2342 210 2386 non
226 2327 343 2386 suffulti.
360 2329 435 2387 Alter
449 2343 516 2386 vero
532 2327 649 2386 edoctus
662 2327 710 2385 ille
726 2334 782 2401 est,
803 2329 853 2402 qui
867 2345 885 2386 a
900 2335 1094 2387 creaturarum
1108 2326 1148 2386 11

97 2411 179 2470 ribus
195 2411 237 2470 vel
252 2411 428 2470 nullomodo
446 2411 492 2470 111
512 2411 552 2469 ita
565 2406 816 2485 proficiscitur,'ut
836 2412 913 2484 leges
929 2423 1046 2470 naturae
1061 2412 1148 2482 impo

97 2496 168 2556 sitas
183 2511 238 2554 non
252 2503 396 2570 sequatur.
411 2496 502 2564 Quare
513 2503 562 2555 aut
575 2511 660 2555 none
675 2497 778 2557 virtute
789 2498 911 2556 naturali
921 2503 949 2554 et
959 2498 1071 2553 interna
1081 2508 1148 2551 cau·

97 2595 145 2639 sce
161 2587 272 2640 crestae
292 2582 342 2640 sed
356 2581 392 2640 ab
411 2581 553 2642 alliciente
568 2582 689 2656 quodam
713 2589 848 2654 externo,
875 2579 950 2654 quod
963 2579 994 2637 in
1015 2583 1148 2637 naturam

96 2665 260 2724 universam
274 2665 449 2740 dominetur,
468 2666 596 2726 exoritur
611 2665 786 2741 (cuiusmodi
805 2671 880 2724 esset
893 2664 1042 2739 repentina
1056 2664 1148 2724 scien-

98 2749 201 2810 tiarum
215 2751 342 2826 adeptio,
364 2751 456 2826 qualis
472 2751 501 2810 in
517 2757 715 2826 protoparente
732 2750 878 2822 contigit);
897 2756 977 2806 anta
996 2747 1147 2806 11111111-

96 2849 151 2906 qua
166 2841 261 2892 creata
274 2837 419 2908 procedit,
432 2836 483 2893 sed
494 2841 578 2908 prout
591 2835 640 2890 illa
655 2843 788 2905 operatur
799 2842 943 2902 tamquam
953 2831 1002 2887 Dei
1016 2831 1148 2886 ministra

96 2924 207 2990 praeter
221 2919 434 2978 constabilitum
449 2927 569 2976 naturae
585 2915 728 2984 ordinem,
741 2914 819 2971 velut
832 2915 857 2970 si
872 2913 991 2984 angelus
1005 2913 1041 2969 ad
1056 2911 1147 2969 bomi-

96 3016 164 3061 nem
182 3018 198 3060 e
218 3001 339 3059 vinculis
363 3000 558 3067 liberandum,
582 3003 613 3054 ot
629 2998 657 3053 u.
675 2997 756 3053 Petro
774 2997 893 3067 accidit,
914 2997 1084 3056 mitteretur.
1106 2995 1147 3055 Eu

95 3101 152 3159 quo
167 3083 336 3154 intelligitur
349 3081 483 3138 ellectum
498 3079 639 3138 eiusmodi
653 3085 785 3136 naturam
793 3081 932 3138 excedere
947 3097 1029 3154 posse
1042 3081 1088 3139 111
1097 3080 1147 3138 ab·

95 3163 400 3236 soloecismorum
416 3179 465 3222 teu
483 3163 526 3221 vel
538 3161 634 3236 quoad
646 3163 690 3220 rei
704 3162 793 3236 ipsius
807 3165 1012 3238 substantiam,
1029 3165 1071 3222 vel
1086 3171 1147 3220 tan·

98 3257 159 3312 tum
174 3252 267 3326 quoad
277 3249 423 3308 constituti
437 3249 545 3308 ordinis
559 3247 742 3322 exigentiam.
761 3247 819 3307 ilrit
836 3249 964 3308 absolute
979 3255 1147 3322 supernatu-

98 3338 175 3410 ralis,
193 3335 217 3396 si
232 3335 297 3395 telis
308 3335 360 3408 sit,
377 3337 434 3392 ute
449 3335 551 3393 creetis
560 3333 669 3393 viribus
684 3349 736 3407 per
749 3349 779 3392 se
790 3334 866 3392 ellici
881 3340 1018 3409 nequest3
1036 3333 1090 3391 erit
1100 3347 1146 3390 su·

99 3419 288 3492 pematuralis
305 3417 432 3488 relative,
449 3419 474 3478 si
486 3418 578 3494 quoad
592 3419 741 3494 physicam
755 3417 985 3478 reiellectionem
996 3417 1153 3490 procedere·

97 3501 132 3562 ab
146 3505 287 3564 efficiente
308 3503 403 3578 abque
418 3511 513 3563 creato
528 3504 630 3578 possit,
652 3508 681 3562 at
699 3503 767 3578 quia
781 3503 931 3562 constituto
949 3501 1044 3560 ordini
1062 3513 1155 3577 oppo‘

101 3587 192 3660 nitur,
213 3589 329 3648 nonnisi
344 3588 443 3648 Divino
453 3589 572 3662 imperio
587 3587 615 3648 e't
629 3587 773 3647 uoluntate
787 3589 940 3661 contingat.

135 3673 283 3748 1111111
303 3679 335 3732 ut
348 3680 409 3732 tum
422 3673 471 3746 iis,
489 3689 561 3747 quae
577 3673 753 3745 dictasunt,
771 3678 831 3731 tum
844 3672 896 3743 iis,
912 3686 985 3746 quae
1004 3670 1143 3746 dicentur,

102 3753 153 3812 lux
166 3759 256 3816 maior
270 3755 398 3830 accedst;
416 3759 472 3816 duo
485 3757 609 3818 breviter
634 3757 809 3816 enucleanda
827 3761 927 3827 erunt,
943 3771 1063 3828 quorum
1077 3757 1145 3815 alte·

102 3853 167 3898 rum
181 3843 321 3901 mundani
343 3842 449 3902 ordinis
463 3844 679 3915 necessitatem,
709 3842 829 3900 alterum
849 3842 1003 3914 rationem,
1024 3856 1081 3915 qua
1094 3857 1145 3898 na·

104 3925 207 3986 trustes
221 3926 338 3986 effeetus
353 3927 615 4000 supernaturalibus
624 3926 759 3987 contrarii
769 3926 839 3998 sint,
855 3926 978 3999 respicit.
997 3925 1030 3986 lit
1043 3925 1078 3985 ad
1088 3924 1144 3996 pri·
