2767 4492
19 11 144 98 Γ

383 309 458 354 runs
472 309 823 358 mrum-narmonocn
1072 297 1125 357 205

87 400 163 455 turae
176 395 244 454 ordo
258 396 287 452 et
301 393 398 452 animo
412 395 532 454 nocivus
550 393 701 453 habeatur.
727 394 770 454 ΙΙΙ.
796 396 906 455 iunctio
921 395 1011 457 animi
1025 400 1054 455 et
1067 413 1127 458 cor-

85 481 160 555 poris
173 495 225 556 pro
240 480 384 554 praesenti
400 485 474 539 statu
490 495 549 540 non
566 480 723 538 secundum
743 487 876 540 naturam
891 481 1052 556 accideret,
1077 484 1127 542 sed
1217 473 1223 488 ¹

87 570 262 624 monstruose
277 569 304 621 et
318 563 471 623 incondite.
488 565 559 624 Nam
575 563 651 637 quod
670 564 800 622 naturale
814 570 872 638 est,
888 566 919 624 id
933 567 964 626 in
977 567 1086 626 bonum
1099 571 1129 626 et

86 645 307 708 emolumentum
323 648 397 706 cedit
411 649 543 722 subiecti,
553 653 581 706 et
592 647 710 722 crudem
721 647 814 721 quoad
824 654 935 723 partem
945 651 1126 726 nobiliorem,

19 735 20 776 1
87 749 158 807 qnae
182 733 294 807 proprie
317 737 346 790 et
365 733 492 791 maxime
515 732 723 807 perfectionem
743 733 807 790 elus
829 733 951 806 attingit.
968 736 1001 792 tt
1018 751 1085 794 vero
1098 736 1130 794 in

19 829 20 836 ¹
86 817 206 876 Platonis
229 817 371 876 sententia
387 818 501 876 animus
524 819 577 876 etsi
591 833 649 876 non
665 816 759 892 quoad
779 832 899 890 seusus,
919 823 1015 876 tamen
1038 821 1129 893 quoad

86 902 315 976 intelligentiam,
327 917 401 975 qnae
411 903 659 976 praestantissima
670 902 790 960 facultas
799 907 851 974 est,
865 917 902 959 ex
911 901 1055 961 iunctione
1065 919 1131 962 cum

88 1001 203 1060 corpore
218 987 301 1044 ratde
319 985 482 1044 debilitatur
496 992 524 1045 et
538 986 720 1059 deprimitur3
739 985 880 1058 siquidem
895 986 994 1058 sopitis
1008 991 1038 1046 et
1051 987 1134 1060 quasi

85 1069 202 1144 pulvere
220 1071 345 1144 quodam
360 1069 489 1129 obductis
503 1071 584 1143 ideis,
597 1086 632 1128 ea
646 1065 884 1144 contemplatione
893 1071 1030 1145 privatur,
1046 1086 1133 1144 quarn

91 1159 157 1214 ante
171 1170 223 1229 per
239 1155 354 1214 innatas
367 1153 445 1213 ideas
460 1156 574 1214 sortitus
589 1161 659 1214 erat.

591 1321 624 1381 ll.

229 1489 369 1549 ltottoltur
385 1498 515 1564 apotamo
530 1489 738 1550 Cortosiuuauu
756 1499 783 1550 et
802 1489 992 1564 Wolfiouuur.

125 1657 186 1717 tto.
206 1659 247 1717 td
262 1658 437 1722 Gartesianos
453 1659 527 1732 quod
544 1659 663 1732 attinet,
681 1659 809 1734 ipsorum
827 1660 923 1734 opinio
943 1659 1023 1718 nulla
1036 1660 1138 1734 proba-

85 1742 139 1802 bili
154 1744 264 1803 ratione
278 1744 402 1803 fulcitur.
416 1745 485 1803 Num
498 1743 572 1818 quod
584 1743 790 1802 intellectuales
800 1744 881 1803 ideae
891 1750 1036 1818 nequeant
1049 1761 1066 1802 a
1077 1759 1139 1803 sen·

87 1827 168 1886 sibus
183 1828 322 1901 originem
337 1829 450 1901 ducere,
470 1827 501 1886 id
516 1829 649 1887 sensismi
665 1834 860 1887 commentum
870 1829 979 1902 evertit,
997 1829 1047 1887 sed
1061 1828 1140 1887 ideas

87 1911 202 1971 innatas
222 1927 283 1972 esse
305 1901 425 1972 minime
443 1912 553 1986 prohat.
579 1913 619 1970 td
634 1912 698 1970 ilias
712 1912 791 1970 enim
811 1913 842 1970 in
867 1912 996 1971 auianum
1012 1912 1140 1972 introdu-

88 1997 194 2054 cendas
209 1997 311 2070 oppido
328 1996 434 2055 suflicit
449 1996 532 2054 altior
547 1996 687 2070 quaedam
703 1996 907 2069 intelligentiae
921 1997 975 2069 ris,
992 2011 1065 2070 qnae
1079 2011 1141 2054 sen·

89 2077 247 2139 sationibus
262 2080 372 2153 positia,
389 2081 468 2137 ideas
483 2080 621 2152 producat
634 2080 665 2138 in
681 2080 788 2138 animo.
806 2080 885 2147 Onod
899 2095 956 2152 qua
969 2081 1080 2139 ratione
1094 2095 1141 2138 ex·

89 2165 258 2236 plicandnm
273 2164 319 2234 sit,
341 2163 441 2220 ultimo
456 2163 517 2221 loco
532 2163 651 2234 dicetur,
673 2179 767 2237 neque
780 2163 828 2220 hle
841 2163 1002 2236 importune
1017 2170 1142 2237 euener-

90 2247 196 2304 tendus
210 2251 252 2304 est
268 2247 344 2304 ordo·
370 2246 401 2305 lu
416 2246 595 2320 philosophia
610 2259 677 2304 vero
691 2253 723 2304 nt
736 2247 808 2305 nihil
824 2262 958 2307 mancum
972 2253 1001 2308 et
1013 2265 1072 2308 non
1085 2249 1142 2306 sni·

89 2330 211 2401 licions,
234 2329 276 2387 sic
297 2328 370 2387 nihil
387 2343 631 2403 supervacaneum
646 2335 675 2388 et
688 2331 852 2390 redundans
867 2333 1074 2391 admittendum
1089 2337 1140 2390 est.

89 2415 183 2486 Atque
197 2413 269 2470 haec
284 2412 414 2470 idearum
431 2413 595 2472 innotarum
613 2414 693 2473 nulla
718 2416 874 2475 necessitas
890 2418 961 2476 adeo
976 2416 1031 2490 ipsi
1049 2415 1145 2472 illuxit

90 2496 236 2570 Cartesio,
259 2501 290 2555 ut
305 2496 505 2556 obiicientihns
520 2504 618 2572 aperte
639 2501 836 2573 responderit,
857 2517 887 2560 se
901 2515 1001 2559 earum
1016 2499 1145 2555 idearum

90 2581 212 2642 nomine
227 2595 285 2640 non
301 2581 377 2640 alind
392 2581 576 2657 intellexisse,
590 2584 645 2642 nisi
660 2585 825 2644 facultatem
839 2599 911 2658 quae
926 2585 1005 2642 ideas
1019 2582 1144 2654 eliceret,

89 2682 150 2725 nou
167 2681 234 2724 vero
250 2667 327 2740 ipsas
341 2666 420 2725 ideas
435 2668 591 2728 formaliter
607 2674 748 2743 acceptas.
771 2670 817 2727 Sic
832 2669 910 2726 enim
924 2666 1027 2740 inquit:
1052 2665 1147 2724 «dum

94 2775 105 2802 a
126 2751 166 2809 ait
181 2755 306 2809 mentem
321 2766 380 2808 non
395 2751 523 2824 indigere
543 2753 615 2811 ideis
635 2753 679 2810 vel
698 2751 864 2810 notionibus
885 2751 931 2809 vel
952 2749 1147 2808 axiomatibus

95 2859 105 2885 u
124 2835 241 2906 innatis,
265 2839 293 2891 et
307 2835 422 2892 iuterim
438 2836 465 2893 ei
480 2835 645 2892 fucultatem
660 2833 804 2904 cogitandi
819 2833 948 2891 concedit
968 2833 1055 2906 (puta
1067 2837 1148 2889 natu-

94 2941 105 2969 «
122 2917 216 2975 ralem
230 2916 290 2973 siro
305 2915 459 2986 innatam),
476 2932 506 2973 re
522 2917 648 2972 aillrmat
661 2915 747 2986 plane
761 2915 838 2972 idem
853 2916 927 2987 quod
943 2931 1005 2988 ego,
1024 2915 1074 2973 sed
1086 2929 1148 2973 rcr-

96 3025 106 3051 t
124 3001 165 3058 bo
180 3001 274 3068 negat.
297 2997 356 3054 Non
371 2998 449 3052 enim
464 3011 591 3068 tunquam
607 2996 709 3067 scripsi
718 2989 768 3054 'vel
784 2998 910 3056 indicari
927 3003 1053 3057 mentem
1071 2999 1145 3058 indi·
1215 3044 1217 3047 -

95 3109 106 3134 t
125 3095 195 3156 gere
214 3078 287 3152 ideis
308 3078 430 3150 innatis,
451 3094 524 3152 quae
539 3078 596 3136 sint
612 3077 720 3149 aliquid
735 3080 879 3139 diversum
896 3097 913 3139 a
928 3083 1060 3143 facultate
1075 3084 1149 3157 cogi·

96 3195 106 3220 ι
127 3163 217 3224 tandi.
239 3162 293 3220 Sed
311 3176 378 3220 cunr
400 3163 578 3221 adverterem
599 3161 738 3235 quasdam
753 3163 784 3222 in
798 3180 844 3223 me
864 3169 926 3224 esse
941 3167 1146 3239 cogitationes,

97 3277 107 3303 l
127 3263 203 3324 quae
218 3263 276 3306 uon
294 3244 463 3304 ex'obieotis
479 3245 605 3306 externis
620 3260 674 3303 neo
690 3261 708 3304 a
722 3247 875 3305 voluntatis
885 3265 966 3308 meae
976 3251 1147 3308 determina-

98 3359 109 3385 l
129 3334 206 3393 tione
220 3329 430 3406 procedebant,
452 3332 502 3390 sed
521 3330 613 3390 asolo
628 3331 773 3404 cogitandi
792 3331 946 3407 laenitate,
969 3347 1042 3406 quae
1057 3334 1087 3393 in
1102 3349 1149 3392 me

99 3441 111 3468 l
129 3421 192 3488 est3
215 3419 246 3473 ut
259 3413 312 3471 has
327 3413 405 3473 ideas
422 3416 482 3474 sive
496 3414 648 3487 notiones,
666 3431 739 3488 quae
754 3421 821 3475 sunt
835 3421 994 3488 ceterarum
1008 3417 1152 3490 cogitatio

100 3523 111 3552 l
131 3513 201 3557 num
216 3499 324 3557 formae
339 3498 375 3556 ah
391 3499 454 3557 aliis
477 3498 640 3557 adventitiis
659 3505 687 3557 et
706 3500 822 3560 laetitiis
844 3500 1066 3574 distinguerem,
1088 3500 1153 3561 illas

103 3608 113 3634 l
133 3584 248 3642 innatas
262 3583 363 3642 rocavi
379 3589 432 3644 etc.
451 3587 477 3642 t.
494 3607 504 3634 u
518 3584 548 3642 ld
563 3585 704 3658 quomodo
714 3599 781 3644 cum
793 3585 829 3646 iis
843 3601 927 3661 quae,
943 3585 1045 3644 saltem
1058 3585 1152 3648 dallei

146 3771 157 3813 l
178 3773 208 3816 lu
224 3775 333 3834 Itcrpom.
356 3772 388 3818 ud
408 3777 454 3820 ort.
478 3773 508 3818 t2
527 3776 711 3834 programmatis
731 3777 831 3834 nogat.
854 3773 904 3820 tit.
927 3775 993 3822 atium
1019 3777 1103 3834 Legum
1126 3775 1158 3828 (ια’

96 3845 188 3908 ptttor.
204 3859 252 3906 pot·
266 3847 296 3894 tl.
315 3848 497 3910 Llltomttttttttttt,
512 3848 553 3910 leg.
572 3865 636 3897 nent.
