2767 4492
430 287 870 341 rasssarsaa·rsrcnonoe1a
1121 272 1174 340 itt

126 381 185 450 pua
201 373 275 434 actio
288 371 338 434 iiie
350 375 530 449 iuiormatnr,
547 375 745 438 determinatio
759 379 887 452 procedit
896 363 941 438 ‘ab
959 371 1073 438 obiecto
1097 379 1176 453 prod

124 458 220 534 ipsam
234 463 298 520 ectu
316 459 469 534 possideat.
486 459 557 520 ilinc
571 466 649 536 patet
663 461 700 521 ed
714 464 903 524 senmbonem
921 463 1097 538 gignendam
1119 463 1175 522 trie

126 557 303 604 conomrere:
319 545 380 604 rinr
394 545 538 620 sensilem,
558 559 699 621 orgmmm
711 548 766 606 rite
779 547 959 623 dispositum,
974 547 1078 610 obiecti
1088 560 1171 624 prac-

126 629 215 688 sentis
230 629 385 692 tudunum.

162 713 196 774 tt
207 719 304 774 antem
321 713 449 776 mdnxrm
463 717 511 776 bio
524 716 579 777 rite
592 721 771 791 exercentur,
786 719 980 778 consentanee
1002 715 1089 777 debet
1110 729 1174 778 esee

124 798 155 858 in
166 797 276 860 obiecto
289 802 431 876 proportio
447 807 507 861 tum
515 799 675 877 distantiae,
687 806 750 862 tunt
764 801 982 876 magnitudinis,
994 805 1171 863 tumrnotue

126 883 154 941 si
167 884 246 944 enim
259 884 404 944 obiectum
418 886 535 966 propina
549 888 731 961 remotiusre,
747 899 835 962 qum
848 888 901 961 par
920 887 966 961 ait,
987 891 1171 962 proponatur,

125 974 175 1025 eut
198 969 236 1026 sit
259 967 448 1044 perexiguum
470 971 513 1031 rei
532 973 707 1032 extensionis
729 971 887 1045 immanis,
913 975 962 1030 aut
985 970 1175 1044 deniqueret

128 1052 225 1126 ipsum
248 1053 295 1112 rei
309 1058 449 1128 spectator
470 1059 549 1115 motu
572 1057 712 1116 concitato
726 1057 843 1128 denatum
863 1058 931 1114 bunc
949 1054 1172 1130 impressiones,

124 1135 235 1210 quasin
250 1151 357 1212 organo
370 1139 470 1214 gignit,
487 1141 533 1200 rel
547 1141 700 1200 viridiores
713 1139 760 1200 rei
773 1137 933 1213 debiliores,
945 1150 1112 1214 quamopus
1125 1139 1172 1212 sit,

122 1219 168 1280 rel
179 1223 266 1281 etiem
279 1223 374 1283 nullae
389 1229 483 1296 emnt3
499 1225 545 1283 rel
559 1225 681 1298 denique
696 1238 755 1284 non
769 1237 803 1283 eo
816 1223 917 1283 ordine
930 1229 960 1281 et
972 1223 1068 1297 quiete
1090 1237 1172 1296 pera-

121 1311 234 1378 gentur,
251 1321 323 1379 ptrue
338 1307 396 1366 sint
409 1308 445 1365 ad
459 1306 601 1367 obiectum
610 1308 664 1367 rite
678 1308 876 1382 attingendum
889 1311 1058 1382 opportuna.

160 1389 250 1462 itque
265 1405 302 1447 ex
328 1391 392 1463 boc,
418 1391 493 1465 quod
516 1398 658 1466 postremo
682 1393 841 1465 retulimus,
867 1390 985 1450 alteriue
1002 1390 1172 1449 conditionis

121 1481 193 1531 ustis
207 1473 338 1548 emergit,
355 1475 494 1534 nimirum
507 1480 540 1534 ut
561 1477 688 1536 sensorio
703 1477 846 1536 obiectum
861 1474 1027 1534 immediate
1041 1473 1087 1532 rei
1110 1488 1170 1532 me-
1210 1513 1214 1524 ·

90 1627 94 1635 ι
122 1557 199 1616 dtate
212 1557 356 1632 iungatur.
370 1553 445 1618 liaeo
461 1573 526 1618 vero
541 1559 703 1619 coniunctio
716 1575 769 1634 pro
780 1559 917 1620 serictate
926 1557 1122 1618 screationum
1130 1555 1173 1616 di·

122 1657 207 1701 versa
230 1647 281 1701 est.
297 1643 365 1702 Nam
380 1643 411 1701 in
430 1647 506 1702 tactu
520 1647 548 1703 et
562 1649 657 1718 gustu,
673 1644 730 1703 nisi
745 1644 856 1705 obiecta
875 1642 1039 1720 pertingent
1052 1655 1169 1716 organa,

121 1727 245 1786 senectia
257 1741 314 1787 non
328 1728 427 1801 oritur;
445 1732 474 1787 et
487 1727 518 1787 iu
532 1727 623 1788 tribus
637 1727 756 1803 reliquis
770 1723 947 1788 roubertum
960 1725 1073 1786 accidit.
1097 1725 1170 1794 oua·
1219 1732 1223 1740 ·

119 1815 152 1868 re
167 1806 211 1869 bis
225 1809 351 1872 medium
365 1811 479 1888 aliquod
488 1803 669 1873 interiectum
676 1813 872 1873 necessarium
880 1817 933 1887 est,
944 1825 997 1888 ope
1004 1810 1088 1870 cuins
1102 1825 1166 1870 sen·

121 1889 196 1954 soria
210 1911 276 1956 cnm
289 1895 399 1957 obiecto
414 1893 451 1956 ed
465 1903 688 1958 consentaneam
708 1898 930 1972 impressionem
956 1895 1170 1970 suscipiendam

121 1981 341 2041 communicent.
352 1982 413 2042 iam
422 1997 474 2056 age
483 1983 610 2044 medium
620 1983 674 2043 boo
683 1999 734 2057 pro
743 1982 808 2044 risu
817 1976 986 2042 rediieincia
996 1980 1168 2051 continetur,

120 2066 171 2138 nui
183 2066 220 2125 ab
245 2066 355 2126 obiecto
379 2067 473 2126 lucido
492 2077 542 2126 aut
562 2067 723 2127 illuminato
746 2068 891 2127 iaciuntur
904 2066 951 2126 rel
975 2065 1188 2130 edmunding

120 2148 218 2217 Ouond
233 2150 362 2209 anditum
372 2151 497 2225 positum
510 2155 553 2210 est
566 2151 598 2210 in
608 2152 816 2212 vibrationibus
832 2151 917 2226 atris,
935 2165 1036 2226 quasa
1048 2163 1167 2224 percus·

120 2232 161 2291 sis
175 2233 341 2306 corporibus
355 2233 450 2308 atique
464 2235 781 2312 siastioitatepreeditis
795 2237 968 2297 excitentur.
985 2235 1111 2310 benime
1131 2231 1168 2291 ad

118 2316 256 2376 olfactum
268 2319 343 2391 duod
355 2319 486 2394 pertinet,
503 2319 533 2380 in
548 2320 777 2382 exhalationibus
791 2321 920 2382 cernitur
943 2319 1015 2380 adeo
1039 2318 1166 2378 exilibus

117 2403 153 2458 ut
166 2399 225 2460 iere
239 2401 362 2478 amplius
376 2404 550 2478 ponderosae
564 2419 622 2466 non
632 2403 700 2466 sint.

155 2480 199 2544 57.
217 2483 330 2561 Verum,
347 2487 422 2563 quod
435 2489 561 2551 maxine
577 2488 854 2554 animadversionem
868 2489 976 2552 excitat
995 2487 1024 2548 ei
1046 2484 1166 2562 diiigen-

118 2566 198 2642 tiam,
210 2569 246 2628 ad
260 2570 352 2647 legem
366 2571 445 2634 illam
460 2573 629 2652 sensationis
643 2575 775 2654 pertinet,
788 2592 862 2652 quae
877 2572 1165 2636 communicationem

116 2654 241 2728 postrrlat
253 2659 380 2719 sensoria
394 2660 468 2720 inter
482 2667 511 2722 st
520 2661 681 2722 cerebrum.
698 2663 881 2735 compertum
894 2660 973 2719 enim
986 2656 1164 2732 experientia

117 2743 162 2796 est
173 2741 365 2803 sensationsm
377 2745 492 2820 penitus
506 2747 624 2818 aboleri;
641 2747 666 2805 si
681 2745 804 2815 uermrii,
819 2744 870 2816 uui
884 2759 903 2802 e
916 2741 1035 2801 cerebro
1048 2741 1085 2798 ad
1099 2755 1164 2798 sen-

116 2823 192 2884 soria
204 2828 422 2902 protenduntur,
437 2829 644 2888 intercidantur
658 2827 806 2885 autetiam
821 2825 1046 2899 comprimentur
1062 2823 1089 2878 ⁴.
1106 2843 1111 2852 ·

161 2993 173 3040 i
192 2991 270 3039 viarm
286 2989 351 3056 ibai,
363 2993 421 3057 qnod
431 2995 566 3058 superiorem
577 2995 655 3059 capitis
666 2994 778 3041 internam
787 2996 879 3059 occupat
888 2995 999 3059 regionam
1014 3001 1036 3049 si
1050 3008 1110 3047 osaea
1123 2994 1165 3044 iau·

111 3070 150 3116 ina
166 3067 259 3114 caritate
274 3070 407 3132 continetur,
420 3071 539 3116 cerebrum
552 3069 641 3116 dicitur.
658 3067 762 3116 E'rusdcnr
774 3085 846 3118 massa
860 3074 951 3121 materia
965 3071 1059 3137 quadarn
1073 3073 1166 3138 pulpos·

112 3145 201 3190 constat
214 3142 307 3190 maculis
323 3147 344 3192 et
359 3143 420 3191 tibris
440 3143 533 3192 miriiica
546 3145 612 3210 tanta,
627 3143 707 3209 tribua,
718 3145 781 3207 quasi
799 3145 890 3195 totidetrr
905 3142 1034 3213 involucris,
1046 3151 1164 3197 circumte-

113 3223 148 3266 eta
165 3219 306 3284 membranis,
322 3221 366 3286 pto
381 3225 465 3277 mutae,
482 3221 615 3286 uremaoide,
633 3221 696 3270 dcere
714 3225 796 3270 taetre.
814 3221 840 3269 Iu
855 3219 943 3272 bomine
957 3225 1044 3288 mains,
1060 3238 1126 3287 quarn
1139 3221 1164 3270 in

114 3295 192 3342 weris
207 3295 364 3361 animantibus,
378 3296 481 3345 volumen
495 3297 569 3362 itabat,
587 3297 723 3362 maximeque
738 3299 837 3346 omnium
854 3299 881 3347 ad
899 3298 1055 3347 rotunditatem
1070 3297 1161 3346 recedit

114 3365 168 3418 dtus
183 3375 255 3418 subm
271 3377 315 3419 tres
331 3369 436 3435 distingui
453 3373 524 3421 soient
537 3377 626 3437 pariae:
645 3373 767 3430 tuedo,
782 3388 837 3438 quaa
851 3375 921 3423 maior
935 3376 986 3440 esi,
1005 3375 1028 3423 iu
1045 3374 1089 3422 duo
1104 3373 1165 3421 relat

114 3443 275 3508 hemisphaeria
290 3465 313 3496 aa
329 3450 423 3496 scisma
438 3450 532 3512 quadam
548 3449 653 3516 partiens,
671 3455 693 3498 et
708 3450 796 3514 proprie
811 3449 923 3501 cerebrum
939 3448 1073 3499 nominatur.
1087 3453 1164 3500 Poste-

113 3521 177 3576 rior,
194 3525 250 3585 puae
264 3523 344 3572 minori
358 3521 509 3587 magnitudine
524 3525 610 3592 pandet,
626 3531 648 3574 st
662 3525 792 3575 cerebclirrm
808 3527 851 3576 tici
868 3528 930 3578 solat.
947 3526 1042 3592 Utraque
1057 3543 1108 3576 aero
1123 3543 1162 3574 ne·

114 3598 181 3644 utitur
196 3597 242 3645 basi
259 3599 361 3667 quadam,
378 3601 448 3650 instar
463 3601 589 3654 medullaris
605 3601 709 3670 laminae,
720 3601 865 3668 crassitudine
880 3609 972 3668 quatuor
988 3603 1074 3652 circiter
1089 3602 1161 3650 linsa-

115 3677 174 3737 rium,
190 3671 306 3723 latitudine
320 3675 412 3724 duorum
427 3677 553 3744 digitorum,
568 3677 707 3742 lungitudine
722 3693 790 3744 prope
804 3685 915 3743 quatuor,
933 3694 988 3742 quae
1003 3687 1080 3744 eorpus
1096 3679 1162 3726 cailo-

113 3761 164 3794 anm
180 3749 260 3797 dieitur·
276 3753 297 3798 ai
315 3752 403 3800 emabro
419 3743 565 3802 rahier-nitur
582 3768 648 3818 aeque
667 3771 717 3802 curn
732 3753 838 3803 amabaiio
853 3755 969 3820 praecipat
984 3745 1088 3803 fibrarum
1103 3769 1160 3818 qua-

113 3824 216 3874 rumdam
230 3825 373 3889 adnmicnlo,
390 3829 490 3894 Denique
505 3832 609 3894 iuferius
624 3831 738 3894 euoepbaii
754 3846 805 3894 para
821 3829 897 3895 (puae
911 3825 971 3880 aiiud
988 3832 1032 3880 nori
1044 3847 1090 3880 csse
1100 3826 1160 3880 rida-
