2767 4492
336 337 411 384 rans
425 333 918 386 nnnrtne'tlinomdlnnd'rtinnnls
1009 377 1013 385 .
1096 325 1151 390 259

107 421 212 484 artifice
225 421 359 498 indiguit,
375 438 463 498 aquo
478 421 608 484 ordinem
627 423 806 496 formamque
821 424 992 500 susciperet3
1009 437 1072 484 aee
1085 439 1150 485 esse

107 597 215 652 unium
235 591 335 652 mundi
355 591 557 650 ordinatricem
578 590 737 664 generatim
755 591 889 666 interret,
908 596 1004 652 tamen
1022 595 1147 656 mediate

105 675 205 736 saltem
219 675 400 738 existentiam
416 691 529 752 qiioque
543 675 617 739 entis
631 674 798 749 necessarii,
810 675 885 750 quod
899 679 1039 737 mundum
1052 679 1148 738 condi-

104 759 191 834 derit,
211 761 424 822 demonstraret.
441 765 530 836 Atque
544 761 598 820 hoc
613 765 752 834 quantum
768 758 805 818 ed
817 760 942 836 primam
957 761 1147 824 obiectionem

104 845 211 914 attinet,
228 861 300 920 quae
321 846 457 904 adversus
477 850 678 920 argumentum
698 843 838 902 eiusmodi
853 859 871 905 a
884 844 985 905 Kantio
1000 846 1075 906 lacta
1093 852 1146 906 est.

138 929 233 1000 Quoad
248 921 372 997 'alteram
388 945 454 990 vero
473 929 657 1004 reponimus,
673 929 815 988 rationem
829 943 865 986 ex
883 929 983 988 ordine
1002 930 1148 990 mundano

103 1012 281 1088 desumptam
296 1030 354 1074 non
370 1014 501 1088 analogia
514 1014 568 1074 niti
583 1027 703 1090 operum
718 1013 846 1072 hnmana
861 1017 921 1071 arte
935 1014 1084 1087 laetorum,
1098 1015 1149 1074 sed

8 1139 9 1144 ι
103 1097 232 1160 evidendi
248 1099 301 1158 lroc
314 1099 433 1170 radonis
448 1098 602 1173 principio:
619 1097 757 1158 ordinem
770 1097 891 1157 maciei
906 1113 941 1156 ec
954 1097 1150 1173 intelligentie

102 1182 256 1256 proficisci.
273 1183 330 1242 Hoc
345 1187 441 1242 autem
456 1181 583 1240 maxime
597 1181 781 1257 perspicuum
794 1185 851 1255 est,
870 1182 1011 1256 siquidem
1031 1183 1149 1242 effectus

103 1281 238 1340 superare
254 1281 370 1324 causam
384 1265 497 1340 nequit;
514 1265 590 1338 quod
610 1265 736 1337 protecto
751 1265 939 1339 contingeret,
952 1265 977 1324 si
994 1267 1147 1347 inmeritae,

34 1397 37 1404 ι
102 1363 176 1421 quae
190 1349 222 1406 in
237 1349 387 1423 negatione
402 1349 558 1424 sapientiae
574 1353 601 1406 et
614 1348 724 1407 ordinis
738 1349 794 1408 sita
808 1353 860 1427 est,
879 1348 1047 1423 sapientiam
1062 1355 1091 1409 et
1105 1367 1150 1410 or-
1245 1359 1252 1367 ‘

102 1431 201 1490 dinem
216 1431 354 1492 efficeret.
371 1433 508 1507 Denique,
525 1431 601 1508 quod
616 1432 750 1507 deinceps
760 1448 798 1492 ex
807 1432 921 1491 nodone
936 1433 1010 1492 eutis
1020 1447 1151 1495 necessa-

102 1515 139 1576 rii
154 1516 215 1576 eius
230 1517 401 1578 intinitatem
416 1533 434 1576 a
447 1517 537 1592 priori
551 1518 720 1592 inieramus,
731 1516 762 1576 id
776 1509 896 1576 mini'me
910 1517 1033 1576 ostendit
1046 1533 1099 1578 nos
1114 1519 1151 1578 ad

103 1605 305 1673 argumentum
318 1602 512 1698 onmlogieum
524 1602 687 1678 contegere,
705 1601 946 1678 quemadmodum
956 1617 1044 1678 supra
1058 1602 1150 1662 decla·

102 1687 448 1844 rapfficesplsaetp.ssay¹ffi
459 1771 665 1844 Argumentum
686 1785 724 1829 ex
739 1769 885 1843 communi
904 1785 1046 1831 consensu
1067 1787 1150 1846 geue·

102 1851 143 1911 ris
157 1851 279 1913 humani
293 1852 475 1930 desumptum
490 1869 542 1928 pro
557 1853 607 1913 llei
626 1854 780 1916 existentia
793 1853 913 1914 minime
932 1855 1017 1914 valet.
1033 1857 1104 1916 Nam
1119 1857 1151 1916 in

8 1949 9 2012 j
100 1935 201 2007 primis
216 1952 372 1998 consensus
387 1939 434 1998 liic
448 1945 543 1998 certus
556 1954 616 1997 non
631 1945 688 2014 est,
707 1953 774 1998 cum
795 1953 853 1997 non
868 1954 967 1998 omues
985 1939 1082 2014 populi
1098 1955 1148 2000 no·

100 2019 146 2078 bis
168 2023 306 2098 comperti
327 2023 400 2097 sint,
417 2037 564 2097 nequeas
584 2038 697 2099 semper
711 2024 752 2082 ita
766 2023 908 2083 senserint
928 2022 1012 2097 pubis
1027 2030 1146 2084 constet.

101 2103 218 2179 Deinde,
229 2105 312 2164 mulli
327 2112 393 2172 sunt
407 2109 504 2182 populi
519 2113 547 2164 et
561 2107 739 2183 philosophi,
757 2107 805 2181 qui
819 2108 850 2166 in
864 2109 1013 2170 atheorum
1028 2125 1149 2173 numero

100 2187 191 2246 luisse
205 2189 349 2248 dicuntur.
365 2190 493 2266 Denique
509 2191 605 2264 opinio
625 2191 756 2253 Numinis
770 2196 865 2250 ortum
884 2193 987 2252 ducere
1005 2196 1098 2268 potuit
1111 2211 1150 2255 ex

100 2270 262 2344 ignorantia
277 2287 427 2332 causarum
443 2274 628 2348 natmalium,
641 2275 736 2334 velex
751 2277 931 2336 sacerdotum
945 2284 994 2337 aut
1008 2279 1149 2354 legislato-

100 2369 168 2413 rum
182 2355 291 2428 lraude,
308 2356 405 2416 velex
421 2357 588 2417 educatione
604 2363 652 2419 aut
668 2360 770 2418 timore
784 2360 908 2435 quodam
922 2364 1056 2423 naturali.

135 2441 220 2512 Resp.
238 2440 356 2514 Populos
370 2442 537 2516 generatim,
555 2447 692 2523 quotquot
706 2444 911 2520 innotuerunt,
929 2445 961 2505 in
975 2447 1149 2507 adstruenda

100 2523 247 2582 divinitate
270 2525 390 2587 mirilico
413 2527 590 2602 consentire,
608 2527 757 2603 explorata
771 2534 800 2588 et
813 2530 966 2589 manifesta
983 2545 1030 2589 res
1045 2537 1097 2589 est.
1115 2532 1149 2590 Et

101 2623 170 2667 saue
185 2610 221 2668 de
236 2609 360 2684 antiquis
375 2613 539 2672 nationibus
553 2615 738 2690 perspicuum
753 2620 797 2672 est
811 2630 847 2672 ex
862 2615 906 2687 iis,
924 2629 997 2687 quae
1013 2615 1149 2689 andquis-

99 2693 167 2752 simi
181 2694 331 2769 scriptores
346 2700 374 2756 et
390 2697 424 2755 de
439 2698 607 2772 populorum
633 2699 763 2759 moribus
787 2697 954 2772 peritissimi
977 2698 1146 2758 retulerunt.

100 2777 263 2836 Cuiusmodi
282 2785 349 2838 sunt
367 2781 521 2856 Homerus,
539 2783 711 2854 Herodotus,
727 2782 818 2854 Plato,
837 2781 1015 2854 Aristoteles,
1034 2782 1145 2856 Cicero,

100 2860 285 2934 Plutarchus,
301 2863 440 2922 illeximus
455 2865 569 2938 Tyrius,
585 2865 741 2937 Epictetus,
758 2862 873 2936 allique
894 2864 972 2931 Quod
991 2864 1016 2923 si
1036 2865 1148 2939 aliquae

99 2948 200 3018 gentes
214 2945 314 3002 athme
334 2946 499 3003 nominatae
514 2951 596 3018 runt,
614 2945 641 3004 id
663 2961 722 3005 uon
743 2945 941 3020 quianullum
962 2957 1150 3022 agnoscerent

98 3028 190 3086 Deum
206 3026 381 3099 dictumest,
397 3028 446 3086 sed
457 3027 531 3101 quod
547 3029 670 3104 pessime
684 3029 815 3088 viverent
829 3030 1009 3105 efferatisque
1019 3033 1148 3094 moribus

98 3113 257 3182 uterentur,
273 3108 319 3166 rel
333 3110 420 3168 etiam
435 3110 503 3184 quia
517 3125 684 3170 communes
699 3112 876 3187 reliquorum
890 3116 1060 3190 populorum
1074 3118 1147 3179 neos

98 3209 159 3254 non
173 3193 364 3252 admitterent.
382 3193 435 3270 Sic,
451 3197 484 3252 ut
497 3192 611 3268 aliquod
626 3196 793 3270 exemplum
807 3197 935 3272 afferam,
951 3199 1061 3274 ludaei,
1078 3202 1147 3275 quia

98 3277 176 3338 idola
188 3293 247 3337 non
261 3277 396 3352 colerent,
417 3294 486 3352 peras
501 3279 679 3338 eenturnelio
700 3281 866 3340 cuminum
881 3283 1008 3358 iruipoir
1024 3301 1041 3343 a
1055 3285 1146 3346 Plinio

8 3367 10 3378 '
100 3363 168 3424 dicti
183 3367 259 3422 sunt.
277 3361 322 3420 Sic
337 3363 424 3422 etiam
439 3362 600 3436 Christiani,
616 3364 685 3442 qiria
698 3365 785 3425 falsos
799 3366 870 3425 Deos
885 3367 1051 3442 adficerent,
1068 3369 1145 3430 athei

79 3497 82 3502 .
100 3463 185 3522 saepe
199 3447 236 3506 ab
250 3447 371 3506 ethnicis
385 3448 574 3522 vocabantur,
592 3455 661 3510 teste
676 3450 798 3511 dmobio
813 3457 842 3512 et
855 3452 972 3512 ldinutio
986 3453 1088 3514 Felice.
1104 3453 1145 3516 De

8 3605 9 3610 ἵ
99 3531 264 3592 nationibus
276 3547 343 3591 sero
357 3533 501 3594 recentius
515 3532 633 3594 detectis
647 3535 718 3595 adeo
733 3537 765 3596 in
778 3552 914 3612 praesens
929 3542 1006 3597 certa
1020 3553 1066 3598 res
1082 3546 1140 3614 cst,

100 3621 133 3674 ut
146 3616 276 3690 pluribus
289 3617 453 3678 confirmari
473 3633 532 3678 non
554 3624 643 3696 egeat.
662 3621 739 3692 Quod
756 3622 917 3682 driaores
930 3623 1061 3683 nonnulli
1075 3641 1142 3699 gen·

49 3701 54 3712 '
101 3703 144 3773 tes
158 3700 269 3775 aliquas
283 3701 333 3778 liei
351 3701 452 3763 notitia
472 3703 619 3766 destitutas
639 3721 670 3766 se
684 3703 825 3784 reperisse
844 3711 1015 3780 narrarunt,
1031 3709 1085 3768 hoc
1104 3726 1142 3776 ex

100 3781 294 3857 imprudentia
313 3789 479 3854 eorumdem
494 3792 522 3849 et
536 3790 696 3853 temeritate
713 3791 865 3868 processit,
882 3796 1022 3866 quaenus
1042 3808 1143 3858 eonrm

100 3867 270 3948 populorum
287 3869 415 3934 moribus
434 3887 493 3946 non
511 3873 565 3936 rite
583 3875 856 3954 examinatissima
876 3875 965 3938 eiiam
982 3877 1137 3952 mamonis,
