2767 4492
229 330 268 398 si
410 361 411 366 ι
627 373 631 384 .
673 338 834 391 murmura

227 431 343 506 piatur,
358 430 415 491 alia
426 443 497 491 vero
511 441 712 504 nequaquam
728 431 757 484 at
770 424 890 485 minime
904 417 1028 497 postulat
1040 419 1091 491 nt,
1106 417 1133 482 si
1146 415 1269 494 perspi

232 522 278 576 tur
288 561 303 594 ,¹
312 531 370 576 una
383 522 495 576 tontum
510 515 622 587 sibique
637 511 750 585 aequali
769 508 938 584 cognitionis
958 504 1122 566 intensitate
1136 501 1273 578 percipie·

233 607 288 660 tur.
304 601 335 660 ld
354 601 432 660 eninr
454 600 559 675 pendet
580 613 618 656 ex
642 596 815 671 perfectione
837 591 957 652 subiecti
980 587 1177 664 cognoscentis
1198 588 1275 662 onos

232 685 437 760 perspicaciore
452 690 502 744 aut
517 681 662 744 hebetiora
676 679 785 740 lumine
797 679 834 738 sit
847 677 1015 752 praeditum.
1028 674 1113 733 euius
1126 674 1170 732 rei
1183 673 1213 732 in
1223 687 1273 734 no·

233 769 278 830 bis
292 770 364 844 ipsis
380 770 544 844 exemplum
558 765 717 839 habemus,
734 764 876 838 siquidem
894 761 994 822 eadem
1013 757 1136 833 simplex
1150 757 1254 818 vuius

234 853 358 930 exempli
373 855 473 928 gratia,
490 851 686 914 immortalitas
702 849 791 910 animi
803 855 855 907 aut
868 847 977 921 primae
991 859 1093 904 causac
1107 843 1273 917 existentia,

235 939 342 1000 maiore
356 939 556 1013 perspicuitate
565 953 599 997 ac
609 937 734 1012 plurium
743 933 912 994 relationum
925 931 1031 991 intuitu
1040 929 1188 1003 attingitur
1200 945 1219 989 a
1232 945 1276 988 sa

234 1025 339 1099 pionte,
356 1039 443 1098 quam
458 1023 495 1083 ab
509 1023 625 1083 homine
640 1022 705 1081 rudi
721 1028 771 1080 aut
784 1017 913 1080 scientiis
927 1017 976 1074 aix
990 1013 1114 1075 exculto.

272 1110 362 1170 Obiic.
379 1111 410 1170 V.
427 1110 550 1169 Tandem
567 1117 696 1168 occurret
710 1108 828 1166 laruam
842 1103 985 1178 quispiam
993 1101 1091 1161 diceus
1100 1105 1188 1162 totam
1201 1100 1276 1162 hane

236 1195 330 1254 ultimi
343 1195 410 1256 finis
425 1194 640 1268 vestigationem
654 1193 711 1252 iuri
726 1198 853 1263 naturae,
864 1189 984 1263 adquod
994 1185 1080 1248 huius
1094 1186 1161 1246 libri
1175 1192 1276 1258 nacu-

236 1281 343 1340 tionem
357 1279 525 1354 dirigimus,
543 1279 672 1339 inutilem
689 1293 804 1352 prorsus
817 1289 889 1338 csse.
910 1275 998 1346 itam,
1014 1278 1046 1332 ut
1059 1273 1152 1348 inquit
1165 1272 1277 1332 Puden·

165 1373 168 1380 “
238 1364 355 1440 doriius,
371 1367 417 1426 ius
433 1371 551 1424 naturae
565 1364 684 1424 nonnisi
696 1369 873 1440 praesentem
889 1359 974 1420 vitam
990 1365 1098 1433 spectat
1112 1365 1140 1417 et
1152 1375 1203 1433 pro
1218 1374 1276 1418 sco·

237 1465 274 1526 po
288 1467 347 1511 non
362 1451 440 1510 aiud
454 1449 541 1510 hahet
556 1449 612 1510 nisi
632 1449 778 1508 hominem
792 1446 903 1507 ci-viienr
921 1445 1044 1505 edicere.
1065 1443 1230 1514 Praeterea,
1246 1448 1279 1503 ut

237 1536 339 1596 asserit
352 1535 492 1609 Voltaire,
509 1549 654 1596 summurn
667 1533 777 1594 bonum
791 1541 819 1592 et
839 1545 984 1592 summum
1005 1528 1113 1590 malum
1127 1544 1185 1589 non
1198 1528 1279 1588 cuod

235 1621 292 1681 nisi
307 1620 452 1680 chimaera
468 1625 520 1679 est.

271 1706 354 1780 Resp.
371 1705 553 1769 ruffennortii
568 1704 686 1766 assertio
701 1704 768 1765 inde
782 1703 887 1779 oritur,
904 1702 979 1779 quod
992 1701 1063 1763 iuris
1077 1707 1196 1762 naturae
1211 1715 1278 1781 con·
1382 1744 1383 1747 ,

238 1795 352 1864 ceptum
367 1795 395 1850 et
410 1790 567 1864 praesentis
581 1790 655 1850 ritae
668 1790 794 1850 indolem
808 1805 863 1850 non
879 1789 932 1849 rite
947 1787 1131 1863 perspexerit.
1148 1789 1217 1848 llam
1233 1786 1279 1845 ios

241 1874 323 1948 (sive
338 1874 400 1934 eins
418 1873 535 1934 nomine
551 1874 598 1934 lex
613 1881 663 1934 aut
676 1881 787 1935 rectum
802 1883 831 1934 et
844 1874 950 1934 iustum
969 1873 1135 1946 intelligitur
1147 1873 1176 1947 l,
1191 1889 1208 1931 a
1223 1871 1281 1930 line
1382 1922 1383 1927 ,

238 1958 340 2018 ultimo
358 1959 559 2032 praescindere
577 1959 685 2033 nequit.
709 1961 780 2019 llam
798 1975 864 2019 cunr
885 1960 933 2018 lex
947 1960 977 2017 in
996 1958 1174 2018 ordinatione
1188 1957 1281 2017 consi-

239 2049 303 2118 stat,
320 2043 422 2116 atine,
439 2044 475 2103 ad
490 2058 576 2119 quem
590 2044 763 2117 subiectum,
780 2060 831 2120 pro
845 2061 901 2119 qno
916 2045 1020 2116 fertur,
1036 2043 1065 2102 vi
1078 2049 1196 2102 naturae
1210 2042 1279 2100 diri-

240 2129 325 2204 gitur,
342 2128 599 2188 considerationem
613 2144 734 2190 avocare
746 2145 802 2190 non
818 2134 917 2203 potest.
933 2129 1161 2189 declamantem
1173 2127 1281 2186 morale

238 2213 268 2272 ri
283 2213 349 2274 iinis
364 2215 536 2288 agnoscitur.
553 2215 622 2274 Nam
638 2230 673 2274 ea
686 2215 812 2288 operatio
826 2221 904 2274 recta
916 2214 1095 2288 nominatur,
1110 2229 1183 2288 quae
1196 2211 1233 2271 ad
1247 2212 1281 2270 ti·

240 2313 308 2357 nem
323 2298 363 2358 sic
378 2299 478 2372 pergit,
495 2306 526 2358 ut
540 2299 659 2360 minime
673 2301 796 2360 divertat
810 2300 847 2359 ab
860 2300 932 2376 ipso,
949 2300 1023 2359 sicut
1035 2300 1066 2358 in
1080 2297 1236 2374 geometria
1249 2297 1281 2356 li-

236 2397 292 2442 nea
305 2387 383 2442 recta
396 2383 446 2442 illa
460 2383 573 2457 dicitnr,
583 2399 656 2459 quoe
670 2384 841 2445 brevissima
850 2390 895 2444 cst
908 2385 1038 2445 omnium
1051 2385 1126 2465 inter
1140 2385 1198 2442 duo
1210 2397 1283 2458 pun·

239 2477 286 2526 cta
300 2466 457 2541 ducturum3
475 2483 527 2528 seu
540 2463 614 2543 quae
629 2469 665 2528 ab
680 2483 738 2530 uno
757 2476 862 2543 puncto
875 2470 912 2528 ud
925 2470 1047 2528 alterum
1060 2469 1101 2527 its
1113 2467 1280 2542 porrigitur,

237 2557 270 2620 ut
283 2551 338 2611 hoc
352 2551 418 2622 illac
433 2553 553 2612 minime
571 2553 698 2614 fluctuet.
721 2555 777 2615 lieu
796 2554 875 2624 dicas
895 2555 965 2614 satie
985 2569 1048 2614 asse
1062 2559 1094 2612 ot
1107 2553 1179 2612 lines
1195 2551 1283 2611 inter-

237 2635 326 2695 medii
340 2643 369 2696 et
384 2638 508 2711 proximi
522 2637 691 2713 cogitentur,
707 2653 775 2699 nam
791 2640 821 2699 lri
834 2647 911 2700 recte
924 2639 1043 2712 intelligi
1054 2640 1208 2710 nequeunt,
1217 2635 1284 2694 sino

238 2721 378 2795 implicita
397 2721 499 2780 saltem
520 2723 721 2784 coniunctione
743 2739 811 2784 cum
828 2725 886 2784 iins
907 2726 1025 2796 ntimo,
1040 2721 1088 2780 coi
1101 2721 1285 2794 assequendo

241 2807 375 2880 prodesse
388 2807 493 2868 debent
508 2809 552 2868 rei
567 2809 668 2870 saltem
687 2827 747 2871 non
767 2812 878 2872 obesse.
900 2811 962 2872 Vita
982 2819 1075 2871 autern
1089 2821 1224 2883 praesens
1237 2811 1286 2867 est

242 2889 421 2966 huiusmodi,
438 2898 471 2951 ut
484 2892 520 2952 ad
535 2893 654 2954 alteram
668 2902 835 2956 eventuram
850 2905 950 2971 suapte
964 2893 1159 2968 nutriantur,
1175 2905 1231 2950 nec
1244 2893 1286 2950 ci·

240 2975 307 3035 silis
322 2977 414 3036 cultus
428 2977 583 3038 consistere
597 2985 689 3054 potest
703 2980 766 3041 sine
780 2982 879 3043 ordine
893 2981 1064 3056 mutationi
1080 2984 1111 3038 ut
1123 2981 1209 3053 petet,
1221 2991 1240 3034 s
1253 2976 1287 3035 ii·

241 3075 278 3120 ne
292 3060 393 3121 ultimo
408 3062 533 3122 hominis
547 3079 679 3124 normam
689 3066 804 3142 accipit.

247 3229 254 3243 ·
281 3145 412 3206 Soomma
425 3162 492 3206 vero
507 3148 700 3210 volteriauum
712 3169 772 3212 une
786 3159 881 3212 estex
898 3152 1042 3213 consuetis
1055 3148 1197 3227 sophistae
1210 3147 1287 3210 inim

244 3231 377 3326 ineptiis,
394 3247 466 3306 quae
480 3232 626 3294 hominem
645 3236 762 3296 atheum
781 3244 811 3297 et
828 3239 1045 3298 materialistam
1059 3250 1116 3296 non
1131 3236 1285 3308 dedecent,

245 3330 296 3388 qur
310 3331 368 3374 non
382 3315 497 3378 ndunde
510 3333 597 3392 utram
616 3335 654 3380 ex
667 3321 756 3396 impio
777 3323 839 3382 risu
858 3329 888 3383 et
907 3339 1051 3384 sarcasmo
1071 3321 1288 3382 delectationem

245 3400 346 3476 carpit.
368 3401 402 3459 it
416 3416 453 3459 nc
467 3405 658 3466 confutatione
673 3409 790 3482 quidem
805 3409 925 3483 dignum
941 3413 1058 3484 apparat
1071 3407 1182 3466 lromini
1195 3419 1286 3476 sano,

249 3485 299 3560 qni
322 3485 539 3581 propensionem
556 3489 768 3551 ineluctabilem
790 3499 819 3552 et
839 3495 1000 3554 naturalem
1020 3495 1057 3552 ad
1076 3505 1221 3564 summum
1237 3488 1290 3546 bo

247 3585 319 3630 uum
340 3586 371 3630 rn
393 3571 508 3631 homine
526 3573 649 3649 detegit,
672 3592 707 3635 ac
728 3579 846 3652 proinde
867 3580 1000 3654 intelligit
1021 3577 1161 3638 eiusmodi
1181 3576 1292 3634 honum

247 3653 324 3714 reale
338 3670 400 3716 esse
415 3657 536 3732 debere,
548 3665 577 3717 ct
591 3660 627 3718 sd
642 3661 859 3737 adipiscendum
873 3665 1029 3740 possibile,
1047 3664 1103 3722 nisi
1118 3663 1203 3722 iromo
1218 3665 1292 3719 tam·

249 3751 337 3810 quam
350 3756 422 3816 opus
433 3741 634 3818 inexplicabile
647 3753 677 3808 et
691 3750 942 3812 conmadictorinm
953 3750 1026 3827 dngi
1040 3749 1118 3812 velit⁴
