2767 4492
221 255 254 313 to
622 267 849 310 raannorronns

213 350 282 426 quid
297 351 435 426 cuiusque
452 351 493 410 rei
507 355 610 410 natura
625 351 662 410 sit
670 365 825 425 ,quaeque
839 365 939 424 causa,
955 366 993 410 ex
1008 365 1065 426 quo
1079 351 1205 426 quidque
1217 353 1258 426 gi·

211 441 317 510 gnatur
331 437 368 496 ab
382 451 472 512 eoque
485 437 523 496 sit
537 451 715 511 consequeus
729 436 773 510 (et
788 435 824 494 ad
838 435 892 494 hoc
907 435 1031 510 suppetit
1046 436 1257 512 lletapbysica).

211 519 348 596 Denique,
364 527 396 580 ut
409 537 461 580 uos
476 521 688 582 consideremus
704 527 841 594 tauquam
856 525 951 594 partes
964 519 1065 579 muudi
1076 521 1200 595 molatio,
1216 527 1258 581 at·

212 621 268 680 que
284 606 468 681 dispiciamus
482 606 550 681 quid
565 606 619 665 sub
633 606 687 664 hoc
705 611 824 679 aspectu
845 609 1068 664 consentaneum
1089 606 1301 680 appetitioni

212 691 264 764 sit,
282 691 350 765 quid
363 692 499 750 decorum
514 695 562 750 aut
577 697 678 766 turpe
695 705 730 750 ac
743 689 862 765 proinde
876 689 939 763 lege
953 689 1004 749 llei
1026 689 1194 764 impositum
1208 695 1260 750 aut

212 777 389 851 prohibitum
405 778 500 851 (atque
516 777 550 835 ad
567 776 597 836 id
611 777 657 836 lus
671 781 791 834 nabuae
805 780 917 850 praesto
926 775 989 848 est).

247 860 296 920 His
306 867 426 934 qratuor
440 861 608 935 disciplinis,
621 875 695 934 <prae
708 860 823 935 proprie
837 859 943 918 dietam
957 858 1167 934 philosophiam
1175 875 1257 934 prae·

210 945 293 1018 beut,
310 945 383 1006 aliae
397 946 470 1005 duae
484 951 600 1020 propter
613 944 735 1004 nimiam
748 944 918 1003 affluitatem
939 944 1056 1018 adiungi
1075 944 1195 1019 debent,
1210 947 1255 1006 ui-

210 1029 314 1089 delicet
327 1030 464 1090 dlotlresis
474 1035 503 1090 et
516 1029 653 1106 Pbpsico.
670 1029 796 1098 Quarum
810 1029 913 1104 prima,
926 1034 1023 1103 utpute
1037 1028 1156 1088 scientia
1165 1046 1255 1103 quan·

213 1113 316 1187 litatis,
333 1115 364 1173 iu
382 1115 492 1174 ratione
510 1113 678 1174 incrementi
693 1119 722 1172 et
736 1112 910 1172 decrementi
929 1112 1147 1187 contemplanda
1159 1129 1254 1172 versa·

212 1203 274 1271 tur3
291 1198 389 1272 altera,
402 1204 498 1273 utpote
509 1199 628 1258 scientia
641 1203 761 1258 naturae
771 1212 932 1273 corporeae,
944 1197 1142 1272 phaenomena
1155 1198 1257 1258 mnudi

211 1282 410 1356 adspectnbilis
423 1299 577 1358 eorumque
592 1284 668 1358 leges
681 1283 843 1357 investigat.

246 1365 380 1440 Reliquae
395 1383 463 1426 vcro
477 1367 622 1440 scientiae,
635 1383 709 1442 quae
723 1367 888 1442 augustiore
901 1369 1009 1428 circulo
1023 1369 1213 1440 continentur,
1226 1372 1256 1426 et

209 1465 268 1508 nou
279 1456 336 1510 tam
349 1451 492 1524 generalia
505 1453 656 1527 principia,
670 1467 757 1526 quam
770 1452 865 1526 potius
878 1454 1035 1512 eorumdem
1049 1454 1254 1528 applicationes

211 1541 239 1594 et
253 1535 345 1609 magis
367 1541 499 1596 concreta
513 1553 546 1595 ac
559 1537 716 1611 peculiaria
735 1537 847 1596 obiecta
864 1538 1035 1612 respiciunt,
1052 1554 1090 1598 ex
1106 1537 1257 1597 adstmctis

212 1635 265 1678 ceu
275 1635 313 1678 ex
324 1620 401 1679 toute
415 1621 613 1680 riualideduci
625 1627 761 1696 possuut3
779 1622 883 1697 quippe
893 1615 978 1682 exiis
989 1622 1255 1682 snasritalesideas

210 1708 239 1761 et
252 1703 406 1776 praecipua
427 1704 571 1764 axiomata
592 1711 769 1764 mutuantur.
789 1706 849 1779 Sic,
867 1711 899 1764 ut
919 1705 1093 1780 quibusdam
1114 1705 1257 1779 exemplis

209 1791 283 1860 utar,
300 1785 423 1846 Politice
437 1803 487 1848 seu
502 1787 621 1850 scientia
635 1789 853 1849 administrandi
866 1790 1084 1864 rempublicam,
1100 1789 1256 1865 lortspra·
1375 1824 1376 1839 ι

114 1901 116 1904 -
210 1870 311 1928 alentio
325 1885 377 1928 seu
389 1870 485 1945 legum
504 1871 663 1947 disciplina,
676 1889 714 1932 ex
728 1873 830 1933 morali
844 1873 1033 1948 pbilosopnia,
1046 1873 1123 1932 uude
1138 1877 1258 1932 sumunt

209 1953 358 2027 principia,
374 1953 547 2015 derivantur.
563 1955 706 2016 Batonico
719 1973 771 2016 seu
784 1957 905 2016 scientia
920 1956 1140 2031 vegetabilium,
1158 1955 1257 2014 Zoolo-

210 2038 263 2111 pio
278 2053 329 2096 seu
344 2038 464 2098 scientia
478 2041 677 2116 animantium,
690 2059 707 2101 e
718 2042 838 2117 Physica
851 2041 1011 2100 dimanant.
1028 2041 1217 2101 Astrorwrnt'u
1230 2046 1259 2101 et

209 2120 365 2197 Maeotica,
382 2129 478 2198 utpote
488 2141 524 2184 ex
536 2125 671 2200 Physieae
686 2141 720 2185 ac
731 2125 866 2186 llathesis
881 2126 1045 2185 notionibus
1055 2127 1255 2200 coalescentes,

210 2205 246 2264 ab
261 2205 362 2266 iisdem
373 2207 530 2283 disciplinis
540 2211 770 2285 proficiscuntur.

249 2291 290 2350 15.
308 2292 440 2367 Superest
454 2300 486 2354 ut
499 2295 534 2354 de
548 2296 665 2370 optimo,
682 2296 733 2371 qui
747 2296 779 2356 iu
793 2296 864 2371 ipsis
878 2295 1023 2356 nmeuob
1038 2297 1196 2357 seruandus
1211 2301 1255 2356 est

209 2377 286 2451 ordo,
304 2378 412 2452 aliquid
426 2380 605 2456 eloquamur;
623 2382 673 2456 qui
687 2382 743 2441 etsi
762 2381 885 2441 maximi
905 2381 1044 2441 momenti
1062 2383 1114 2454 sit,
1130 2397 1190 2441 nou
1204 2395 1254 2454 pa·

199 2463 276 2522 ‘rum
292 2469 387 2523 tamen
402 2480 419 2523 a
432 2465 576 2540 plerisque
596 2466 735 2526 bubabrr.
751 2467 792 2525 td
807 2465 911 2525 vitium
925 2467 980 2528 troc
995 2468 1154 2526 carendum
1165 2514 1173 2540 ,
1186 2466 1258 2524 haec

208 2563 277 2620 prae
298 2549 388 2608 oculis
407 2549 506 2623 regula
524 2551 785 2612 habendaeque
806 2551 979 2626 disciplina,
996 2566 1074 2624 quoe
1093 2551 1133 2608 od
1153 2557 1260 2608 ceteros

209 2632 324 2707 cliriptt,
337 2633 381 2692 oet
390 2649 426 2692 aa
441 2650 504 2708 quo
514 2633 591 2694 altae
601 2636 823 2712 principissae
835 2632 1255 2710 onetoootnrprociredebat.

210 2716 294 2775 dirius
307 2718 453 2792 praecepti
474 2719 629 2778 necessitas
643 2719 765 2794 emergit
779 2736 816 2779 ex
831 2736 881 2794 eo,
900 2720 977 2794 quod
997 2734 1080 2778 secus
1095 2717 1255 2790 evidentia,

209 2801 271 2860 sine
286 2817 343 2876 qua
357 2801 436 2860 nulla
450 2807 493 2862 est
507 2803 640 2878 scientia,
657 2821 675 2863 a
688 2805 857 2865 notionibus
871 2805 1016 2877 armarat,
1033 2818 1104 2877 quas
1122 2802 1257 2862 discendo
1373 2796 1374 2865 l

209 2887 421 2962 consequimur.
438 2887 498 2946 Nou
519 2889 597 2947 enim
618 2889 795 2949 consectaria
819 2888 977 2949 intellectui
996 2887 1143 2948 euidenter
1160 2892 1257 2961 patere

207 2977 341 3046 possuut3
358 2971 416 3031 uisi
430 2977 513 3032 autea
528 2973 678 3049 principia,
696 2975 773 3034 uude
787 2976 894 3048 fluunt,
910 2979 995 3049 atque
1009 2989 1053 3046 ea,
1070 2987 1142 3047 quae
1157 2969 1257 3030 orrliue

207 3057 391 3130 praecedunt,
412 3058 488 3116 clare
502 3059 656 3118 notuerint.
669 3059 778 3134 Exque
793 3059 877 3119 facile
891 3059 946 3118 erit
959 3059 1087 3119 iudicare
1102 3071 1258 3131 quamnam
1372 3050 1373 3057 ’

209 3141 390 3215 disciplinam
411 3141 524 3216 praetre
545 3148 686 3217 oporteat,
703 3160 846 3219 quamque
868 3144 1016 3218 subsequi.
1040 3142 1143 3216 logica
1163 3141 1255 3213 euim,

209 3241 281 3298 quae
296 3225 327 3284 iu
341 3242 374 3286 eo
388 3233 441 3301 est,
458 3233 489 3286 ut
503 3228 674 3288 documenta
688 3230 789 3303 tradat,
807 3230 916 3304 quibus
935 3245 1018 3288 meus
1032 3229 1063 3286 iu
1078 3227 1196 3285 cantate
1210 3241 1257 3284 ca·

208 3311 348 3384 pessenda
366 3319 481 3386 regatru
497 3329 654 3387 verumque
677 3315 781 3375 aialso
800 3317 943 3384 secernat,
960 3311 1038 3370 haud
1058 3310 1178 3370 dubium
1196 3315 1255 3378 est,
1371 3334 1372 3343 ι

209 3395 280 3468 quin
293 3401 359 3454 ante
373 3396 497 3471 reliquas
511 3398 638 3473 praecipi
658 3398 769 3459 debeat.
782 3398 835 3468 Oui
844 3397 923 3456 euim
937 3397 995 3470 liet,
1010 3400 1043 3454 ut
1055 3396 1086 3454 iu
1094 3394 1205 3455 difficili
1220 3395 1257 3454 ad
1371 3450 1372 3475 ,

209 3478 367 3539 ineundum
381 3479 566 3542 scientiarum
590 3482 660 3542 calle
676 3485 794 3559 impune
809 3482 990 3558 gradiamur,
1006 3480 1063 3541 uisi
1076 3481 1157 3556 prius
1171 3481 1257 3541 semi-
1371 3488 1372 3495 ’

210 3568 253 3622 tas
266 3564 341 3647 illuc,
350 3565 493 3640 ducentes,
512 3567 615 3642 quidve
629 3568 661 3627 iu
675 3568 778 3629 itinere
789 3568 949 3642 uitandum,
961 3567 1066 3642 quidue
1080 3565 1258 3640 sequendum

209 3649 255 3721 sit,
271 3649 360 3723 probe
374 3651 554 3712 novenmus‘t
571 3652 698 3713 Proiecto
720 3655 841 3714 scientia
853 3668 928 3729 quae
947 3653 1066 3712 modum
1084 3647 1257 3726 procedendi

209 3733 291 3792 docet
304 3749 486 3794 communem
499 3735 637 3796 omuibus
653 3738 801 3812 seientiiis,
814 3745 879 3797 aute
893 3738 965 3797 alias
981 3735 1128 3796 tractama
1140 3738 1193 3793 est.
1205 3734 1257 3806 dp

118 3828 119 3837 ¹
209 3818 299 3891 posite
314 3819 503 3893 Augustinus:
519 3821 680 3890 «Quomodo
690 3823 871 3884 ratioadalia
881 3822 1049 3886 fabricanda
1061 3819 1202 3892 consuet,
1214 3817 1257 3878 ui·
