2767 4492
554 338 631 381 runis
646 337 788 382 alirunas
1145 326 1196 385 roa

183 424 263 492 Quae
278 431 344 481 cum
359 423 399 480 ita
414 421 485 494 sint,
504 421 655 480 manifesto
674 421 857 494 consequitur
870 423 1034 482 subiectura
1049 427 1078 482 et
1098 424 1196 483 teram-

149 525 225 568 aaua
243 507 314 567 iuris
335 505 447 566 nonnisi
465 516 618 580 personam
637 505 765 580 aliquam
781 521 843 563 esse
862 522 958 580 posse,
976 509 1111 568 nimirum
1130 509 1196 571 sub-

150 593 285 652 stantiam
307 592 453 650 intellecta
466 596 495 650 et
508 590 653 650 uoluntate
668 595 799 649 ornatam
820 592 921 664 suique
936 594 1090 653 consciam.
1108 595 1141 653 Et
1159 595 1196 653 ad

151 677 306 738 terminum
315 677 431 751 quidem
441 675 516 749 quod
531 676 647 748 attinet,
664 690 710 735 res
725 675 793 734 satis
803 690 855 749 per
865 691 896 734 se
907 682 992 749 patet.
1006 679 1107 752 Nequit
1116 679 1194 738 euim

149 758 282 836 obligatio
296 761 413 820 moralis
422 761 547 834 allicere,
558 761 615 819 uisi
629 775 680 820 eas
691 759 822 818 libertate
831 761 1008 834 praeditum,
1020 762 1136 822 libertas
1145 780 1193 823 au·

150 853 207 906 tem
221 847 436 921 intelligentiam
452 852 481 905 et
495 846 700 904 conscientiam
711 845 837 919 prolecto
849 845 992 904 subaudit.
1007 846 1084 905 ldeur
1093 849 1193 908 simili-

149 937 192 990 ter
200 936 309 990 coastat
324 932 359 990 de
370 931 506 990 subiecto.
518 931 598 1002 llam,
618 945 684 988 cour
698 929 743 988 ius
754 930 791 987 ab
807 929 909 988 ordiue
920 934 1083 1002 generetur3
1095 934 1194 1005 nequit

149 1017 327 1077 efflorescere
338 1015 392 1075 nisi
403 1015 433 1074 in
444 1021 522 1088 ente,
540 1014 587 1072 eui
600 1020 754 1088 conceptus
770 1014 883 1073 ordinis·
892 1013 1035 1088 affulgeat,
1051 1015 1192 1088 distetque

147 1102 202 1161 hoc
216 1102 262 1160 vel
275 1101 345 1160 illud
360 1106 550 1174 opportunum
565 1115 627 1159 esse
643 1105 693 1158 aut
708 1099 796 1157 etiam
810 1099 1006 1159 necessarium
1025 1098 1086 1172 lini,
1106 1115 1192 1172 quern

148 1186 231 1246 nobis
246 1191 349 1244 natura
363 1183 531 1258 praestituit.
551 1183 582 1242 ld
596 1188 692 1242 autem
705 1183 806 1257 procul
826 1183 913 1242 dubio
931 1183 1148 1256 intelligentiam
1164 1189 1193 1242 et

149 1271 322 1330 voluntatem
333 1275 361 1327 et
371 1267 575 1327 conscientiam
585 1268 617 1328 iu
627 1268 756 1327 subiecto
766 1267 896 1341 requirit.
908 1269 1017 1326 littero
1032 1267 1191 1327 subiectum

147 1353 306 1427 eiusmodi,
324 1367 390 1412 cum
408 1352 438 1411 iu
456 1369 486 1412 se
501 1353 539 1412 sit
553 1357 581 1411 et
599 1353 636 1412 ad
649 1353 739 1413 alium
753 1369 812 1412 uon
827 1353 982 1427 pertineat,
1003 1367 1089 1411 seusu
1104 1358 1192 1411 meta·
1291 1377 1294 1382 ·

147 1439 265 1514 physico
275 1453 397 1512 persona
409 1443 536 1497 vocatur.
551 1439 604 1496 Sed
620 1438 707 1497 etiam
719 1453 839 1513 persona
853 1438 973 1497 dicenda
982 1441 1026 1496 est
1034 1451 1120 1495 seusu
1131 1452 1191 1496 mo·

147 1523 214 1595 rati,
232 1523 372 1596 siquidem
387 1539 438 1582 ens
455 1522 613 1596 eiusmodi,
631 1538 698 1580 curu
712 1523 778 1581 linis
794 1523 831 1580 sit
845 1522 991 1593 utilitatis,
1009 1535 1081 1594 quae
1096 1536 1131 1578 ex
1148 1537 1190 1579 re·

146 1607 201 1666 bus
214 1609 295 1666 alteo
310 1607 430 1666 conditis
440 1608 548 1666 eruitur
565 1610 589 1680 t,
599 1608 629 1665 in
640 1623 670 1667 se
680 1607 782 1666 morali
792 1606 879 1666 etiam
888 1605 1112 1665 consideratione
1122 1605 1188 1663 sub·
1279 1626 1282 1629 ·

148 1693 236 1766 sistit,
250 1699 389 1766 quatenus
405 1693 467 1751 eius
481 1691 669 1766 operationes,
683 1693 737 1751 sub
753 1692 806 1750 lroo
820 1699 960 1765 respectu,
977 1705 1035 1749 uon
1051 1690 1086 1748 ad
1100 1690 1188 1748 aliurn

145 1776 323 1849 referuntur,
337 1776 386 1836 sed
401 1776 431 1834 iu
446 1775 508 1850 ipso
523 1784 657 1850 operante
669 1777 859 1835 terminantur
875 1779 899 1833 2.
912 1776 1003 1843 Quare
1017 1775 1047 1833 in
1058 1789 1189 1832 sermone

144 1861 246 1920 morali
260 1867 289 1920 et
303 1861 432 1934 iuridieo,
445 1877 618 1935 quemquam
632 1867 664 1920 ut
674 1877 826 1936 personam
840 1861 961 1934 spectari
976 1865 1061 1932 atque
1075 1867 1107 1916 ut
1120 1858 1188 1917 iuri-

145 1945 199 2005 bus
213 1946 385 2005 instructum
397 1946 527 2020 agnosci,
540 1947 618 2005 idem
628 1947 747 2005 omniuo
760 1951 882 2020 putatur.

180 2033 281 2104 lertio,
298 2030 582 2090 animadvertendum
596 2036 657 2104 est,
674 2030 824 2090 materiam
839 2047 890 2090 seu
904 2029 1047 2091 obiectum
1061 2029 1131 2088 iuris
1146 2043 1187 2088 es·

145 2132 175 2177 se
190 2132 272 2190 posse
290 2131 347 2174 uon
362 2117 445 2174 modo
460 2116 653 2189 operationem
668 2115 759 2190 ipsius
776 2115 906 2189 sabboti,
923 2117 973 2175 sed
988 2115 1074 2174 etiarn
1088 2129 1186 2188 opera·

145 2203 251 2262 tionem
267 2201 396 2274 tenuitati,
422 2205 450 2258 et
470 2215 532 2274 repr
547 2201 704 2274 quamlibet
727 2218 800 2276 quae
815 2207 945 2275 respectu
964 2201 1088 2260 bominis
1101 2200 1183 2259 ratio·

143 2302 210 2344 nem
225 2286 328 2344 lrabeat
343 2285 431 2344 medii
445 2285 626 2344 consentanei
641 2285 676 2344 ad
693 2286 780 2344 sruern
795 2285 836 2345 illi
852 2302 869 2344 a
883 2292 986 2344 natura
1000 2286 1185 2361 propositum.

143 2371 177 2430 llt
191 2387 258 2429 sune
273 2370 440 2429 adhomiuis
453 2369 561 2428 bouum
577 2376 605 2428 et
620 2371 823 2443 perlectionem
839 2372 1050 2444 procurandum
1061 2387 1118 2429 nou
1129 2386 1187 2428 uro

143 2457 179 2516 do
195 2455 257 2514 eius
265 2454 443 2530 operationes
459 2460 543 2529 atque
560 2471 605 2513 res
616 2459 845 2528 aeternaequae
855 2455 995 2512 mundum
1008 2454 1186 2512 materialem

143 2547 302 2618 ellormaut,
320 2561 336 2604 a
351 2551 454 2604 natura
468 2545 640 2618 diriguntur,
663 2544 813 2604 sedetiam
837 2544 963 2601 actiones
978 2541 1140 2600 alioruurad
1156 2543 1183 2600 id

141 2632 269 2690 maxime
292 2631 420 2689 conterre
435 2637 563 2704 pessunt.
576 2647 578 2653 ’
589 2630 660 2703 Ergo
676 2631 701 2688 si
717 2630 789 2687 torte
805 2634 917 2701 propter
936 2626 1111 2698 relationem,
1129 2641 1185 2697 qua

142 2718 205 2790 quis
227 2732 293 2775 curn
314 2707 369 2774 alio
384 2716 553 2787 devincitur,
570 2715 638 2772 ordo
661 2715 756 2772 iubeat
782 2720 813 2770 ut
829 2712 875 2768 hic
895 2711 1034 2768 actionem
1060 2709 1185 2782 aliquam

141 2806 241 2858 exerat
253 2801 284 2857 ia
299 2800 407 2857 bonum
426 2806 455 2856 et
468 2799 620 2856 utilitatem
635 2797 726 2869 illius3
744 2802 820 2854 certe
835 2795 927 2867 quoad
946 2794 1085 2852 eiusmodi
1100 2795 1183 2852 actio

140 2896 208 2942 uem
226 2883 353 2941 olllcium
376 2882 407 2938 iu
422 2897 479 2940 uno
503 2887 637 2954 exsurget
662 2887 690 2938 ot
705 2881 749 2937 ius
771 2880 801 2937 in
821 2879 918 2936 altero.
941 2879 1013 2937 lliuc
1035 2878 1177 2952 obligatio,

140 2979 213 3041 quae
233 2965 290 3023 iuri
311 2965 462 3038 respondet
476 2969 505 3023 et
520 2980 593 3037 quae
608 2963 730 3022 iuridica
754 2966 944 3046 nuncupatur,
968 2965 999 3021 iu
1012 2964 1182 3038 negativam

137 3050 287 3127 partienda
313 3055 398 3108 estet
414 3049 582 3123 positivum.
606 3050 666 3108 Nou
684 3048 762 3107 enim
781 3063 894 3123 semper
917 3049 948 3106 in
971 3049 1026 3107 hoc
1045 3049 1179 3123 cernitur,

136 3135 220 3209 quod,
236 3134 298 3193 iure
312 3134 343 3192 iu
358 3133 451 3206 aliquo
466 3133 587 3206 rigente,
604 3133 709 3208 reliqui
723 3149 822 3192 omues
838 3139 988 3192 teneantur
999 3134 1061 3192 eius
1076 3135 1180 3193 actioni

136 3220 314 3281 obstaculum
329 3221 440 3278 nullum
455 3235 609 3294 opponere,
622 3223 672 3280 sed
691 3237 776 3296 saepe
791 3221 877 3281 etiarn
892 3223 1004 3280 adrem
1026 3221 1071 3280 rel
1095 3221 1180 3281 actio·

136 3321 203 3366 uem
219 3305 301 3364 alteri
310 3305 502 3364 exhibendam
516 3305 675 3380 adstringit.
692 3309 734 3366 An
748 3323 814 3369 xero
830 3306 926 3367 omnia
940 3307 1063 3366 liliorum
1073 3306 1176 3380 oldaia,

180 3459 191 3504 l
212 3457 289 3504 Gonlm
305 3471 360 3520 ques
376 3457 469 3504 diruam
483 3458 507 3505 in
524 3459 667 3519 Comolopt'o
677 3477 697 3507 e.
710 3460 734 3524 li,
747 3457 785 3508 ubi
801 3461 825 3507 iu
841 3476 915 3508 rerum
931 3456 1120 3506 molitionsliuem
1132 3457 1180 3518 glo-

133 3533 191 3598 rias,
209 3550 264 3596 queo
279 3533 330 3579 indo
345 3533 447 3592 assultat,
468 3551 514 3582 esso
529 3535 611 3598 mum,
630 3536 698 3584 linem
716 3537 817 3583 utilitatis
837 3552 885 3584 esso
905 3535 1017 3584 homiuem
1038 3535 1178 3581 domonstra-

133 3627 212 3660 rimus.

180 3687 195 3731 2
213 3688 244 3732 llo
259 3687 367 3734 industris
384 3685 428 3733 diri
444 3686 485 3734 sub
501 3686 541 3734 boe
556 3694 663 3752 respectu,
682 3690 741 3754 quis,
759 3690 842 3738 assiste
857 3689 1039 3752 consideratione,
1051 3688 1121 3752 ipsam
1137 3687 1180 3736 uti·

133 3758 232 3825 litatem,
249 3779 314 3824 wem
330 3763 395 3810 horno
411 3765 548 3828 assequitur,
566 3765 593 3810 ud
611 3765 670 3812 eliud
686 3767 767 3813 reterre
783 3771 870 3830 potest,
888 3771 994 3828 quatem
1011 3765 1072 3813 illam
1093 3771 1180 3828 appetet

133 3849 178 3881 nou
192 3839 243 3897 quis
257 3839 394 3886 commodum
409 3842 509 3902 operanti
526 3840 604 3903 alfort,
623 3842 660 3887 sed
677 3844 728 3905 quis
745 3843 772 3888 sb
788 3844 837 3904 ipso
852 3843 930 3889 ordios
946 3843 1053 3890 obiectiso
1068 3843 1178 3905 praescri-

132 3909 201 3980 bitur,
216 3917 238 3962 st
251 3915 290 3964 Dei
307 3911 398 3984 gloriam
414 3923 504 3988 spectet.
523 3917 578 3968 t'ido
594 3933 649 3988 quta
665 3919 760 3989 ‹tbimuq
774 3921 872 3999 ΒΜ(
887 3935 935 3988 ⁰¹1³·
953 3920 978 3990 ⁴2
994 3925 1036 3970 Ἢ·
1052 3917 1161 3996 41981
