2767 4492
239 309 294 372 ill
568 313 957 368 rmrarnrsrdronunnlnrs

235 409 286 469 sed
304 408 444 469 obiectlre
467 406 596 468 consistit
613 409 645 466 in
668 408 738 482 ipsis
756 405 982 466 dimensionibus
1002 405 1177 465 extensionis
1195 403 1283 478 illius,

240 499 327 568 prout
340 495 415 553 inter
429 509 460 552 se
474 494 622 552 distentet
636 491 825 552 substantiam
835 491 969 564 corporis,
980 491 1055 564 quod
1070 491 1209 564 alliciunt,
1220 505 1286 550 cou-

136 599 141 606 ·
242 580 340 638 tinent.
357 581 419 652 hut,
436 579 460 637 si
473 579 509 636 de
523 577 614 652 spatio
628 592 686 635 non
702 578 822 648 interno,
841 576 890 634 sed
905 580 1023 634 externo
1039 589 1132 634 sermo
1147 580 1199 648 est,
1216 575 1284 634 adi·

239 663 438 723 mensionibns
451 662 632 722 constituitur
645 661 772 735 corporis
787 660 1007 734 circumstantis,
1023 664 1108 734 prout
1121 660 1158 719 ad
1181 675 1284 734 corpus

240 749 318 808 alind
331 748 479 808 interillos
493 747 690 807 collocandum
700 747 873 806 referuntur.
890 744 1017 804 lacuum
1036 759 1104 804 xero
1120 744 1196 818 quod
1209 745 1285 804 inter

241 849 290 893 eas
299 838 468 907 superesset,
485 833 510 891 si
524 847 626 905 corpus
640 835 805 890 contentum
820 830 852 890 in
865 829 989 888 nihilum
1004 830 1189 903 redigeretur,
1201 845 1282 888 rere·

239 934 272 977 ra
286 919 358 976 nihil
373 923 425 990 est3
443 922 472 976 et
484 918 515 976 in
530 922 641 975 tantum
654 929 807 974 mensurae
818 913 1085 988 capaxconcipitur,
1098 913 1281 988 inquantum

241 992 391 1062 distantiae
406 1015 566 1075 corporum,
583 998 745 1084 quaeillud
763 997 957 1072 intercipiunt,
974 997 1143 1070 cogitantur,
1169 995 1213 1056 rel
1237 1011 1284 1054 co-

241 1088 347 1160 gitatur
361 1086 490 1146 extensio
505 1085 639 1158 corporis,
656 1083 732 1156 quod
746 1083 787 1142 ibi
802 1083 890 1142 locari
903 1087 1007 1156 posset.

275 1173 317 1230 En
331 1172 385 1229 hac
399 1170 490 1244 spatii
512 1169 601 1228 rooles
616 1168 740 1240 notione,
756 1181 843 1241 quam
868 1166 1081 1242 apprehendere
1104 1167 1227 1226 solemus
1251 1166 1284 1226 in

239 1256 413 1330 corporibus,
436 1254 473 1312 ad
492 1253 584 1328 spatii
606 1252 789 1327 imaginarii
810 1257 978 1325 conceptum
1000 1252 1185 1326 assurgimus
1206 1251 1283 1324 quod

238 1340 414 1415 concipimus
428 1338 516 1398 relati
530 1338 718 1412 capacitatem
732 1337 918 1396 locandorum
931 1351 1092 1411 corporum,
1114 1336 1176 1395 sine
1189 1339 1283 1396 muta·

239 1426 314 1485 tione
331 1431 380 1483 aut
393 1424 532 1492 terminis,
549 1422 633 1496 eique
647 1423 832 1496 imaginando
847 1421 952 1482 trinam
971 1421 1103 1480 addimus
1127 1419 1282 1479 dimensio-

238 1526 316 1582 nem,
332 1507 528 1581 longitudinis,
540 1506 709 1580 latitudinis,
721 1506 888 1579 altitudinis,
904 1521 937 1564 eo
948 1506 1038 1564 ferme
1048 1504 1141 1574 modo,
1152 1519 1207 1578 quo
1218 1518 1284 1562 eam

238 1600 304 1654 actu
327 1590 569 1666 apprehendimus
592 1590 625 1648 in
639 1597 750 1649 natura.
767 1591 871 1650 Verum
884 1590 932 1649 hic
946 1594 1099 1664 conceptus
1119 1588 1192 1648 nihil
1206 1587 1285 1647 reale

236 1683 318 1737 extra
337 1675 538 1747 rogationem
557 1674 682 1749 positum
699 1690 799 1734 revera
820 1680 1023 1749 repraesentet,
1045 1675 1096 1733 sed
1116 1673 1221 1748 partim
1245 1687 1285 1733 ex

236 1762 352 1822 notione
365 1758 562 1833 possibilitatis
576 1759 735 1832 cuiusdam,
750 1760 855 1834 partim
870 1775 907 1818 ex
927 1758 1126 1834 phantasmate
1143 1758 1285 1831 imagina-

238 1846 323 1906 tionis
337 1843 524 1917 componitur.
540 1843 611 1903 Nam
621 1849 762 1917 qrratenus
776 1845 962 1917 capacitatem
977 1843 1205 1902 collocandorum
1221 1856 1284 1902 cor·

240 1943 344 2004 porum
358 1928 546 2002 amplectitur,
561 1928 604 1986 nil
618 1928 695 1988 aliud
709 1945 809 2003 reapse
823 1929 948 2002 exhibet,
965 1929 1022 1987 nisi
1036 1929 1129 2001 ipsam
1143 1927 1285 2001 possibib-

240 2019 327 2074 tatem
347 2012 430 2086 spatii
447 2014 542 2086 realis,
563 2013 639 2088 quod
665 2015 796 2088 proxime
815 2014 1026 2088 descripsimus.
1050 2013 1107 2072 lloc
1124 2012 1192 2086 ipso
1206 2011 1285 2071 enim

239 2100 315 2173 quod
329 2113 447 2171 corpora
460 2104 528 2158 sunt
544 2099 700 2173 possibilis,
719 2115 751 2158 ac
767 2101 791 2158 si
802 2100 966 2172 existerent,
981 2098 1105 2172 spatium
1114 2097 1190 2156 reale
1201 2109 1282 2170 prae·

241 2183 351 2254 herent,
368 2183 430 2241 eius
444 2184 586 2256 capacitas
600 2199 652 2242 seu
665 2183 838 2258 possibilitas
853 2190 948 2242 mente
962 2183 1112 2242 informari
1125 2186 1227 2256 potest.
1251 2179 1285 2240 Et

239 2267 537 2342 quoniam-possibilia
550 2283 668 2342 corpora
681 2268 760 2328 nullo
781 2283 900 2328 numero
914 2273 1089 2342 coercentur,
1109 2267 1215 2326 idcirco
1237 2269 1282 2326 est

241 2353 318 2425 qnod
331 2353 403 2411 haec
417 2352 559 2425 capacitas
573 2358 606 2412 ut
619 2353 731 2412 inlinita
746 2353 792 2411 rel
810 2353 913 2412 melius
926 2353 1075 2411 indefinita
1094 2351 1282 2424 concipiatur.

236 2437 363 2510 itemque
378 2451 555 2496 cumrerum
569 2438 750 2510 possibilitas,
761 2443 793 2498 ut
808 2438 878 2496 alias
888 2438 1024 2510 diximus,
1036 2435 1224 2496 immutabilis
1246 2434 1284 2494 sit

238 2530 268 2580 et
285 2527 415 2594 aeterna,
435 2521 505 2580 hinc
520 2521 607 2580 etiam
629 2522 662 2580 iit
676 2527 708 2581 ut
722 2522 864 2596 capacitas
879 2523 1020 2580 abstracta
1035 2535 1186 2595 corporum
1200 2520 1284 2580 collo

237 2605 404 2677 candomm,
420 2611 452 2664 ut
475 2605 544 2678 qnid
562 2611 710 2664 aeternum
725 2613 753 2664 et
772 2607 834 2666 sine
848 2607 1013 2665 mutationis
1022 2605 1218 2664 vicissitudine
1236 2619 1281 2662 re·

236 2693 441 2763 praesentetur.
458 2689 592 2763 Denique,
609 2691 677 2763 quia
687 2691 728 2749 sic
744 2692 886 2764 capacitas
901 2691 950 2750 illa
973 2689 1205 2765 inpossibilitate
1221 2695 1283 2750 tan·

237 2780 298 2836 tum
312 2775 439 2848 inspecta
450 2774 487 2832 ab
507 2775 611 2834 actuali
630 2776 782 2834 existentia
804 2791 954 2850 corporum
973 2791 1030 2834 non
1044 2776 1157 2850 pendet3
1175 2774 1282 2834 idcirco

235 2862 278 2918 est
292 2859 368 2933 quod
382 2865 415 2918 ut
429 2859 558 2920 absoluta
573 2866 601 2918 ot
610 2861 697 2920 rebus
712 2861 814 2922 ceteris
828 2876 887 2920 non
901 2861 1002 2920 innixa
1017 2859 1165 2934 cogitetur.
1189 2860 1281 2934 Atque

236 2945 267 3004 id
288 2959 373 3002 omne
398 2944 433 3002 ad
452 2945 669 3017 intelligentiam
688 2947 820 3018 pertinet.
838 2946 908 3005 Huic
923 2961 991 3004 vero
1005 2945 1086 3004 ideae
1109 2944 1283 3018 phantasma

235 3028 449 3102 imaginationis
463 3029 636 3103 emungitur,
652 3036 792 3103 quatenus
808 3031 887 3104 baec,
906 3045 973 3089 cum
987 3029 1060 3088 nihil
1074 3029 1131 3088 nisi
1146 3043 1281 3103 corporeo

235 3113 320 3173 modo
343 3119 557 3186 repraesentare
572 3114 664 3172 valeat
683 3120 712 3172 et
734 3121 830 3173 actum
848 3113 1052 3188 intelligentiae
1066 3114 1097 3172 iu
1112 3113 1278 3188 capacitate,

235 3211 323 3270 quam
345 3195 480 3265 diximus,
496 3198 646 3270 cogitanda
660 3197 821 3270 comitetur,·
837 3200 943 3258 trinam
957 3199 999 3258 illi
1014 3199 1104 3272 alligit
1127 3197 1280 3258 dimensio

236 3296 314 3353 nem,
329 3279 383 3338 snb
398 3287 530 3340 concreta
544 3281 668 3354 quadam
682 3283 845 3342 etsensibili
857 3284 957 3342 torma.
968 3283 1057 3358 litque
1068 3283 1152 3342 itaex
1162 3281 1279 3342 mixtio-

233 3378 271 3422 ne
285 3364 433 3437 utriusque
448 3366 639 3438 conceptionis
655 3366 744 3424 fallax
752 3368 865 3441 aliquod
876 3369 1042 3443 procuditur
1051 3373 1205 3442 spectrum,
1222 3379 1280 3440 quo

235 3449 285 3521 qui
300 3463 403 3523 parum
415 3449 544 3523 diligenti
564 3451 697 3510 examine
716 3453 900 3525 cogitationes
920 3469 986 3513 suas
1007 3451 1173 3527 perpendit,
1196 3450 1281 3510 laoile

234 3530 434 3592 hallucinatur.
458 3534 493 3592 ht
506 3535 631 3593 accurati
644 3535 804 3610 philosophi
820 3543 863 3596 est
876 3537 1109 3612 imaginationem
1136 3536 1172 3595 ab
1196 3535 1282 3595 intel-

235 3613 352 3686 ligentia
366 3617 436 3676 scite
450 3633 597 3678 secernere
612 3621 649 3678 ad
663 3621 804 3678 cavendas
819 3622 1008 3696 deceptiones.
1021 3623 1092 3682 Hinc
1106 3626 1139 3681 ut
1153 3621 1189 3682 ad
1203 3620 1283 3680 obie-

236 3702 313 3792 ctam
337 3701 533 3762 dilliealtatem
555 3705 670 3764 redeam
690 3706 838 3780 ipsamque
858 3707 1025 3767 concludam
1047 3707 1209 3782 aliqnando,
1235 3705 1283 3766 aio

234 3782 308 3841 mbil
322 3799 405 3857 posse
418 3786 455 3844 ab
469 3787 533 3848 idea
545 3789 601 3848 hac
615 3791 700 3864 spatii
714 3791 876 3864 imaginarii
891 3808 941 3868 pro
957 3793 1086 3854 eiusdem
1105 3791 1283 3852 adstruenda

235 3868 389 3932 existemm
413 3871 536 3936 desumi.
559 3874 710 3936 Evidenter
729 3876 808 3936 enin
820 3892 859 3939 ex
873 3893 907 3940 ea
921 3882 1012 3954 parte,
1037 3893 1095 3954 qua
1108 3877 1283 3954 imagim
