2767 4492
480 304 535 349 suu
549 302 725 349 ourunoera
757 363 760 368 ¹
1070 295 1121 354 185

91 384 211 444 ordinem
228 387 337 446 habent
355 386 432 446 inter
449 401 489 446 se.
510 386 555 446 Sic
569 388 686 447 allectus
704 389 797 448 omnis
816 391 845 448 et
858 402 945 449 causa
958 390 1124 452 relationem

90 471 113 524 el
124 469 254 530 ordinem
267 472 355 530 unius
369 471 404 529 ad
419 471 539 530 alterum
553 473 720 546 includunt,
742 488 827 546 quem
846 489 864 532 a
878 473 982 534 mentis
995 477 1124 538 couside-

88 553 189 613 ratione
203 572 263 616 non
277 557 419 630 recipiunt
434 557 484 615 scd
498 558 591 632 potius
605 557 695 616 menti
708 559 956 633 contemplandum
969 560 1116 626 obiiciunt.

113 639 200 712 atque
214 641 320 701 harum
334 641 505 701 relationum
525 641 646 701 realium
665 641 818 700 existentia
833 659 870 701 ex
883 644 946 720 ipsa
964 652 1124 707 creatorum

82 723 183 783 entium
198 727 361 786 conditione
380 727 505 786 resultat.
529 727 634 787 Rerum
653 728 732 785 anim
750 727 942 788 univcrsitatis
961 733 1123 794 constitutio

78 809 166 878 poscit
180 815 217 869 ut
231 817 325 871 certus
339 827 433 872 nexus
448 812 521 871 adsit
535 818 563 870 ct
576 812 645 871 ordo
658 811 745 870 unius
758 811 800 870 rei
815 811 851 870 ad
861 813 947 872 aliam
957 820 985 873 et
994 818 1123 878 omnium

77 891 109 948 ad
122 909 293 969 supremam
305 896 433 969 Causam,
451 913 469 955 a
483 913 539 972 qua
548 897 673 970 pendent
687 895 829 968 etiugiter
839 905 1051 960 conservantur.
1063 903 1122 962 lam

75 991 137 1037 cero
151 979 205 1038 hic
220 982 289 1040 ordo
302 982 403 1041 relatio
420 982 564 1056 quaedam
578 985 630 1040 cst.
639 979 757 1040 -llelatio
772 979 868 1053 onim,
889 986 921 1040 ut
934 983 1013 1058 dixi,
1034 986 1065 1044 in
1079 1001 1123 1046 re

71 1068 172 1134 spectu
187 1070 220 1124 et
232 1065 400 1125 habitudine
414 1067 500 1126 unius
514 1066 551 1124 ad
565 1065 642 1124 aliud
659 1069 716 1123 tota
732 1068 893 1138 quantaque
907 1071 964 1140 est,
983 1077 1120 1128 versatur.

68 1144 141 1219 Ergo
159 1164 232 1208 cum
247 1149 311 1209 talis
325 1150 392 1209 ordo
407 1150 492 1209 realis
506 1151 552 1220 sit,
574 1155 603 1207 et
616 1162 674 1206 nou
690 1149 721 1206 in
735 1152 831 1206 mente
847 1153 956 1208 tantum
971 1153 1021 1212 sad
1035 1154 1065 1212 in
1079 1171 1123 1214 re·

64 1227 121 1289 bns
137 1248 157 1290 a
173 1233 234 1292 Deo
256 1235 378 1293 conditis
395 1234 560 1305 inhaereat3
581 1231 681 1290 relatio
703 1230 807 1302 realis,
828 1246 900 1303 quae
921 1233 1013 1305 ipsam
1026 1252 1122 1297 rerum

63 1322 212 1373 naturam
226 1318 342 1389 alliciat,
362 1319 461 1390 negari
475 1317 561 1389 plane
576 1329 634 1373 non
647 1319 749 1387 potest.

101 1399 165 1456 Nec
187 1397 390 1457 difficultatem
413 1399 518 1472 ingerit
539 1398 614 1472 quod
633 1398 669 1456 ad
692 1397 831 1457 eiusmodi
850 1398 1015 1458 relationem
1032 1405 1123 1475 perci-

62 1481 213 1556 piendam
231 1483 404 1556 comparatio
426 1498 539 1556 semper
561 1482 657 1556 aliqua
677 1481 855 1556 requiratur,
882 1497 954 1555 quae
979 1490 1058 1544 actus
1082 1495 1124 1548 cst

65 1566 188 1625 mentis.
211 1567 283 1627 Nam
298 1568 326 1626 vi
341 1568 559 1643 comparationis
573 1567 658 1626 huius
675 1567 775 1626 relatio
789 1581 845 1625 non
856 1566 995 1644 conditur,
1012 1571 1062 1629 sed
1076 1571 1122 1632 de·

68 1650 198 1725 tegilnr3
221 1667 256 1709 ac
271 1653 389 1725 proinde
403 1653 471 1711 ordo
484 1652 653 1712 relationem
666 1651 793 1711 efficiens
806 1649 838 1710 in
850 1649 937 1710 rebus
950 1651 1030 1727 ipsis,
1050 1669 1122 1729 quac

70 1742 287 1811 comparantur,
309 1742 400 1796 exstet
413 1753 528 1797 necesse
542 1742 594 1798 est.

107 1821 152 1880 53.
169 1822 207 1879 At
220 1821 297 1879 enim
312 1838 384 1895 quae
399 1823 573 1882 condiisses
587 1822 763 1883 necessariae
777 1826 844 1880 sunt
859 1825 890 1881 ut
902 1822 1001 1884 relatio
1011 1825 1117 1888 sitrca-

76 1905 108 1963 lis
121 1910 151 1964 et
165 1921 185 1964 a
200 1905 292 1979 logica
306 1906 515 1981 distinguatur?
533 1909 654 1982 Repono,
671 1921 720 1964 cas
735 1921 796 1966 esse
810 1911 938 1980 quatrrm.

106 1989 203 2048 Prima
217 1998 270 2064 est,
291 1997 323 2049 ut
337 1991 506 2066 subiectum,
523 1992 570 2051 cui
583 1989 681 2048 relatio
697 1990 840 2064 tribuitur,
858 1991 965 2066 aliquid
978 1997 1053 2056 rcalc
1066 1999 1114 2058 sit.

74 2069 193 2133 Evidens
209 2075 287 2133 enim
302 2081 346 2133 est
360 2091 419 2135 non
432 2091 515 2149 posse
529 2074 635 2135 realem
649 2074 776 2133 ordinem
787 2075 913 2135 subiecto
923 2083 1116 2142 conomantitio

71 2164 120 2216 aut
133 2159 226 2232 logico
242 2161 409 2236 inhaerere3
431 2160 571 2236 siquidem
586 2157 722 2232 quidquid
736 2159 767 2218 in
782 2159 908 2220 subiecto
924 2163 1018 2237 aliquo
1031 2165 1115 2242 inest,

70 2241 133 2301 cius
148 2245 342 2305 conditionem
357 2246 494 2320 sequitur.

105 2327 238 2406 Secunda
251 2334 303 2402 est,
317 2335 348 2389 ut
357 2331 584 2402 fundamentum,
595 2328 671 2388 unde
681 2329 781 2390 relatio
795 2333 931 2406 exsurgit,
943 2334 1019 2393 reale
1030 2336 1116 2396 etiam

72 2409 115 2468 sit.
137 2413 243 2488 Nequit
255 2413 333 2473 enim
349 2414 495 2488 quidpiam
508 2428 622 2472 causam
636 2414 783 2490 excedere,
804 2431 821 2473 a
835 2431 891 2490 qua
905 2417 1041 2492 procedit.

102 2496 204 2571 Tertia,
228 2502 259 2556 ut
274 2499 421 2572 terminus,
443 2514 528 2573 quem
541 2497 640 2557 relatio
654 2498 787 2573 respicit,
809 2506 874 2559 actu
888 2501 934 2560 sit.
956 2501 1024 2560 dum
1039 2504 1116 2564 eninr
1146 2539 1148 2544 -

70 2596 171 2641 munus
186 2582 335 2644 relationis
350 2584 381 2642 in
394 2585 447 2643 hoc
461 2587 598 2658 pouadu,
618 2588 650 2642 ιιι
663 2599 724 2644 rem
738 2599 826 2642 unam
841 2586 878 2643 ad
892 2601 952 2644 rern
969 2585 1055 2646 aliam
1069 2605 1114 2649 re·

71 2665 147 2740 ierat,
165 2683 273 2742 nempe
287 2668 448 2729 subiectum
460 2669 495 2727 ad
511 2669 680 2743 terminum,
698 2669 775 2728 hunc
791 2677 856 2728 actu
870 2675 983 2730 exstare
998 2688 1116 2735 rreccssc

71 2755 125 2824 cst,
145 2758 179 2811 ιιι
195 2753 265 2812 ordo
284 2753 358 2813 inter
377 2753 471 2827 ipsum
488 2755 517 2810 et
535 2753 695 2811 subiectum
710 2759 776 2810 actu
790 2753 958 2813 intercedat:
979 2755 1057 2824 Quod
1074 2759 1115 2816 di-

72 2839 146 2894 clnm
167 2837 312 2910 intelligas
327 2837 362 2894 de
376 2833 551 2908 respectibus
568 2835 622 2907 iis,
645 2834 695 2907 qui
714 2835 827 2908 proprie
844 2835 993 2895 adventitii
1008 2844 1074 2896 sunt
1088 2846 1116 2898 ct

71 2916 214 2981 internam
227 2924 324 2979 rarum
337 2928 468 2976 naturam
481 2932 540 2974 non
555 2919 706 2990 attingunt.
725 2917 894 2989 Neutiquam
917 2935 984 2976 veru
998 2923 1114 2981 extendi

69 3002 152 3063 debet
168 3005 207 3061 ad
222 3018 270 3060 eas
284 2999 443 3073 relationes,
464 3014 539 3073 quae
552 2999 665 3072 proprie
680 2999 728 3057 tali
744 2999 833 3057 classe
847 3015 905 3058 non
919 3003 1109 3080 continentur,

70 3094 95 3146 ct
108 3101 237 3162 quarum
246 3100 350 3144 munus
360 3098 418 3141 non
428 3089 471 3142 est
482 3084 636 3140 terminum
644 3081 787 3157 respicere
797 3083 953 3160 dumtaxat,
971 3089 1021 3148 sed
1035 3104 1113 3164 prae

70 3177 144 3232 terea
157 3171 212 3244 rei,
233 3169 279 3228 cui
293 3169 411 3240 insunt,
434 3172 566 3226 naturam
580 3166 768 3227 determinare
782 3187 789 3242 ;
809 3168 901 3242 qualis
915 3177 990 3232 esset
1004 3188 1051 3232 ex.
1068 3189 1110 3249 gr.

71 3257 135 3316 ordo
150 3272 184 3316 ac
200 3254 299 3314 relatio
314 3253 456 3313 facultatis
466 3253 615 3312 cuiusdam
630 3247 667 3311 ad
680 3269 765 3312 suum
782 3253 934 3316 obiectum.
954 3258 1012 3317 Hae
1032 3260 1109 3320 enim

70 3341 219 3402 relationes
232 3355 283 3399 seu
295 3342 440 3414 respectus
454 3338 517 3398 dari
532 3342 659 3412 possunt,
681 3344 833 3413 antequam
847 3345 939 3400 exstet
953 3342 1108 3418 terminns;
1216 3337 1222 3350 '

71 3440 155 3501 eoque
169 3425 289 3500 sublato,
311 3429 379 3484 sunt
392 3423 567 3499 superstites.
771 3483 773 3492 ,

103 3512 207 3579 Quarta
220 3510 343 3569 conditio
362 3516 405 3570 est
425 3509 511 3570 realis
533 3509 676 3570 distinctio
689 3510 765 3570 inter
778 3511 997 3574 tundamentum
1011 3518 1041 3572 et
1055 3519 1108 3574 ter·

71 3596 188 3655 minum.
209 3595 371 3656 Subiectum
385 3595 463 3655 enim
480 3611 538 3655 non
552 3597 674 3655 refertm
688 3596 725 3660 ad
741 3596 911 3671 crunnum,
935 3598 992 3657 nisi
1012 3605 1108 3671 quale·

71 3693 121 3738 nus
136 3681 319 3740 fundamento
332 3681 477 3740 relationis
498 3680 631 3740 afficiam.
651 3680 690 3739 Ea
705 3688 818 3756 antem,
837 3696 910 3755 quae
927 3681 1050 3742 invicem
1065 3699 1108 3744 ra-
1145 3755 1150 3764 ,

72 3760 214 3838 lenmtur,
235 3765 363 3825 ordinem
377 3770 406 3824 et
419 3765 624 3840 oppositionem
645 3763 752 3825 habent
773 3765 847 3824 inter
861 3781 910 3840 se;
931 3767 998 3828 ordo
1012 3775 1107 3830 autem

73 3851 98 3906 et
111 3851 247 3924 oppositio
264 3849 378 3912 nonnisi
388 3850 517 3913 interrae
530 3851 677 3913 deductae
691 3849 770 3913 cerni
784 3854 885 3925 potest.
901 3851 1106 3916 advertendum
