<?xml version="1.0" encoding="UTF-8"?>
<!DOCTYPE html PUBLIC "-//W3C//DTD XHTML 1.0 Transitional//EN"
    "http://www.w3.org/TR/xhtml1/DTD/xhtml1-transitional.dtd">
<html xmlns="http://www.w3.org/1999/xhtml" xml:lang="en" lang="en">
 <head>
  <title>
</title>
<meta http-equiv="Content-Type" content="text/html;charset=utf-8" />
  <meta name='ocr-system' content='tesseract 3.04.00' />
  <meta name='ocr-capabilities' content='ocr_page ocr_carea ocr_par ocr_line ocrx_word'/>
</head>
<body>
  <div class='ocr_page' id='page_1' title='image "./institutionesph00libegoog_0772.png"; bbox 0 0 2767 4492; ppageno 0'>
   <div class='ocr_carea' id='block_1_1' title="bbox 217 322 1278 1434">
    <p class='ocr_par' dir='ltr' id='par_1_1' title="bbox 220 322 1275 1009">
     <span class='ocr_line' id='line_1_1' title="bbox 220 322 823 393; baseline -0.01 -3"><span class='ocrx_word' id='word_1_1' title='bbox 220 322 275 393; x_wconf 76' lang='lat' dir='ltr'>stt</span> <span class='ocrx_word' id='word_1_2' title='bbox 557 380 562 391; x_wconf 87' lang='lat'><em>.</em></span> <span class='ocrx_word' id='word_1_3' title='bbox 660 336 823 387; x_wconf 76' lang='lat' dir='ltr'>senneser</span> 
     </span>
     <span class='ocr_line' id='line_1_2' title="bbox 223 410 1273 500; baseline -0.01 -15"><span class='ocrx_word' id='word_1_4' title='bbox 223 427 343 486; x_wconf 90' lang='lat' dir='ltr'>tandum</span> <span class='ocrx_word' id='word_1_5' title='bbox 361 437 462 500; x_wconf 87' lang='lat' dir='ltr'>prona,</span> <span class='ocrx_word' id='word_1_6' title='bbox 473 422 671 484; x_wconf 81' lang='lat' dir='ltr'>uehementius</span> <span class='ocrx_word' id='word_1_7' title='bbox 686 427 909 483; x_wconf 75' lang='lat' dir='ltr'>commoventur.</span> <span class='ocrx_word' id='word_1_8' title='bbox 928 418 965 479; x_wconf 89' lang='lat' dir='ltr'>lis</span> <span class='ocrx_word' id='word_1_9' title='bbox 979 432 1046 477; x_wconf 82' lang='lat' dir='ltr'>tero</span> <span class='ocrx_word' id='word_1_10' title='bbox 1059 414 1118 476; x_wconf 87' lang='lat' dir='ltr'>ianr</span> <span class='ocrx_word' id='word_1_11' title='bbox 1134 410 1273 489; x_wconf 82' lang='lat' dir='ltr'>grandiu-</span> 
     </span>
     <span class='ocr_line' id='line_1_3' title="bbox 221 500 1273 586; baseline -0.011 -15"><span class='ocrx_word' id='word_1_12' title='bbox 221 512 326 586; x_wconf 86' lang='lat' dir='ltr'>sculis,</span> <span class='ocrx_word' id='word_1_13' title='bbox 343 527 450 572; x_wconf 90' lang='lat' dir='ltr'>munus</span> <span class='ocrx_word' id='word_1_14' title='bbox 464 511 573 570; x_wconf 86' lang='lat' dir='ltr'>altioris</span> <span class='ocrx_word' id='word_1_15' title='bbox 588 510 766 569; x_wconf 78' lang='lat' dir='ltr'>educationis</span> <span class='ocrx_word' id='word_1_16' title='bbox 780 509 886 584; x_wconf 88' lang='lat' dir='ltr'>optime</span> <span class='ocrx_word' id='word_1_17' title='bbox 898 509 1031 582; x_wconf 88' lang='lat' dir='ltr'>potemnt</span> <span class='ocrx_word' id='word_1_18' title='bbox 1049 507 1182 577; x_wconf 88' lang='lat' dir='ltr'>parentes</span> <span class='ocrx_word' id='word_1_19' title='bbox 1191 500 1273 559; x_wconf 89' lang='lat' dir='ltr'>dele-</span> 
     </span>
     <span class='ocr_line' id='line_1_4' title="bbox 222 590 1275 671; baseline -0.012 -15"><span class='ocrx_word' id='word_1_20' title='bbox 222 613 290 671; x_wconf 77' lang='lat' dir='ltr'>gare</span> <span class='ocrx_word' id='word_1_21' title='bbox 307 597 380 669; x_wconf 82' lang='lat' dir='ltr'>aliis,</span> <span class='ocrx_word' id='word_1_22' title='bbox 398 597 448 671; x_wconf 87' lang='lat' dir='ltr'>qui</span> <span class='ocrx_word' id='word_1_23' title='bbox 462 596 557 655; x_wconf 92' lang='lat' dir='ltr'>idonei</span> <span class='ocrx_word' id='word_1_24' title='bbox 568 596 635 668; x_wconf 82' lang='lat' dir='ltr'>sint,</span> <span class='ocrx_word' id='word_1_25' title='bbox 647 597 671 655; x_wconf 91' lang='lat' dir='ltr'>si</span> <span class='ocrx_word' id='word_1_26' title='bbox 681 596 710 655; x_wconf 94' lang='lat' dir='ltr'>id</span> <span class='ocrx_word' id='word_1_27' title='bbox 721 595 855 670; x_wconf 79' lang='lat' dir='ltr'>expedire</span> <span class='ocrx_word' id='word_1_28' title='bbox 870 590 1067 661; x_wconf 75' lang='lat' dir='ltr'>iudicaverint,</span> <span class='ocrx_word' id='word_1_29' title='bbox 1085 593 1275 661; x_wconf 89' lang='lat' dir='ltr'>tumpropter</span> 
     </span>
     <span class='ocr_line' id='line_1_5' title="bbox 221 670 1274 763; baseline -0.012 -24"><span class='ocrx_word' id='word_1_30' title='bbox 221 682 421 741; x_wconf 86' lang='lat' dir='ltr'>necessitatem</span> <span class='ocrx_word' id='word_1_31' title='bbox 441 686 501 740; x_wconf 88' lang='lat' dir='ltr'>tum</span> <span class='ocrx_word' id='word_1_32' title='bbox 517 680 605 740; x_wconf 89' lang='lat' dir='ltr'>etiam</span> <span class='ocrx_word' id='word_1_33' title='bbox 621 687 737 756; x_wconf 88' lang='lat' dir='ltr'>propter</span> <span class='ocrx_word' id='word_1_34' title='bbox 752 680 890 739; x_wconf 79' lang='lat' dir='ltr'>uiatorem</span> <span class='ocrx_word' id='word_1_35' title='bbox 908 676 1068 736; x_wconf 74' lang='lat' dir='ltr'>utilitatem.</span> <span class='ocrx_word' id='word_1_36' title='bbox 1087 670 1274 763; x_wconf 78' lang='lat' dir='ltr'>Quandoqui-</span> 
     </span>
     <span class='ocr_line' id='line_1_6' title="bbox 222 754 1273 840; baseline -0.012 -15"><span class='ocrx_word' id='word_1_37' title='bbox 222 770 289 825; x_wconf 90' lang='lat' dir='ltr'>dem</span> <span class='ocrx_word' id='word_1_38' title='bbox 310 765 504 825; x_wconf 80' lang='lat' dir='ltr'>adolescentes</span> <span class='ocrx_word' id='word_1_39' title='bbox 519 766 602 840; x_wconf 83' lang='lat' dir='ltr'>longe</span> <span class='ocrx_word' id='word_1_40' title='bbox 621 766 734 824; x_wconf 85' lang='lat' dir='ltr'>facilius</span> <span class='ocrx_word' id='word_1_41' title='bbox 749 766 785 824; x_wconf 94' lang='lat' dir='ltr'>ab</span> <span class='ocrx_word' id='word_1_42' title='bbox 801 772 920 824; x_wconf 81' lang='lat' dir='ltr'>externa</span> <span class='ocrx_word' id='word_1_43' title='bbox 939 761 1035 835; x_wconf 89' lang='lat' dir='ltr'>aliqua</span> <span class='ocrx_word' id='word_1_44' title='bbox 1049 774 1170 833; x_wconf 90' lang='lat' dir='ltr'>persona</span> <span class='ocrx_word' id='word_1_45' title='bbox 1184 754 1273 813; x_wconf 86' lang='lat' dir='ltr'>discr·</span> 
     </span>
     <span class='ocr_line' id='line_1_7' title="bbox 220 841 1273 925; baseline -0.01 -17"><span class='ocrx_word' id='word_1_46' title='bbox 220 851 330 924; x_wconf 88' lang='lat' dir='ltr'>plinam</span> <span class='ocrx_word' id='word_1_47' title='bbox 345 851 522 925; x_wconf 79' lang='lat' dir='ltr'>suscipiunt,</span> <span class='ocrx_word' id='word_1_48' title='bbox 541 866 627 925; x_wconf 80' lang='lat' dir='ltr'>quam</span> <span class='ocrx_word' id='word_1_49' title='bbox 641 867 658 909; x_wconf 92' lang='lat' dir='ltr'>a</span> <span class='ocrx_word' id='word_1_50' title='bbox 672 851 847 925; x_wconf 80' lang='lat' dir='ltr'>parentibus,</span> <span class='ocrx_word' id='word_1_51' title='bbox 859 848 909 923; x_wconf 84' lang='lat' dir='ltr'>qui</span> <span class='ocrx_word' id='word_1_52' title='bbox 923 862 1007 921; x_wconf 90' lang='lat' dir='ltr'>saepe</span> <span class='ocrx_word' id='word_1_53' title='bbox 1019 850 1132 919; x_wconf 88' lang='lat' dir='ltr'>propter</span> <span class='ocrx_word' id='word_1_54' title='bbox 1145 841 1273 900; x_wconf 90' lang='lat' dir='ltr'>nimium</span> 
     </span>
     <span class='ocr_line' id='line_1_8' title="bbox 221 935 791 1009; baseline -0.002 -15"><span class='ocrx_word' id='word_1_55' title='bbox 221 950 349 994; x_wconf 87' lang='lat' dir='ltr'>arnorem</span> <span class='ocrx_word' id='word_1_56' title='bbox 365 935 430 1009; x_wconf 90' lang='lat' dir='ltr'>plus</span> <span class='ocrx_word' id='word_1_57' title='bbox 445 951 536 1009; x_wconf 86' lang='lat' dir='ltr'>aequo</span> <span class='ocrx_word' id='word_1_58' title='bbox 551 936 619 994; x_wconf 89' lang='lat' dir='ltr'>liliis</span> <span class='ocrx_word' id='word_1_59' title='bbox 634 936 791 1009; x_wconf 83' lang='lat' dir='ltr'>indulgent.</span> 
     </span>
    </p>

    <p class='ocr_par' dir='ltr' id='par_1_2' title="bbox 217 1012 1278 1434">
     <span class='ocr_line' id='line_1_9' title="bbox 257 1012 1276 1095; baseline -0.009 -16"><span class='ocrx_word' id='word_1_60' title='bbox 257 1022 291 1087; x_wconf 79' lang='lat' dir='ltr'>nt</span> <span class='ocrx_word' id='word_1_61' title='bbox 311 1019 371 1079; x_wconf 86' lang='lat' dir='ltr'>sire</span> <span class='ocrx_word' id='word_1_62' title='bbox 388 1020 442 1078; x_wconf 91' lang='lat' dir='ltr'>hoe</span> <span class='ocrx_word' id='word_1_63' title='bbox 457 1035 508 1094; x_wconf 89' lang='lat' dir='ltr'>per</span> <span class='ocrx_word' id='word_1_64' title='bbox 523 1036 554 1078; x_wconf 87' lang='lat' dir='ltr'>se</span> <span class='ocrx_word' id='word_1_65' title='bbox 569 1025 714 1093; x_wconf 88' lang='lat' dir='ltr'>praestare</span> <span class='ocrx_word' id='word_1_66' title='bbox 729 1024 863 1095; x_wconf 90' lang='lat' dir='ltr'>parentes</span> <span class='ocrx_word' id='word_1_67' title='bbox 879 1018 978 1085; x_wconf 75' lang='lat' dir='ltr'>velint,</span> <span class='ocrx_word' id='word_1_68' title='bbox 995 1016 1055 1076; x_wconf 79' lang='lat' dir='ltr'>sire</span> <span class='ocrx_word' id='word_1_69' title='bbox 1070 1012 1276 1074; x_wconf 88' lang='lat' dir='ltr'>aliiseommil·</span> 
     </span>
     <span class='ocr_line' id='line_1_10' title="bbox 217 1097 1274 1190; baseline -0.01 -26"><span class='ocrx_word' id='word_1_70' title='bbox 217 1111 282 1190; x_wconf 28' lang='lat' dir='ltr'>‘lere</span> <span class='ocrx_word' id='word_1_71' title='bbox 292 1125 300 1179; x_wconf 88' lang='grc'>;</span> <span class='ocrx_word' id='word_1_72' title='bbox 312 1106 359 1177; x_wconf 80' lang='lat' dir='ltr'>id,</span> <span class='ocrx_word' id='word_1_73' title='bbox 374 1106 451 1179; x_wconf 89' lang='lat' dir='ltr'>quod</span> <span class='ocrx_word' id='word_1_74' title='bbox 466 1106 671 1163; x_wconf 88' lang='lat' dir='ltr'>inconcussum</span> <span class='ocrx_word' id='word_1_75' title='bbox 685 1120 803 1164; x_wconf 88' lang='lat' dir='ltr'>manere</span> <span class='ocrx_word' id='word_1_76' title='bbox 817 1104 900 1163; x_wconf 90' lang='lat' dir='ltr'>debet</span> <span class='ocrx_word' id='word_1_77' title='bbox 910 1103 983 1161; x_wconf 92' lang='lat' dir='ltr'>illud</span> <span class='ocrx_word' id='word_1_78' title='bbox 996 1106 1052 1161; x_wconf 90' lang='lat' dir='ltr'>est:</span> <span class='ocrx_word' id='word_1_79' title='bbox 1069 1097 1213 1159; x_wconf 84' lang='lat' dir='ltr'>eiusmodi</span> <span class='ocrx_word' id='word_1_80' title='bbox 1223 1097 1274 1154; x_wconf 88' lang='lat' dir='ltr'>ius</span> 
     </span>
     <span class='ocr_line' id='line_1_11' title="bbox 219 1190 1274 1267; baseline -0.01 -17"><span class='ocrx_word' id='word_1_81' title='bbox 219 1191 431 1267; x_wconf 81' lang='lat' dir='ltr'>percat-iboset</span> <span class='ocrx_word' id='word_1_82' title='bbox 447 1190 530 1265; x_wconf 76' lang='lat' dir='ltr'>potui</span> <span class='ocrx_word' id='word_1_83' title='bbox 543 1190 732 1265; x_wconf 80' lang='lat' dir='ltr'>potissimum</span> <span class='ocrx_word' id='word_1_84' title='bbox 742 1198 857 1248; x_wconf 76' lang='lat' dir='ltr'>noluero</span> <span class='ocrx_word' id='word_1_85' title='bbox 873 1206 930 1247; x_wconf 86' lang='lat' dir='ltr'>sao</span> <span class='ocrx_word' id='word_1_86' title='bbox 943 1194 1108 1263; x_wconf 84' lang='lat' dir='ltr'>competere,</span> <span class='ocrx_word' id='word_1_87' title='bbox 1124 1198 1178 1243; x_wconf 88' lang='lat' dir='ltr'>nec</span> <span class='ocrx_word' id='word_1_88' title='bbox 1188 1198 1274 1257; x_wconf 91' lang='lat' dir='ltr'>posse</span> 
     </span>
     <span class='ocr_line' id='line_1_12' title="bbox 222 1267 1275 1349; baseline -0.009 -14"><span class='ocrx_word' id='word_1_89' title='bbox 222 1292 239 1335; x_wconf 93' lang='lat' dir='ltr'>a</span> <span class='ocrx_word' id='word_1_90' title='bbox 258 1276 391 1335; x_wconf 89' lang='lat' dir='ltr'>societate</span> <span class='ocrx_word' id='word_1_91' title='bbox 410 1275 556 1348; x_wconf 91' lang='lat' dir='ltr'>usurpari,</span> <span class='ocrx_word' id='word_1_92' title='bbox 579 1276 649 1349; x_wconf 85' lang='lat' dir='ltr'>quin</span> <span class='ocrx_word' id='word_1_93' title='bbox 668 1275 791 1349; x_wconf 88' lang='lat' dir='ltr'>patriam</span> <span class='ocrx_word' id='word_1_94' title='bbox 813 1280 980 1349; x_wconf 85' lang='lat' dir='ltr'>potestatem</span> <span class='ocrx_word' id='word_1_95' title='bbox 996 1271 1081 1331; x_wconf 77' lang='lat' dir='ltr'>violet</span> <span class='ocrx_word' id='word_1_96' title='bbox 1099 1275 1127 1329; x_wconf 88' lang='lat' dir='ltr'>et</span> <span class='ocrx_word' id='word_1_97' title='bbox 1145 1267 1275 1327; x_wconf 88' lang='lat' dir='ltr'>lamiliae</span> 
     </span>
     <span class='ocr_line' id='line_1_13' title="bbox 222 1353 1278 1434; baseline -0.009 -15"><span class='ocrx_word' id='word_1_98' title='bbox 222 1367 393 1434; x_wconf 90' lang='lat' dir='ltr'>conceptum</span> <span class='ocrx_word' id='word_1_99' title='bbox 407 1359 543 1419; x_wconf 86' lang='lat' dir='ltr'>debilitet.</span> <span class='ocrx_word' id='word_1_100' title='bbox 556 1360 644 1418; x_wconf 84' lang='lat' dir='ltr'>Debet</span> <span class='ocrx_word' id='word_1_101' title='bbox 655 1360 754 1433; x_wconf 85' lang='lat' dir='ltr'>utique</span> <span class='ocrx_word' id='word_1_102' title='bbox 771 1359 895 1418; x_wconf 87' lang='lat' dir='ltr'>societas</span> <span class='ocrx_word' id='word_1_103' title='bbox 906 1360 1021 1417; x_wconf 89' lang='lat' dir='ltr'>elllcere</span> <span class='ocrx_word' id='word_1_104' title='bbox 1036 1362 1068 1415; x_wconf 91' lang='lat' dir='ltr'>ut</span> <span class='ocrx_word' id='word_1_105' title='bbox 1087 1353 1201 1429; x_wconf 84' lang='lat' dir='ltr'>publice</span> <span class='ocrx_word' id='word_1_106' title='bbox 1217 1368 1278 1410; x_wconf 89' lang='lat' dir='ltr'>me-</span> 
     </span>
    </p>
   </div>
   <div class='ocr_carea' id='block_1_2' title="bbox 221 1438 1276 1590">
    <p class='ocr_par' dir='ltr' id='par_1_3' title="bbox 221 1438 1276 1590">
     <span class='ocr_line' id='line_1_14' title="bbox 221 1438 1276 1519; baseline -0.009 -16"><span class='ocrx_word' id='word_1_107' title='bbox 221 1446 270 1503; x_wconf 91' lang='lat' dir='ltr'>dia</span> <span class='ocrx_word' id='word_1_108' title='bbox 287 1460 347 1503; x_wconf 92' lang='lat' dir='ltr'>non</span> <span class='ocrx_word' id='word_1_109' title='bbox 357 1444 469 1515; x_wconf 79' lang='lat' dir='ltr'>desint,</span> <span class='ocrx_word' id='word_1_110' title='bbox 490 1444 596 1518; x_wconf 88' lang='lat' dir='ltr'>quibus</span> <span class='ocrx_word' id='word_1_111' title='bbox 610 1451 742 1517; x_wconf 87' lang='lat' dir='ltr'>parentes</span> <span class='ocrx_word' id='word_1_112' title='bbox 758 1444 793 1501; x_wconf 91' lang='lat' dir='ltr'>ad</span> <span class='ocrx_word' id='word_1_113' title='bbox 814 1444 867 1502; x_wconf 91' lang='lat' dir='ltr'>rite</span> <span class='ocrx_word' id='word_1_114' title='bbox 887 1442 1049 1501; x_wconf 88' lang='lat' dir='ltr'>educandos</span> <span class='ocrx_word' id='word_1_115' title='bbox 1068 1449 1095 1499; x_wconf 89' lang='lat' dir='ltr'>et</span> <span class='ocrx_word' id='word_1_116' title='bbox 1114 1438 1276 1519; x_wconf 82' lang='lat' dir='ltr'>edocendos</span> 
     </span>
     <span class='ocr_line' id='line_1_15' title="bbox 222 1511 1273 1590; baseline -0.009 -16"><span class='ocrx_word' id='word_1_117' title='bbox 222 1523 305 1576; x_wconf 88' lang='lat' dir='ltr'>natos</span> <span class='ocrx_word' id='word_1_118' title='bbox 319 1518 363 1576; x_wconf 89' lang='lat' dir='ltr'>uti</span> <span class='ocrx_word' id='word_1_119' title='bbox 376 1516 494 1590; x_wconf 80' lang='lat' dir='ltr'>possint.</span> <span class='ocrx_word' id='word_1_120' title='bbox 518 1514 605 1574; x_wconf 85' lang='lat' dir='ltr'>Debet</span> <span class='ocrx_word' id='word_1_121' title='bbox 626 1516 711 1573; x_wconf 88' lang='lat' dir='ltr'>etiam</span> <span class='ocrx_word' id='word_1_122' title='bbox 738 1516 950 1587; x_wconf 81' lang='lat' dir='ltr'>consentaneis,</span> <span class='ocrx_word' id='word_1_123' title='bbox 975 1514 1025 1571; x_wconf 89' lang='lat' dir='ltr'>sed</span> <span class='ocrx_word' id='word_1_124' title='bbox 1049 1528 1104 1571; x_wconf 96' lang='lat' dir='ltr'>non</span> <span class='ocrx_word' id='word_1_125' title='bbox 1125 1511 1273 1579; x_wconf 77' lang='lat' dir='ltr'>ridiculis,</span> 
     </span>
    </p>
   </div>
   <div class='ocr_carea' id='block_1_3' title="bbox 147 1594 1282 3296">
    <p class='ocr_par' dir='ltr' id='par_1_4' title="bbox 177 1594 1280 2189">
     <span class='ocr_line' id='line_1_16' title="bbox 221 1594 1276 1674; baseline -0.009 -14"><span class='ocrx_word' id='word_1_126' title='bbox 221 1600 315 1661; x_wconf 86' lang='lat' dir='ltr'>modis</span> <span class='ocrx_word' id='word_1_127' title='bbox 330 1616 431 1660; x_wconf 90' lang='lat' dir='ltr'>curare</span> <span class='ocrx_word' id='word_1_128' title='bbox 444 1606 476 1658; x_wconf 93' lang='lat' dir='ltr'>ut</span> <span class='ocrx_word' id='word_1_129' title='bbox 485 1605 617 1674; x_wconf 86' lang='lat' dir='ltr'>parentes</span> <span class='ocrx_word' id='word_1_130' title='bbox 632 1606 743 1659; x_wconf 91' lang='lat' dir='ltr'>tantum</span> <span class='ocrx_word' id='word_1_131' title='bbox 755 1600 885 1659; x_wconf 85' lang='lat' dir='ltr'>cilicium</span> <span class='ocrx_word' id='word_1_132' title='bbox 898 1599 1017 1657; x_wconf 91' lang='lat' dir='ltr'>minime</span> <span class='ocrx_word' id='word_1_133' title='bbox 1027 1597 1181 1670; x_wconf 78' lang='lat' dir='ltr'>negligant.</span> <span class='ocrx_word' id='word_1_134' title='bbox 1197 1595 1230 1652; x_wconf 90' lang='lat' dir='ltr'>llt</span> <span class='ocrx_word' id='word_1_135' title='bbox 1243 1594 1276 1651; x_wconf 89' lang='lat' dir='ltr'>iu</span> 
     </span>
     <span class='ocr_line' id='line_1_17' title="bbox 221 1678 1277 1759; baseline -0.006 -16"><span class='ocrx_word' id='word_1_136' title='bbox 221 1702 285 1743; x_wconf 85' lang='lat' dir='ltr'>rem</span> <span class='ocrx_word' id='word_1_137' title='bbox 298 1686 373 1744; x_wconf 81' lang='lat' dir='ltr'>trane</span> <span class='ocrx_word' id='word_1_138' title='bbox 390 1700 422 1743; x_wconf 88' lang='lat' dir='ltr'>sc</span> <span class='ocrx_word' id='word_1_139' title='bbox 436 1684 542 1743; x_wconf 87' lang='lat' dir='ltr'>directo</span> <span class='ocrx_word' id='word_1_140' title='bbox 556 1684 721 1744; x_wconf 86' lang='lat' dir='ltr'>immiscere</span> <span class='ocrx_word' id='word_1_141' title='bbox 736 1700 857 1759; x_wconf 81' lang='lat' dir='ltr'>eamque</span> <span class='ocrx_word' id='word_1_142' title='bbox 877 1690 1043 1758; x_wconf 89' lang='lat' dir='ltr'>potestatem</span> <span class='ocrx_word' id='word_1_143' title='bbox 1058 1680 1114 1739; x_wconf 85' lang='lat' dir='ltr'>sibi</span> <span class='ocrx_word' id='word_1_144' title='bbox 1128 1678 1277 1737; x_wconf 81' lang='lat' dir='ltr'>vindicare</span> 
     </span>
     <span class='ocr_line' id='line_1_18' title="bbox 222 1764 1278 1844; baseline -0.008 -16"><span class='ocrx_word' id='word_1_145' title='bbox 222 1785 407 1844; x_wconf 85' lang='lat' dir='ltr'>neqrraquam</span> <span class='ocrx_word' id='word_1_146' title='bbox 420 1774 524 1843; x_wconf 81' lang='lat' dir='ltr'>potest,</span> <span class='ocrx_word' id='word_1_147' title='bbox 539 1770 601 1828; x_wconf 91' lang='lat' dir='ltr'>sine</span> <span class='ocrx_word' id='word_1_148' title='bbox 613 1770 740 1828; x_wconf 87' lang='lat' dir='ltr'>evidenti</span> <span class='ocrx_word' id='word_1_149' title='bbox 751 1770 901 1828; x_wconf 87' lang='lat' dir='ltr'>violatione</span> <span class='ocrx_word' id='word_1_150' title='bbox 912 1768 982 1826; x_wconf 86' lang='lat' dir='ltr'>iuris</span> <span class='ocrx_word' id='word_1_151' title='bbox 993 1765 1116 1842; x_wconf 74' lang='lat' dir='ltr'>paterni,</span> <span class='ocrx_word' id='word_1_152' title='bbox 1134 1764 1218 1821; x_wconf 87' lang='lat' dir='ltr'>cuius</span> <span class='ocrx_word' id='word_1_153' title='bbox 1231 1774 1278 1821; x_wconf 84' lang='lat' dir='ltr'>est</span> 
     </span>
     <span class='ocr_line' id='line_1_19' title="bbox 223 1850 1277 1929; baseline -0.007 -16"><span class='ocrx_word' id='word_1_154' title='bbox 223 1856 384 1914; x_wconf 90' lang='lat' dir='ltr'>educationi</span> <span class='ocrx_word' id='word_1_155' title='bbox 399 1854 602 1927; x_wconf 88' lang='lat' dir='ltr'>eldisciplinae</span> <span class='ocrx_word' id='word_1_156' title='bbox 614 1855 737 1913; x_wconf 90' lang='lat' dir='ltr'>liliorum</span> <span class='ocrx_word' id='word_1_157' title='bbox 756 1855 930 1929; x_wconf 89' lang='lat' dir='ltr'>prospicere.</span> <span class='ocrx_word' id='word_1_158' title='bbox 943 1853 1053 1912; x_wconf 85' lang='lat' dir='ltr'>Etenim</span> <span class='ocrx_word' id='word_1_159' title='bbox 1064 1851 1148 1923; x_wconf 81' lang='lat' dir='ltr'>lilius,</span> <span class='ocrx_word' id='word_1_160' title='bbox 1161 1855 1194 1907; x_wconf 91' lang='lat' dir='ltr'>ut</span> <span class='ocrx_word' id='word_1_161' title='bbox 1204 1850 1277 1907; x_wconf 90' lang='lat' dir='ltr'>scite</span> 
     </span>
     <span class='ocr_line' id='line_1_20' title="bbox 224 1932 1277 2011; baseline -0.008 -14"><span class='ocrx_word' id='word_1_162' title='bbox 224 1940 252 1997; x_wconf 86' lang='lat' dir='ltr'>S.</span> <span class='ocrx_word' id='word_1_163' title='bbox 263 1938 383 1996; x_wconf 82' lang='lat' dir='ltr'>Tlromas</span> <span class='ocrx_word' id='word_1_164' title='bbox 398 1938 532 2009; x_wconf 82' lang='lat' dir='ltr'>advertit,</span> <span class='ocrx_word' id='word_1_165' title='bbox 551 1938 689 2011; x_wconf 88' lang='lat' dir='ltr'>quamdiu</span> <span class='ocrx_word' id='word_1_166' title='bbox 707 1954 845 2011; x_wconf 81' lang='lat' dir='ltr'>seregere</span> <span class='ocrx_word' id='word_1_167' title='bbox 867 1938 980 2011; x_wconf 81' lang='lat' dir='ltr'>nequit,</span> <span class='ocrx_word' id='word_1_168' title='bbox 998 1942 1040 1995; x_wconf 91' lang='lat' dir='ltr'>cst</span> <span class='ocrx_word' id='word_1_169' title='bbox 1054 1950 1100 1993; x_wconf 90' lang='lat' dir='ltr'>res</span> <span class='ocrx_word' id='word_1_170' title='bbox 1118 1932 1221 2009; x_wconf 81' lang='lat' dir='ltr'>patris3</span> <span class='ocrx_word' id='word_1_171' title='bbox 1239 1932 1277 1990; x_wconf 90' lang='lat' dir='ltr'>ad</span> 
     </span>
     <span class='ocr_line' id='line_1_21' title="bbox 177 2016 1280 2105; baseline -0.005 -24"><span class='ocrx_word' id='word_1_172' title='bbox 177 2016 182 2025; x_wconf 85' lang='lat'>&#39;</span> <span class='ocrx_word' id='word_1_173' title='bbox 216 2021 570 2103; x_wconf 28' lang='lat' dir='ltr'>‘quemproindepcrtinet</span> <span class='ocrx_word' id='word_1_174' title='bbox 588 2022 742 2082; x_wconf 91' lang='lat' dir='ltr'>nonmodo</span> <span class='ocrx_word' id='word_1_175' title='bbox 754 2023 929 2105; x_wconf 78' lang='lat' dir='ltr'>corpuscius</span> <span class='ocrx_word' id='word_1_176' title='bbox 940 2023 989 2081; x_wconf 89' lang='lat' dir='ltr'>sed</span> <span class='ocrx_word' id='word_1_177' title='bbox 1000 2020 1125 2080; x_wconf 87' lang='lat' dir='ltr'>animam</span> <span class='ocrx_word' id='word_1_178' title='bbox 1140 2018 1280 2078; x_wconf 89' lang='lat' dir='ltr'>ctiamel-</span> 
     </span>
     <span class='ocr_line' id='line_1_22' title="bbox 223 2105 1018 2189; baseline -0.003 -24"><span class='ocrx_word' id='word_1_179' title='bbox 223 2106 331 2179; x_wconf 77' lang='lat' dir='ltr'>lingere</span> <span class='ocrx_word' id='word_1_180' title='bbox 346 2105 576 2189; x_wconf 83' lang='lat' dir='ltr'>etednlortnare.</span> <span class='ocrx_word' id='word_1_181' title='bbox 1017 2158 1018 2163; x_wconf 73' lang='grc'>,</span> 
     </span>
    </p>

    <p class='ocr_par' dir='ltr' id='par_1_5' title="bbox 147 2190 1282 3296">
     <span class='ocr_line' id='line_1_23' title="bbox 259 2190 1276 2271; baseline 0.002 -22"><span class='ocrx_word' id='word_1_182' title='bbox 259 2193 314 2249; x_wconf 68' lang='lat' dir='ltr'>ico</span> <span class='ocrx_word' id='word_1_183' title='bbox 328 2190 407 2249; x_wconf 88' lang='lat' dir='ltr'>dieas</span> <span class='ocrx_word' id='word_1_184' title='bbox 422 2190 496 2249; x_wconf 88' lang='lat' dir='ltr'>lilios</span> <span class='ocrx_word' id='word_1_185' title='bbox 506 2191 635 2253; x_wconf 90' lang='lat' dir='ltr'>membra</span> <span class='ocrx_word' id='word_1_186' title='bbox 645 2210 708 2255; x_wconf 89' lang='lat' dir='ltr'>esse</span> <span class='ocrx_word' id='word_1_187' title='bbox 724 2196 933 2271; x_wconf 83' lang='lat' dir='ltr'>societas,quae</span> <span class='ocrx_word' id='word_1_188' title='bbox 943 2190 1170 2269; x_wconf 74' lang='lat' dir='ltr'>ipsisineigilare</span> <span class='ocrx_word' id='word_1_189' title='bbox 1180 2192 1276 2251; x_wconf 85' lang='lat' dir='ltr'>dehet.</span> 
     </span>
     <span class='ocr_line' id='line_1_24' title="bbox 223 2274 1277 2354; baseline -0.001 -18"><span class='ocrx_word' id='word_1_190' title='bbox 223 2277 293 2336; x_wconf 83' lang='lat' dir='ltr'>Nam</span> <span class='ocrx_word' id='word_1_191' title='bbox 309 2274 438 2333; x_wconf 87' lang='lat' dir='ltr'>membra</span> <span class='ocrx_word' id='word_1_192' title='bbox 457 2276 598 2337; x_wconf 89' lang='lat' dir='ltr'>societatis</span> <span class='ocrx_word' id='word_1_193' title='bbox 613 2286 680 2339; x_wconf 78' lang='lat' dir='ltr'>suaet</span> <span class='ocrx_word' id='word_1_194' title='bbox 693 2297 751 2340; x_wconf 92' lang='lat' dir='ltr'>non</span> <span class='ocrx_word' id='word_1_195' title='bbox 778 2296 906 2340; x_wconf 85' lang='lat' dir='ltr'>seorsum</span> <span class='ocrx_word' id='word_1_196' title='bbox 920 2296 971 2354; x_wconf 86' lang='lat' dir='ltr'>per</span> <span class='ocrx_word' id='word_1_197' title='bbox 987 2296 1033 2353; x_wconf 77' lang='lat' dir='ltr'>se,</span> <span class='ocrx_word' id='word_1_198' title='bbox 1050 2281 1099 2337; x_wconf 91' lang='lat' dir='ltr'>sed</span> <span class='ocrx_word' id='word_1_199' title='bbox 1113 2278 1140 2335; x_wconf 79' lang='lat' dir='ltr'>ui</span> <span class='ocrx_word' id='word_1_200' title='bbox 1156 2278 1277 2337; x_wconf 81' lang='lat' dir='ltr'>familia-</span> 
     </span>
     <span class='ocr_line' id='line_1_25' title="bbox 222 2362 1277 2437; baseline 0.002 -18"><span class='ocrx_word' id='word_1_201' title='bbox 222 2376 305 2431; x_wconf 78' lang='lat' dir='ltr'>rum3</span> <span class='ocrx_word' id='word_1_202' title='bbox 322 2376 359 2419; x_wconf 83' lang='lat' dir='ltr'>ex</span> <span class='ocrx_word' id='word_1_203' title='bbox 370 2362 475 2433; x_wconf 88' lang='lat' dir='ltr'>quibus</span> <span class='ocrx_word' id='word_1_204' title='bbox 486 2364 619 2436; x_wconf 78' lang='lat' dir='ltr'>proxime</span> <span class='ocrx_word' id='word_1_205' title='bbox 634 2364 728 2424; x_wconf 81' lang='lat' dir='ltr'>civilis</span> <span class='ocrx_word' id='word_1_206' title='bbox 744 2367 866 2425; x_wconf 88' lang='lat' dir='ltr'>societas</span> <span class='ocrx_word' id='word_1_207' title='bbox 881 2368 1083 2425; x_wconf 89' lang='lat' dir='ltr'>eliurmaturet</span> <span class='ocrx_word' id='word_1_208' title='bbox 1093 2378 1215 2437; x_wconf 87' lang='lat' dir='ltr'>quarum</span> <span class='ocrx_word' id='word_1_209' title='bbox 1225 2378 1277 2421; x_wconf 90' lang='lat' dir='ltr'>na·</span> 
     </span>
     <span class='ocr_line' id='line_1_26' title="bbox 207 2445 1278 2524; baseline 0.004 -21"><span class='ocrx_word' id='word_1_210' title='bbox 207 2445 324 2503; x_wconf 82' lang='lat' dir='ltr'>tnralis</span> <span class='ocrx_word' id='word_1_211' title='bbox 344 2446 526 2518; x_wconf 82' lang='lat' dir='ltr'>organismos</span> <span class='ocrx_word' id='word_1_212' title='bbox 542 2448 652 2507; x_wconf 85' lang='lat' dir='ltr'>destrui</span> <span class='ocrx_word' id='word_1_213' title='bbox 667 2451 783 2524; x_wconf 80' lang='lat' dir='ltr'>nequit,</span> <span class='ocrx_word' id='word_1_214' title='bbox 808 2451 878 2523; x_wconf 90' lang='lat' dir='ltr'>quin</span> <span class='ocrx_word' id='word_1_215' title='bbox 892 2451 985 2509; x_wconf 93' lang='lat' dir='ltr'>ordini</span> <span class='ocrx_word' id='word_1_216' title='bbox 1006 2448 1124 2507; x_wconf 77' lang='lat' dir='ltr'>rationis</span> <span class='ocrx_word' id='word_1_217' title='bbox 1138 2448 1278 2507; x_wconf 90' lang='lat' dir='ltr'>contradi-</span> 
     </span>
     <span class='ocr_line' id='line_1_27' title="bbox 226 2530 1278 2606; baseline 0.001 -18"><span class='ocrx_word' id='word_1_218' title='bbox 226 2535 307 2588; x_wconf 87' lang='lat' dir='ltr'>catur</span> <span class='ocrx_word' id='word_1_219' title='bbox 330 2535 359 2588; x_wconf 91' lang='lat' dir='ltr'>et</span> <span class='ocrx_word' id='word_1_220' title='bbox 381 2530 445 2604; x_wconf 91' lang='lat' dir='ltr'>ipsa</span> <span class='ocrx_word' id='word_1_221' title='bbox 464 2531 585 2590; x_wconf 87' lang='lat' dir='ltr'>societas</span> <span class='ocrx_word' id='word_1_222' title='bbox 609 2549 728 2606; x_wconf 82' lang='lat' dir='ltr'>pessum</span> <span class='ocrx_word' id='word_1_223' title='bbox 749 2534 832 2593; x_wconf 88' lang='lat' dir='ltr'>abeat</span> <span class='ocrx_word' id='word_1_224' title='bbox 848 2536 872 2588; x_wconf 85' lang='lat' dir='ltr'>l.</span> <span class='ocrx_word' id='word_1_225' title='bbox 891 2536 965 2593; x_wconf 89' lang='lat' dir='ltr'>llaec</span> <span class='ocrx_word' id='word_1_226' title='bbox 984 2532 1191 2592; x_wconf 78' lang='lat' dir='ltr'>animaduersio</span> <span class='ocrx_word' id='word_1_227' title='bbox 1208 2533 1278 2589; x_wconf 92' lang='lat' dir='ltr'>dum</span> 
     </span>
     <span class='ocr_line' id='line_1_28' title="bbox 222 2614 1277 2691; baseline 0 -18"><span class='ocrx_word' id='word_1_228' title='bbox 222 2614 345 2673; x_wconf 89' lang='lat' dir='ltr'>ostendit</span> <span class='ocrx_word' id='word_1_229' title='bbox 359 2631 445 2688; x_wconf 88' lang='lat' dir='ltr'>quam</span> <span class='ocrx_word' id='word_1_230' title='bbox 460 2626 641 2689; x_wconf 89' lang='lat' dir='ltr'>praepostera</span> <span class='ocrx_word' id='word_1_231' title='bbox 656 2618 714 2676; x_wconf 90' lang='lat' dir='ltr'>sint</span> <span class='ocrx_word' id='word_1_232' title='bbox 729 2623 758 2677; x_wconf 89' lang='lat' dir='ltr'>el</span> <span class='ocrx_word' id='word_1_233' title='bbox 775 2623 894 2676; x_wconf 88' lang='lat' dir='ltr'>naturae</span> <span class='ocrx_word' id='word_1_234' title='bbox 905 2617 1095 2691; x_wconf 80' lang='lat' dir='ltr'>repugnantia</span> <span class='ocrx_word' id='word_1_235' title='bbox 1108 2616 1277 2690; x_wconf 84' lang='lat' dir='ltr'>neonopolie</span> 
     </span>
     <span class='ocr_line' id='line_1_29' title="bbox 222 2700 1275 2777; baseline 0 -20"><span class='ocrx_word' id='word_1_236' title='bbox 222 2700 277 2758; x_wconf 84' lang='lat' dir='ltr'>illu</span> <span class='ocrx_word' id='word_1_237' title='bbox 292 2700 517 2769; x_wconf 79' lang='lat' dir='ltr'>universitora&#39;o,</span> <span class='ocrx_word' id='word_1_238' title='bbox 535 2707 567 2759; x_wconf 89' lang='lat' dir='ltr'>ut</span> <span class='ocrx_word' id='word_1_239' title='bbox 580 2700 637 2759; x_wconf 90' lang='lat' dir='ltr'>dici</span> <span class='ocrx_word' id='word_1_240' title='bbox 649 2702 729 2775; x_wconf 82' lang='lat' dir='ltr'>solet,</span> <span class='ocrx_word' id='word_1_241' title='bbox 748 2703 775 2760; x_wconf 85' lang='lat' dir='ltr'>vi</span> <span class='ocrx_word' id='word_1_242' title='bbox 790 2718 912 2776; x_wconf 86' lang='lat' dir='ltr'>quorum</span> <span class='ocrx_word' id='word_1_243' title='bbox 924 2702 1088 2777; x_wconf 88' lang='lat' dir='ltr'>parentibus</span> <span class='ocrx_word' id='word_1_244' title='bbox 1103 2700 1275 2759; x_wconf 89' lang='lat' dir='ltr'>determina-</span> 
     </span>
     <span class='ocr_line' id='line_1_30' title="bbox 223 2784 1277 2861; baseline 0 -18"><span class='ocrx_word' id='word_1_245' title='bbox 223 2794 252 2843; x_wconf 90' lang='lat' dir='ltr'>ta</span> <span class='ocrx_word' id='word_1_246' title='bbox 267 2790 295 2843; x_wconf 91' lang='lat' dir='ltr'>ct</span> <span class='ocrx_word' id='word_1_247' title='bbox 309 2784 439 2859; x_wconf 89' lang='lat' dir='ltr'>propriae</span> <span class='ocrx_word' id='word_1_248' title='bbox 452 2786 590 2844; x_wconf 87' lang='lat' dir='ltr'>voluntati</span> <span class='ocrx_word' id='word_1_249' title='bbox 605 2786 748 2845; x_wconf 86' lang='lat' dir='ltr'>contraria</span> <span class='ocrx_word' id='word_1_250' title='bbox 765 2788 894 2846; x_wconf 90' lang='lat' dir='ltr'>educatio</span> <span class='ocrx_word' id='word_1_251' title='bbox 911 2795 939 2845; x_wconf 87' lang='lat' dir='ltr'>ct</span> <span class='ocrx_word' id='word_1_252' title='bbox 954 2787 1104 2861; x_wconf 90' lang='lat' dir='ltr'>disciplina</span> <span class='ocrx_word' id='word_1_253' title='bbox 1114 2801 1164 2860; x_wconf 91' lang='lat' dir='ltr'>pro</span> <span class='ocrx_word' id='word_1_254' title='bbox 1179 2785 1277 2843; x_wconf 85' lang='lat' dir='ltr'>liberis</span> 
     </span>
     <span class='ocr_line' id='line_1_31' title="bbox 147 2871 1277 2946; baseline 0 -17"><span class='ocrx_word' id='word_1_255' title='bbox 147 2902 152 2911; x_wconf 93' lang='lat'><strong>·</strong></span> <span class='ocrx_word' id='word_1_256' title='bbox 222 2871 391 2946; x_wconf 81' lang='lat' dir='ltr'>imponitur3</span> <span class='ocrx_word' id='word_1_257' title='bbox 410 2872 501 2945; x_wconf 88' lang='lat' dir='ltr'>aperit</span> <span class='ocrx_word' id='word_1_258' title='bbox 514 2872 600 2931; x_wconf 90' lang='lat' dir='ltr'>eliam</span> <span class='ocrx_word' id='word_1_259' title='bbox 617 2889 735 2931; x_wconf 90' lang='lat' dir='ltr'>cansam</span> <span class='ocrx_word' id='word_1_260' title='bbox 761 2889 818 2933; x_wconf 94' lang='lat' dir='ltr'>non</span> <span class='ocrx_word' id='word_1_261' title='bbox 840 2874 933 2933; x_wconf 83' lang='lat' dir='ltr'>levem</span> <span class='ocrx_word' id='word_1_262' title='bbox 953 2872 1146 2932; x_wconf 85' lang='lat' dir='ltr'>dissolutionis</span> <span class='ocrx_word' id='word_1_263' title='bbox 1164 2871 1277 2930; x_wconf 88' lang='lat' dir='ltr'>socialis</span> 
     </span>
     <span class='ocr_line' id='line_1_32' title="bbox 224 2956 1277 3032; baseline 0.001 -20"><span class='ocrx_word' id='word_1_264' title='bbox 224 2971 311 3030; x_wconf 70' lang='lat' dir='ltr'>cruam</span> <span class='ocrx_word' id='word_1_265' title='bbox 325 2956 383 3015; x_wconf 91' lang='lat' dir='ltr'>lere</span> <span class='ocrx_word' id='word_1_266' title='bbox 397 2956 503 3029; x_wconf 81' lang='lat' dir='ltr'>ubique</span> <span class='ocrx_word' id='word_1_267' title='bbox 518 2958 685 3030; x_wconf 82' lang='lat' dir='ltr'>gliscentem</span> <span class='ocrx_word' id='word_1_268' title='bbox 702 2958 894 3032; x_wconf 87' lang='lat' dir='ltr'>deploramus.</span> <span class='ocrx_word' id='word_1_269' title='bbox 912 2959 981 3017; x_wconf 83' lang='lat' dir='ltr'>dum</span> <span class='ocrx_word' id='word_1_270' title='bbox 1001 2959 1079 3017; x_wconf 92' lang='lat' dir='ltr'>enim</span> <span class='ocrx_word' id='word_1_271' title='bbox 1100 2957 1220 3016; x_wconf 88' lang='lat' dir='ltr'>societas</span> <span class='ocrx_word' id='word_1_272' title='bbox 1241 2956 1277 3015; x_wconf 85' lang='lat' dir='ltr'>ad</span> 
     </span>
     <span class='ocr_line' id='line_1_33' title="bbox 227 3041 1275 3116; baseline -0.001 -17"><span class='ocrx_word' id='word_1_273' title='bbox 227 3056 258 3100; x_wconf 91' lang='lat' dir='ltr'>se</span> <span class='ocrx_word' id='word_1_274' title='bbox 272 3041 336 3114; x_wconf 91' lang='lat' dir='ltr'>plus</span> <span class='ocrx_word' id='word_1_275' title='bbox 346 3055 436 3113; x_wconf 82' lang='lat' dir='ltr'>aequo</span> <span class='ocrx_word' id='word_1_276' title='bbox 446 3041 704 3116; x_wconf 80' lang='lat' dir='ltr'>magnificandam,</span> <span class='ocrx_word' id='word_1_277' title='bbox 718 3044 781 3103; x_wconf 92' lang='lat' dir='ltr'>iura</span> <span class='ocrx_word' id='word_1_278' title='bbox 792 3044 960 3104; x_wconf 87' lang='lat' dir='ltr'>interiorum</span> <span class='ocrx_word' id='word_1_279' title='bbox 970 3044 1136 3103; x_wconf 87' lang='lat' dir='ltr'>societatum</span> <span class='ocrx_word' id='word_1_280' title='bbox 1147 3052 1275 3116; x_wconf 80' lang='lat' dir='ltr'>usurpat,</span> 
     </span>
     <span class='ocr_line' id='line_1_34' title="bbox 224 3124 1279 3203; baseline -0.001 -20"><span class='ocrx_word' id='word_1_281' title='bbox 224 3125 419 3198; x_wconf 88' lang='lat' dir='ltr'>suimetipsius</span> <span class='ocrx_word' id='word_1_282' title='bbox 433 3124 530 3183; x_wconf 77' lang='lat' dir='ltr'>vitalia</span> <span class='ocrx_word' id='word_1_283' title='bbox 545 3126 685 3186; x_wconf 89' lang='lat' dir='ltr'>elementa</span> <span class='ocrx_word' id='word_1_284' title='bbox 700 3128 828 3201; x_wconf 82' lang='lat' dir='ltr'>destruit,</span> <span class='ocrx_word' id='word_1_285' title='bbox 852 3145 939 3203; x_wconf 85' lang='lat' dir='ltr'>seque</span> <span class='ocrx_word' id='word_1_286' title='bbox 963 3129 999 3187; x_wconf 92' lang='lat' dir='ltr'>ad</span> <span class='ocrx_word' id='word_1_287' title='bbox 1022 3127 1232 3199; x_wconf 89' lang='lat' dir='ltr'>corruptionem</span> <span class='ocrx_word' id='word_1_288' title='bbox 1251 3129 1279 3183; x_wconf 85' lang='lat' dir='ltr'>ct</span> 
     </span>
     <span class='ocr_line' id='line_1_35' title="bbox 224 3208 1282 3296; baseline 0 -28"><span class='ocrx_word' id='word_1_289' title='bbox 224 3216 346 3270; x_wconf 89' lang='lat' dir='ltr'>mortem</span> <span class='ocrx_word' id='word_1_290' title='bbox 357 3208 480 3268; x_wconf 85' lang='lat' dir='ltr'>adducit.</span> <span class='ocrx_word' id='word_1_291' title='bbox 492 3210 568 3270; x_wconf 88' lang='lat' dir='ltr'>llaec</span> <span class='ocrx_word' id='word_1_292' title='bbox 585 3213 711 3286; x_wconf 88' lang='lat' dir='ltr'>pessima</span> <span class='ocrx_word' id='word_1_293' title='bbox 724 3214 910 3296; x_wconf 72' lang='lat' dir='ltr'>agendiratio</span> <span class='ocrx_word' id='word_1_294' title='bbox 931 3230 966 3271; x_wconf 80' lang='lat' dir='ltr'>ex</span> <span class='ocrx_word' id='word_1_295' title='bbox 985 3214 1214 3288; x_wconf 85' lang='lat' dir='ltr'>protestantismo</span> <span class='ocrx_word' id='word_1_296' title='bbox 1224 3226 1282 3269; x_wconf 91' lang='lat' dir='ltr'>ma·</span> 
     </span>
    </p>
   </div>
   <div class='ocr_carea' id='block_1_4' title="bbox 197 3381 1287 3985">
    <p class='ocr_par' dir='ltr' id='par_1_6' title="bbox 197 3381 1287 3985">
     <span class='ocr_line' id='line_1_36' title="bbox 272 3381 1278 3451; baseline 0 -22"><span class='ocrx_word' id='word_1_297' title='bbox 272 3384 282 3429; x_wconf 59' lang='grc' dir='ltr'>Ἰ</span> <span class='ocrx_word' id='word_1_298' title='bbox 302 3381 411 3438; x_wconf 82' lang='lat' dir='ltr'>Quamdiu</span> <span class='ocrx_word' id='word_1_299' title='bbox 427 3382 492 3431; x_wconf 82' lang='lat' dir='ltr'>homo</span> <span class='ocrx_word' id='word_1_300' title='bbox 510 3386 552 3432; x_wconf 85' lang='lat' dir='ltr'>snb</span> <span class='ocrx_word' id='word_1_301' title='bbox 566 3387 638 3449; x_wconf 80' lang='lat' dir='ltr'>patria</span> <span class='ocrx_word' id='word_1_302' title='bbox 652 3392 759 3451; x_wconf 82' lang='lat' dir='ltr'>potestate</span> <span class='ocrx_word' id='word_1_303' title='bbox 778 3388 848 3451; x_wconf 82' lang='lat' dir='ltr'>citit,</span> <span class='ocrx_word' id='word_1_304' title='bbox 866 3388 962 3434; x_wconf 80' lang='lat' dir='ltr'>societati</span> <span class='ocrx_word' id='word_1_305' title='bbox 978 3384 1118 3448; x_wconf 68' lang='lat' dir='ltr'>coniungitur</span> <span class='ocrx_word' id='word_1_306' title='bbox 1130 3385 1152 3432; x_wconf 80' lang='lat' dir='ltr'>ri</span> <span class='ocrx_word' id='word_1_307' title='bbox 1170 3383 1278 3445; x_wconf 70' lang='lat' dir='ltr'>familiae,</span> 
     </span>
     <span class='ocr_line' id='line_1_37' title="bbox 224 3462 1282 3530; baseline -0.002 -21"><span class='ocrx_word' id='word_1_308' title='bbox 224 3464 287 3509; x_wconf 79' lang='lat' dir='ltr'>errius</span> <span class='ocrx_word' id='word_1_309' title='bbox 298 3468 331 3509; x_wconf 83' lang='lat' dir='ltr'>est</span> <span class='ocrx_word' id='word_1_310' title='bbox 341 3480 405 3527; x_wconf 80' lang='lat' dir='ltr'>pars3</span> <span class='ocrx_word' id='word_1_311' title='bbox 421 3465 513 3512; x_wconf 73' lang='lat' dir='ltr'>societas</span> <span class='ocrx_word' id='word_1_312' title='bbox 530 3482 581 3515; x_wconf 79' lang='lat' dir='ltr'>uero</span> <span class='ocrx_word' id='word_1_313' title='bbox 603 3467 645 3530; x_wconf 82' lang='lat' dir='ltr'>ipsi</span> <span class='ocrx_word' id='word_1_314' title='bbox 660 3467 751 3515; x_wconf 79' lang='lat' dir='ltr'>tutelam</span> <span class='ocrx_word' id='word_1_315' title='bbox 773 3468 910 3530; x_wconf 65' lang='lat' dir='ltr'>inponitur,</span> <span class='ocrx_word' id='word_1_316' title='bbox 926 3472 1033 3529; x_wconf 85' lang='lat' dir='ltr'>quatenns</span> <span class='ocrx_word' id='word_1_317' title='bbox 1049 3466 1072 3511; x_wconf 93' lang='lat' dir='ltr'>in</span> <span class='ocrx_word' id='word_1_318' title='bbox 1087 3464 1193 3510; x_wconf 87' lang='lat' dir='ltr'>lemilinm</span> <span class='ocrx_word' id='word_1_319' title='bbox 1210 3462 1282 3510; x_wconf 85' lang='lat' dir='ltr'>inlinit</span> 
     </span>
     <span class='ocr_line' id='line_1_38' title="bbox 223 3538 1282 3604; baseline 0 -21"><span class='ocrx_word' id='word_1_320' title='bbox 223 3539 338 3602; x_wconf 84' lang='lat' dir='ltr'>ipsumque</span> <span class='ocrx_word' id='word_1_321' title='bbox 349 3540 416 3587; x_wconf 73' lang='lat' dir='ltr'>relicti</span> <span class='ocrx_word' id='word_1_322' title='bbox 429 3542 570 3588; x_wconf 80' lang='lat' dir='ltr'>candidatum</span> <span class='ocrx_word' id='word_1_323' title='bbox 584 3542 720 3588; x_wconf 82' lang='lat' dir='ltr'>consideret.</span> <span class='ocrx_word' id='word_1_324' title='bbox 743 3543 768 3589; x_wconf 87' lang='lat' dir='ltr'>ln</span> <span class='ocrx_word' id='word_1_325' title='bbox 784 3550 832 3589; x_wconf 83' lang='lat' dir='ltr'>cetu</span> <span class='ocrx_word' id='word_1_326' title='bbox 844 3559 894 3589; x_wconf 81' lang='lat' dir='ltr'>tero</span> <span class='ocrx_word' id='word_1_327' title='bbox 909 3542 1089 3604; x_wconf 83' lang='lat' dir='ltr'>emancipationis</span> <span class='ocrx_word' id='word_1_328' title='bbox 1105 3538 1217 3587; x_wconf 86' lang='lat' dir='ltr'>rinculum</span> <span class='ocrx_word' id='word_1_329' title='bbox 1229 3538 1282 3585; x_wconf 88' lang='lat' dir='ltr'>illud</span> 
     </span>
     <span class='ocr_line' id='line_1_39' title="bbox 225 3614 1282 3681; baseline -0.002 -20"><span class='ocrx_word' id='word_1_330' title='bbox 225 3618 338 3681; x_wconf 83' lang='lat' dir='ltr'>nectitur,</span> <span class='ocrx_word' id='word_1_331' title='bbox 354 3634 397 3681; x_wconf 91' lang='lat' dir='ltr'>quo</span> <span class='ocrx_word' id='word_1_332' title='bbox 412 3618 493 3666; x_wconf 86' lang='lat' dir='ltr'>directe</span> <span class='ocrx_word' id='word_1_333' title='bbox 509 3626 531 3665; x_wconf 92' lang='lat' dir='ltr'>el</span> <span class='ocrx_word' id='word_1_334' title='bbox 551 3636 590 3681; x_wconf 86' lang='lat' dir='ltr'>per</span> <span class='ocrx_word' id='word_1_335' title='bbox 604 3636 627 3665; x_wconf 88' lang='lat' dir='ltr'>se</span> <span class='ocrx_word' id='word_1_336' title='bbox 649 3618 789 3665; x_wconf 78' lang='lat' dir='ltr'>individuum</span> <span class='ocrx_word' id='word_1_337' title='bbox 805 3620 902 3667; x_wconf 85' lang='lat' dir='ltr'>societati</span> <span class='ocrx_word' id='word_1_338' title='bbox 914 3620 1035 3681; x_wconf 84' lang='lat' dir='ltr'>copulatur,</span> <span class='ocrx_word' id='word_1_339' title='bbox 1051 3622 1073 3663; x_wconf 90' lang='lat' dir='ltr'>cl</span> <span class='ocrx_word' id='word_1_340' title='bbox 1083 3618 1186 3678; x_wconf 86' lang='lat' dir='ltr'>utrinqne</span> <span class='ocrx_word' id='word_1_341' title='bbox 1201 3614 1282 3677; x_wconf 79' lang='lat' dir='ltr'>aliquid</span> 
     </span>
     <span class='ocr_line' id='line_1_40' title="bbox 228 3692 1286 3758; baseline 0 -22"><span class='ocrx_word' id='word_1_342' title='bbox 228 3694 370 3757; x_wconf 84' lang='lat' dir='ltr'>conceditur,</span> <span class='ocrx_word' id='word_1_343' title='bbox 397 3709 446 3742; x_wconf 86' lang='lat' dir='ltr'>curn</span> <span class='ocrx_word' id='word_1_344' title='bbox 465 3696 556 3742; x_wconf 80' lang='lat' dir='ltr'>societas</span> <span class='ocrx_word' id='word_1_345' title='bbox 572 3698 619 3741; x_wconf 85' lang='lat' dir='ltr'>inea</span> <span class='ocrx_word' id='word_1_346' title='bbox 636 3700 658 3742; x_wconf 89' lang='lat' dir='ltr'>cl</span> <span class='ocrx_word' id='word_1_347' title='bbox 678 3696 794 3758; x_wconf 71' lang='lat' dir='ltr'>privilegia</span> <span class='ocrx_word' id='word_1_348' title='bbox 809 3696 863 3743; x_wconf 84' lang='lat' dir='ltr'>ciris</span> <span class='ocrx_word' id='word_1_349' title='bbox 878 3697 964 3758; x_wconf 83' lang='lat' dir='ltr'>propriu</span> <span class='ocrx_word' id='word_1_350' title='bbox 980 3710 1084 3757; x_wconf 84' lang='lat' dir='ltr'>personne</span> <span class='ocrx_word' id='word_1_351' title='bbox 1104 3692 1137 3738; x_wconf 80' lang='lat' dir='ltr'>itti</span> <span class='ocrx_word' id='word_1_352' title='bbox 1158 3692 1286 3737; x_wconf 75' lang='lat' dir='ltr'>individere</span> 
     </span>
     <span class='ocr_line' id='line_1_41' title="bbox 197 3764 1284 3831; baseline 0.001 -22"><span class='ocrx_word' id='word_1_353' title='bbox 197 3778 200 3783; x_wconf 90' lang='lat'>·</span> <span class='ocrx_word' id='word_1_354' title='bbox 224 3770 385 3831; x_wconf 80' lang='lat' dir='ltr'>eonemunicel3</span> <span class='ocrx_word' id='word_1_355' title='bbox 402 3769 443 3816; x_wconf 85' lang='lat' dir='ltr'>hoe</span> <span class='ocrx_word' id='word_1_356' title='bbox 457 3786 508 3817; x_wconf 82' lang='lat' dir='ltr'>toro</span> <span class='ocrx_word' id='word_1_357' title='bbox 520 3770 630 3817; x_wconf 81' lang='lat' dir='ltr'>societatis</span> <span class='ocrx_word' id='word_1_358' title='bbox 646 3769 730 3831; x_wconf 64' lang='lat' dir='ltr'>leuibus</span> <span class='ocrx_word' id='word_1_359' title='bbox 745 3786 769 3816; x_wconf 85' lang='lat' dir='ltr'>so</span> <span class='ocrx_word' id='word_1_360' title='bbox 779 3770 905 3831; x_wconf 81' lang='lat' dir='ltr'>submittat,</span> <span class='ocrx_word' id='word_1_361' title='bbox 928 3776 950 3815; x_wconf 87' lang='lat' dir='ltr'>el</span> <span class='ocrx_word' id='word_1_362' title='bbox 965 3778 1020 3815; x_wconf 83' lang='lat' dir='ltr'>otrus</span> <span class='ocrx_word' id='word_1_363' title='bbox 1035 3767 1141 3830; x_wconf 79' lang='lat' dir='ltr'>suscipiat</span> <span class='ocrx_word' id='word_1_364' title='bbox 1152 3764 1284 3827; x_wconf 77' lang='lat' dir='ltr'>ciliciorum,</span> 
     </span>
     <span class='ocr_line' id='line_1_42' title="bbox 225 3838 1287 3908; baseline -0.001 -18"><span class='ocrx_word' id='word_1_365' title='bbox 225 3841 305 3900; x_wconf 66' lang='lat' dir='ltr'>utribus</span> <span class='ocrx_word' id='word_1_366' title='bbox 315 3850 379 3904; x_wconf 81' lang='lat' dir='ltr'>prout</span> <span class='ocrx_word' id='word_1_367' title='bbox 394 3846 448 3891; x_wconf 82' lang='lat' dir='ltr'>ciris</span> <span class='ocrx_word' id='word_1_368' title='bbox 460 3846 610 3907; x_wconf 65' lang='lat' dir='ltr'>adstringitur.</span> <span class='ocrx_word' id='word_1_369' title='bbox 627 3848 655 3892; x_wconf 80' lang='lat' dir='ltr'>nt</span> <span class='ocrx_word' id='word_1_370' title='bbox 681 3846 757 3892; x_wconf 79' lang='lat' dir='ltr'>derlee</span> <span class='ocrx_word' id='word_1_371' title='bbox 771 3846 793 3891; x_wconf 86' lang='lat' dir='ltr'>it</span> <span class='ocrx_word' id='word_1_372' title='bbox 802 3838 851 3908; x_wconf 81' lang='lat' dir='ltr'>liet,</span> <span class='ocrx_word' id='word_1_373' title='bbox 868 3846 950 3891; x_wconf 77' lang='lat' dir='ltr'>familia</span> <span class='ocrx_word' id='word_1_374' title='bbox 970 3846 1061 3891; x_wconf 85' lang='lat' dir='ltr'>societas</span> <span class='ocrx_word' id='word_1_375' title='bbox 1072 3844 1109 3891; x_wconf 77' lang='lat' dir='ltr'>tlte</span> <span class='ocrx_word' id='word_1_376' title='bbox 1123 3848 1165 3906; x_wconf 75' lang='lat' dir='ltr'>est,</span> <span class='ocrx_word' id='word_1_377' title='bbox 1181 3842 1287 3905; x_wconf 80' lang='lat' dir='ltr'>adquam</span> 
     </span>
     <span class='ocr_line' id='line_1_43' title="bbox 229 3915 1048 3985; baseline 0.012 -26"><span class='ocrx_word' id='word_1_378' title='bbox 229 3915 327 3977; x_wconf 71' lang='lat' dir='ltr'>pre-‚iure</span> <span class='ocrx_word' id='word_1_379' title='bbox 344 3924 365 3964; x_wconf 88' lang='lat' dir='ltr'>cl</span> <span class='ocrx_word' id='word_1_380' title='bbox 380 3918 461 3966; x_wconf 85' lang='lat' dir='ltr'>directe</span> <span class='ocrx_word' id='word_1_381' title='bbox 476 3920 535 3967; x_wconf 80' lang='lat' dir='ltr'>filius</span> <span class='ocrx_word' id='word_1_382' title='bbox 547 3927 639 3985; x_wconf 80' lang='lat' dir='ltr'>spectat,</span> <span class='ocrx_word' id='word_1_383' title='bbox 651 3927 674 3969; x_wconf 90' lang='lat' dir='ltr'>el</span> <span class='ocrx_word' id='word_1_384' title='bbox 690 3923 712 3970; x_wconf 78' lang='lat' dir='ltr'>ti</span> <span class='ocrx_word' id='word_1_385' title='bbox 728 3923 790 3969; x_wconf 87' lang='lat' dir='ltr'>euius</span> <span class='ocrx_word' id='word_1_386' title='bbox 805 3923 885 3969; x_wconf 82' lang='lat' dir='ltr'>cirileli</span> <span class='ocrx_word' id='word_1_387' title='bbox 901 3922 1048 3982; x_wconf 70' lang='lat' dir='ltr'>coniungitur.</span> 
     </span>
    </p>
   </div>
   <div class='ocr_carea' id='block_1_5' title="bbox 0 0 1393 4492">
    <p class='ocr_par' dir='ltr' id='par_1_7' title="bbox 0 0 1393 4492">
     <span class='ocr_line' id='line_1_44' title="bbox 0 0 1393 4492; baseline 0 0"><span class='ocrx_word' id='word_1_388' title='bbox 0 0 1393 4492; x_wconf 95' lang='lat' dir='ltr'> </span> 
     </span>
    </p>
   </div>
  </div>
 </body>
</html>
