2767 4492
472 285 475 292 '
512 303 591 347 mms
609 300 752 347 uernam
1103 276 1158 348 ali

113 404 214 449 earum
228 387 419 448 conditionem
438 386 597 445 naturalem
621 385 708 444 luisse
724 390 752 444 et
766 400 823 444 nou
838 385 931 461 potius
950 401 1094 445 recessum
1109 386 1156 445 de·

112 476 319 547 lectionemque
334 490 353 531 a
366 471 488 531 naturali
507 478 597 543 statu,
611 476 725 544 propter
735 471 892 544 peculiares
907 471 1155 546 circumstantias,

111 560 142 619 in
152 576 223 632 otras
238 559 353 616 fortuito
367 557 538 615 inciderunt.
559 558 592 613 lt
606 558 640 613 de
658 556 828 615 ilousseavio
844 558 922 615 salis.

150 644 236 702 (iilic.
248 660 283 701 ec
293 642 399 701 Hoiires
414 641 439 699 l.
452 643 481 700 ln
497 646 572 699 statu
588 647 707 698 naturae
721 640 841 713 quisque
851 641 896 699 ius
907 643 993 701 hahet
1007 644 1157 703 adomnia.

112 731 184 789 Hinc
208 729 338 802 sequitur
357 728 487 786 laedendi
508 727 638 785 voluntas
655 734 683 784 et
701 734 834 785 miiluum
858 726 966 785 bellum
985 728 1114 787 omnium
1129 728 1159 787 in

113 830 221 873 ornnes.
238 814 293 872 Nec
304 828 371 870 vero
380 812 520 871 eiusmodi
536 812 657 870 nocendi
672 811 808 877 libicioex
818 812 916 870 eadem
928 828 1014 869 eausa
1025 814 1158 873 omnibus

113 899 281 958 innascitur.
297 899 367 957 Nam
378 897 508 956 immines
523 897 553 954 iu
564 903 640 953 statu
652 903 771 955 naturae
789 896 831 955 vel
845 902 912 955 silut
922 898 1041 955 modesti
1052 903 1080 955 et
1090 914 1156 956 suas

114 985 189 1043 vires
208 999 297 1056 aeqeie
319 982 515 1054 aestimantes,
535 982 578 1038 vel
598 988 664 1039 sunt
684 982 787 1040 ieret-is
805 982 913 1054 ingenii
933 997 966 1039 ac
988 982 1059 1040 tales
1073 988 1105 1039 ut
1120 982 1161 1041 uil

114 1071 168 1129 sihi
192 1085 249 1127 nou
273 1074 413 1140 arrogent.
437 1068 465 1125 Si
486 1068 539 1125 iroc
561 1068 728 1139 contigerit,
747 1069 871 1141 proiecto
893 1068 923 1125 iri
946 1068 981 1125 ad
998 1067 1067 1125 alios
1082 1067 1156 1125 iniu-

114 1153 332 1214 rinailiciendos
346 1152 516 1223 incitantur,
534 1152 580 1209 siu
596 1151 722 1224 primum
738 1152 859 1224 eueniat,
880 1151 1011 1210 uoluntas
1030 1152 1160 1210 laedendi

113 1240 216 1298 inillis
232 1236 379 1295 exinanitur
397 1252 433 1293 ex
449 1237 616 1293 necessitate
637 1251 667 1293 se
683 1236 781 1294 tuentii
796 1252 813 1293 a
828 1236 963 1294 violentia
978 1236 1102 1294 aliorum
1123 1250 1156 1293 ac

115 1340 161 1382 res
176 1339 242 1381 suas
258 1337 395 1394 suaruque
411 1320 569 1378 libertatem
586 1321 757 1378 vindicandi.
775 1321 808 1378 ii.
831 1322 948 1393 ingenia
965 1322 1077 1379 diversa
1093 1324 1161 1379 sunt

115 1414 143 1466 et
157 1413 255 1465 mutim
266 1407 428 1464 dissentitis.
440 1406 588 1463 iiisseusus
599 1406 800 1463 autumnalium
812 1410 839 1463 et
854 1413 1051 1479 contemptum
1066 1405 1158 1478 parii,

116 1496 199 1564 atque
211 1491 277 1549 irinc
292 1490 413 1548 nocentii
428 1489 600 1547 desiderium
614 1496 642 1546 et
652 1490 760 1547 beilum
774 1490 902 1563 emergit.
919 1490 961 1549 lii.
980 1490 1040 1549 Nisi
1054 1489 1091 1546 ad
1102 1504 1163 1545 mu·

118 1580 197 1634 tuum
213 1576 321 1634 beilum
337 1581 438 1633 natura
451 1575 582 1633 homiues
593 1574 776 1647 inclinasset,
794 1590 845 1633 cur
855 1575 978 1633 uiatores
993 1589 1072 1632 orma
1086 1588 1163 1645 gere-

115 1667 187 1728 rent,
206 1662 282 1719 cives
298 1662 371 1719 iures
386 1663 535 1719 ‹iuruorum
552 1658 732 1733 clauderent,
751 1675 885 1733 suprema
899 1666 1022 1735 potestas
1046 1658 1162 1719 militias

118 1746 286 1819 instrueret,
309 1752 337 1804 et
347 1745 469 1804 similia?
813 1792 816 1798 ,

150 1833 231 1904 ilesp.
248 1832 359 1889 llobbes
375 1832 418 1889 iris
433 1831 552 1904 argutiis
567 1830 687 1905 ineptire
704 1846 788 1889 nemo
805 1847 862 1889 nou
879 1832 964 1890 viriet.
982 1832 1051 1891 llam
1068 1831 1114 1888 ius
1129 1829 1162 1889 il·

116 1917 166 1975 lut
180 1918 310 1975 omnium
324 1914 360 1974 ari
375 1918 480 1983 omnia,
498 1932 555 1974 nou
571 1916 658 1973 mocio
674 1931 710 1973 ex
727 1922 878 1990 systemate
891 1917 1017 1987 resultat,
1029 1916 1104 1990 quod
1116 1917 1165 1975 lai·

117 2018 181 2059 sum
197 2018 259 2060 esse
274 2002 405 2075 superius
420 2002 692 2074 ‹lemonstrarim1m3
710 2004 759 2059 seli
775 2003 860 2059 eiiam
881 2002 1073 2075 perimentibus
1093 2001 1166 2061 iuter

118 2103 148 2145 se
163 2088 347 2160 conceptibus
363 2092 481 2143 constat.
496 2087 529 2143 tt
543 2102 611 2143 saue
626 2086 666 2141 ita
681 2086 773 2143 cuivis
792 2087 899 2144 irouriui
914 2093 1095 2161 competeret,
1107 2092 1167 2145 uia

120 2172 220 2228 ceteris
241 2186 331 2243 aeolio
346 2170 408 2227 iure
429 2168 560 2241 impediri
576 2176 604 2225 el
620 2170 698 2226 ouriri
718 2170 820 2228 ellectu
841 2172 972 2229 frustrari
994 2177 1096 2244 posset.
1123 2172 1164 2245 iii,

119 2270 233 2326 uirilem,
251 2254 394 2325 [puerinum
408 2268 515 2310 novum
533 2269 623 2323 genus
637 2254 707 2310 iuris
726 2254 755 2311 iel
771 2262 821 2327 esi,
835 2258 910 2329 quoti
921 2258 1019 2315 nuilus
1039 2256 1165 2316 revereri

120 2338 318 2408 airislringitur,
336 2338 385 2395 secl
396 2352 496 2394 omnes
512 2336 573 2394 siue
583 2336 708 2394 iustitiae
728 2336 837 2395 iactura
859 2339 1014 2412 intringere
1030 2343 1166 2413 possunt?

120 2423 216 2480 Iiuuue
231 2422 266 2478 ael
281 2421 434 2479 essentiam
449 2421 520 2479 iuris
537 2422 666 2493 pertinet,
679 2426 711 2477 ut
726 2428 834 2479 ceteros
850 2422 933 2493 pinne
949 2422 1075 2494 obliget?
1091 2424 1168 2491 aaut

120 2514 215 2564 alitem
230 2507 308 2564 aciiiit
322 2508 357 2564 le
372 2506 532 2564 ‹iiffureuiia
547 2505 621 2563 inter
638 2511 827 2576 temperantes
839 2504 968 2563 immines
980 2511 1006 2563 ei
1017 2506 1163 2579 violentos,

121 2593 148 2649 iil
160 2609 216 2650 uun
234 2593 268 2650 ad
281 2592 469 2650 rolmrumiam
481 2592 531 2649 sed
542 2592 576 2647 uri
592 2589 795 2648 infirmandam
814 2590 905 2663 potius
916 2590 977 2647 eius
992 2590 1164 2648 seutentiam

120 2678 227 2735 ilicium
244 2677 362 2735 vitietur.
380 2679 448 2736 Natu
464 2678 487 2734 si
505 2676 624 2734 molesti
639 2676 683 2733 iiii
700 2676 830 2733 iiomiues
842 2691 907 2732 suas
919 2670 994 2732 vires
1006 2674 1090 2747 aequi
1101 2691 1169 2748 pen·

121 2764 201 2833 (lirul,
219 2768 247 2820 et
261 2763 323 2819 aliis
340 2764 425 2833 ilem,
443 2763 516 2835 qrruei
539 2763 603 2833 sibi,
623 2762 805 2833 permittunt,
823 2761 896 2817 iuter
909 2776 939 2817 se
956 2775 1054 2832 pacem
1070 2760 1170 2833 procul

121 2846 206 2902 elirrilo
215 2847 378 2902 servabunt.
393 2847 499 2902 Bellum
512 2847 596 2915 igilur·
608 2845 644 2901 eali
656 2846 691 2902 iis
704 2843 877 2916 excluditur,
889 2846 963 2917 orroei
976 2845 1009 2901 aul
1021 2860 1167 2904 sacraturum

122 2930 196 2986 iuter
211 2930 298 2985 liutius
312 2930 419 3000 vigebit
434 2938 461 2985 et
477 2931 566 2986 truilos
581 2930 644 2985 ilios
659 2928 708 3001 qlri
726 2928 761 2985 ati
776 2929 954 2986 inferentiam
968 2930 1104 2989 iniuriam
1122 2946 1170 3003 pa·

121 3012 176 3070 rati
195 3018 271 3069 sum.
293 3012 346 3070 Sul
367 3028 402 3069 uc
424 3012 452 3069 ill
474 3013 590 3084 aprilem
605 3012 641 3069 ab
657 3013 842 3070 iueiiuutioue
859 3020 976 3071 uaiurue
994 3014 1167 3087 precelleret,

123 3098 171 3154 seii
188 3114 204 3154 a
219 3113 332 3154 uioi'irm
347 3096 540 3170 peruersitate,
558 3113 614 3169 qaia
629 3096 759 3153 liniuiues
775 3113 898 3171 nequam
914 3099 1020 3171 scipsos
1040 3098 1171 3171 inquiun-

123 3188 190 3239 ruut
204 3188 232 3238 et
243 3183 277 3238 aul
294 3182 444 3240 laedendos
459 3181 528 3238 alius
545 3182 708 3238 incitantur.
728 3182 806 3249 Quod
821 3187 920 3240 aulem
937 3184 1171 3240 iertuaturauou

125 3284 142 3324 a
162 3282 313 3340 pratorum
335 3266 484 3325 lrouriuum
504 3266 553 3323 seii
569 3266 709 3324 lineorum
731 3268 936 3324 cousuetudine
956 3266 1172 3325 diiudicandum

128 3357 180 3409 est.
198 3351 378 3421 iugeuiorum
404 3366 471 3409 vere
496 3357 650 3423 certamen,
674 3351 750 3423 quod
770 3351 924 3425 oggeritur,
940 3353 969 3410 iu
985 3352 1085 3426 primis
1099 3368 1173 3409 conr·

125 3452 212 3496 mune
223 3453 279 3494 nou
290 3444 340 3494 est.
354 3437 430 3495 ilultl
440 3437 518 3494 euim
534 3436 651 3510 paeiiica
665 3442 761 3495 urente
773 3438 915 3496 donantur
926 3444 953 3495 et
964 3438 1027 3496 aliis
1040 3438 1172 3497 laciliime

125 3520 319 3595 acquiescunt.
338 3522 391 3589 Qui
413 3538 479 3579 roro
501 3523 537 3579 ab
560 3523 624 3580 aliis
645 3523 816 3595 discrepant,
840 3523 924 3580 motio
945 3523 1053 3581 curtiali
1069 3524 1127 3580 siut
1146 3528 1173 3581 et

126 3610 288 3681 prurientes,
306 3608 375 3665 satis
386 3607 934 3681 intelliguntopinionum·differentiam
950 3608 991 3665 nil
1007 3608 1174 3667 concordiae

128 3692 302 3749 vulriulatum
320 3692 466 3749 aletrairere
482 3693 684 3750 (timreinai
701 3695 813 3765 qiraimlu
830 3693 1004 3749 contrarium
1019 3694 1131 3766 accidit,
1145 3694 1174 3752 iai

127 3792 184 3833 nun
200 3778 236 3832 ab
252 3777 349 3835 culino
365 3785 482 3833 natiuae
505 3778 554 3835 sesi
582 3793 598 3833 a
620 3778 732 3833 ilelectu
757 3776 970 3834 irreiieiiluoruur
989 3778 1175 3851 repetmilum

128 3866 180 3919 esi.
196 3860 323 3939 Denique
337 3862 418 3922 tertia
433 3861 595 3935 militarias,
607 3861 630 3919 si
641 3862 710 3939 quii
725 3862 840 3937 valeret,
856 3862 963 3922 ballium
974 3878 1030 3922 nou
1045 3864 1129 3923 mocio
1142 3863 1172 3925 iu
