2767 4492
550 398 628 449 tonte
643 396 785 450 annuenti

558 574 727 634 tarvennae
742 575 785 636 lii.

365 723 418 808 ¹lle
432 745 523 808 debito
536 745 750 823 amplectendae
763 746 956 808 laomedonte.

183 915 227 981 85.
244 919 387 995 Optimum
401 917 471 979 duxi
487 913 658 995 peculiarem
679 917 748 980 huic
762 917 882 980 materia
901 917 1052 979 articulum
1066 917 1188 982 destina·

107 1047 110 1054 -
146 1021 196 1080 re,
218 1021 285 1065 eum
305 1005 333 1064 in
356 1007 496 1078 praesenti
517 1005 698 1066 revelationis
717 1011 870 1080 conceptue
892 1009 1039 1080 tantopere
1057 1004 1187 1066 obscure·

109 1149 111 1157 ,
147 1097 193 1150 tar
206 1095 234 1151 el
250 1094 423 1166 pervertatur
438 1090 473 1148 ab
488 1088 524 1148 iis
537 1137 544 1162 ,
561 1092 610 1164 qui
625 1092 767 1166 sapientes
780 1090 869 1150 videri
886 1091 993 1162 volunt,
1010 1091 1058 1149 sed
1075 1091 1185 1165 sapien·

148 1177 203 1236 tiae
218 1175 389 1250 principium
413 1174 553 1248 ignorant.
577 1175 707 1236 Ecleelici
728 1177 806 1235 enirn
821 1175 927 1235 Galliae
948 1182 976 1234 et
995 1175 1187 1235 rationalistae

146 1259 309 1319 Germaniae
325 1259 396 1318 nihii
413 1260 542 1320 erebrius
562 1274 648 1335 arram
668 1261 873 1320 revelationem
883 1261 1054 1339 ‚inculcent3
1077 1266 1107 1318 et
1124 1263 1186 1320 eius
1206 1302 1209 1306 ι

145 1345 261 1404 nomine
280 1361 338 1404 nun
351 1332 441 1402 'aliud
461 1345 702 1420 interpretantur,
724 1361 811 1420 quarn
836 1353 1021 1420 spontaneam
1043 1345 1187 1419 quandam

144 1430 249 1488 mentis
265 1429 470 1505 evolutionem,
483 1431 670 1506 notitiamque
688 1431 765 1490 illam
779 1430 960 1504 naturalem,
976 1445 1033 1504 qua
1047 1427 1121 1488 lleue
1135 1445 1187 1502 per

144 1515 245 1573 muudi
259 1515 453 1590 spectaculum
464 1531 494 1574 se
511 1515 592 1576 nobis
608 1516 780 1575 maniiestet.
799 1515 976 1590 Elquoniam
987 1515 1125 1573 eiusmodi
1137 1515 1185 1572 lvo-

144 1600 236 1658 mines
251 1599 351 1659 iisdem
374 1603 432 1660 lere
447 1601 542 1660 verbis
558 1618 588 1660 ee
606 1603 790 1677 exprimunt,
808 1617 866 1660 non
884 1601 1013 1660 omnium
1030 1601 1080 1658 sed
1099 1598 1185 1658 unitis

143 1684 283 1742 duntaxat
295 1686 487 1744 testimonium
499 1687 606 1746 reterre
619 1692 769 1746 contentus
779 1703 853 1746 sum.
866 1685 892 1744 is
907 1687 1002 1759 itaque
1013 1685 1049 1743 eit
1065 1685 1183 1759 durent,

143 1769 230 1842 quiin
247 1770 338 1843 primu
349 1771 440 1846 capite
456 1773 565 1845 primae
579 1773 728 1831 divisionis
743 1772 841 1830 tertiae
856 1773 954 1846 partie,
967 1777 1116 1844 postauam
1126 1769 1184 1828 edi·

142 1855 185 1913 xit
205 1857 319 1915 omnem
340 1857 527 1931 religionem,
546 1865 580 1916 ut
596 1859 685 1917 solido
704 1863 733 1918 et
749 1857 844 1917 stabili
862 1858 1045 1916 laudamento
1067 1855 1182 1930 nitatur,

141 1939 238 1998 divina
260 1942 431 2001 revelatione
456 1943 613 2018 superstrui
635 1951 783 2020 oportere;
807 1943 881 2001 hauc
901 1942 1004 2001 deinde
1023 1957 1061 2000 ex
1080 1957 1113 2001 eo
1133 1941 1183 1999 he-

139 2023 202 2083 beri
218 2026 353 2098 decernit,
370 2029 445 2102 quod
463 2029 587 2088 mundus
605 2029 743 2100 cogitetur
758 2039 788 2085 ut
804 2027 995 2086 marriiestaiio
1007 2035 1125 2086 naturae
1140 2025 1181 2085 di·

141 2109 237 2184 vinae,
248 2119 276 2171 et
295 2112 410 2186 spiritus
428 2111 574 2186 speciatim
594 2120 625 2171 ut
643 2113 803 2171 subiectum
823 2113 869 2170 cui
886 2111 958 2171 tleue
975 2129 1006 2170 ee
1023 2113 1127 2185 iugiter
1141 2127 1172 2169 re

137 2195 211 2253 velel
231 2195 257 2253 vi
276 2211 443 2268 magvrarum
459 2197 587 2255 idearum
605 2196 740 2255 bonilatis
757 2213 790 2256 ae
808 2197 933 2256 veritalis
948 2213 1021 2271 quere
1040 2197 1115 2256 iuter
1135 2197 1182 2255 tro

138 2280 231 2337 mines
250 2289 451 2354 propagantur.
474 2281 519 2340 Sic
536 2281 738 2340 revelationem
757 2281 869 2341 nonnisi
889 2283 1025 2341 naturalis
1045 2281 1179 2356 luminis,

138 2379 200 2421 sese
217 2365 548 2439 percontemplationem
568 2366 667 2424 mundi
683 2366 853 2439 evolveulis,
870 2365 979 2424 ambitu
997 2367 1181 2441 comprehen-

138 2450 189 2516 dit,
200 2465 234 2508 ac
245 2465 313 2508 suae
330 2451 493 2511 assertionis
511 2452 676 2511 auctoritate
688 2453 813 2511 confisus
824 2468 859 2508 ue
869 2450 1052 2524 apparentem
1065 2451 1180 2524 quidem

137 2537 276 2595 rationem
293 2537 421 2612 adiungit
439 2553 490 2598 eur
504 2537 727 2612 supernaturalis
743 2538 877 2597 revelatio
892 2538 1053 2612 repellatur.

172 2621 204 2680 tt
220 2639 274 2680 vrou
295 2622 472 2682 blateronum
492 2625 540 2683 sed
559 2623 791 2699 philosophorum
814 2637 892 2680 more
914 2637 974 2678 rem
998 2621 1071 2679 haue
1091 2625 1178 2679 totam

135 2705 321 2781 declaremus,
337 2723 394 2768 non
410 2709 688 2770 verborumaudacia
703 2711 750 2767 sed
768 2709 908 2766 rationum
924 2707 1084 2764 momentis.

172 2793 269 2863 Honro,
291 2794 358 2866 qrria
377 2803 473 2854 mente
492 2801 520 2852 et
537 2797 647 2853 ratione
664 2794 776 2863 iruilur,
795 2790 961 2848 naturaliter
977 2805 1012 2848 ex
1029 2789 1180 2851 intuitione

135 2878 235 2934 mundi
254 2877 284 2933 iu
304 2878 348 2934 dei
370 2879 499 2936 notitiam
522 2879 641 2952 eiusque
657 2893 723 2936 eum
737 2876 823 2933 rebus
838 2877 940 2933 ereatie
955 2876 1136 2950 relationum,
1152 2883 1181 2936 et
1236 2940 1239 2945 Α

135 2962 165 3019 iu
182 2959 372 3032 erignitioaem
388 2961 548 3020 oiiiciorum
563 2962 685 3033 devenit,
702 2960 806 3034 aeribus
822 2961 1022 3035 adstringitur,
1040 2978 1089 3021 seu
1109 2963 1179 3021 noti·

135 3045 203 3104 tiam
220 3044 278 3102 veri
296 3049 324 3102 el
343 3045 411 3105 honi
430 3045 606 3119 adipiscitur.
634 3046 707 3104 Haec
723 3045 835 3103 nonnisi
859 3046 997 3121 impropie
1012 3047 1068 3105 diei
1089 3052 1181 3122 potest

134 3129 268 3188 revelatio
285 3130 314 3202 ἒς
332 3147 365 3189 ae
376 3131 400 3190 si
410 3132 450 3190 ita
460 3131 595 3206 appellari
607 3133 777 3205 quevrdoque
792 3131 868 3202 velit,
879 3133 1029 3189 allicienda
1044 3141 1087 3190 eet
1101 3133 1180 3191 addi*

135 3221 162 3272 to
171 3215 247 3272 vocis
262 3216 423 3289 naturalia,
434 3221 465 3273 ut
483 3217 622 3289 apropria
634 3215 899 3290 eleopcrunturati
912 3216 1094 3288 revelatione,
1107 3231 1181 3291 quae

133 3301 288 3374 generatim
307 3302 359 3361 troc
382 3299 497 3361 nomine
522 3301 666 3375 designari
688 3300 768 3372 solet,
789 3299 987 3373 distinguatur.
1009 3301 1083 3358 Haec
1098 3302 1177 3361 enim

133 3403 232 3446 revere
243 3386 371 3446 consistit
381 3387 411 3445 in
421 3385 648 3446 manifestatione
660 3385 812 3445 veritatum
822 3385 872 3445 uni
888 3393 937 3443 aut
949 3385 1079 3460 pluribus
1090 3401 1108 3443 a
1120 3385 1176 3444 ileo

133 3473 217 3548 tecm,
235 3487 290 3532 nou
302 3488 354 3546 per
365 3471 523 3531 naturalem
538 3471 729 3533 evolutionem
743 3469 957 3544 intelligentiae,
969 3471 1019 3528 sed
1030 3486 1081 3544 per
1096 3469 1175 3528 aliud

175 3617 188 3665 l
207 3617 320 3668 liereiatio
335 3613 452 3666 irritarint
466 3617 524 3666 nocie
540 3618 598 3666 idem
611 3621 675 3666 tonat
689 3621 754 3682 atque
768 3616 900 3665 amotionem
915 3614 967 3680 reli,
986 3630 1029 3680 quo
1043 3613 1127 3679 aliquid
1142 3621 1177 3663 te·

128 3692 193 3754 gitur.
210 3695 280 3761 Unde,
297 3711 346 3744 eam
362 3695 533 3743 manifestationi
549 3695 664 3745 veritatum
679 3697 810 3760 applicatur,
822 3693 925 3741 anbanaiit
940 3693 1040 3740 amimea
1053 3693 1104 3740 illae
1114 3693 1176 3755 qnasi

128 3769 222 3830 quoiam
236 3772 284 3818 reio
297 3773 402 3821 obductae
416 3787 463 3821 aeae
477 3779 576 3836 impacta
591 3773 691 3836 subiecti,
708 3772 744 3819 eni
760 3771 912 3835 obiiciantnr3
928 3787 971 3833 qno
985 3769 1078 3832 proinde
1092 3769 1175 3835 ablato,

128 3843 170 3890 hae
185 3844 212 3890 ah
226 3847 302 3894 eodem
316 3849 499 3897 internoscantur.
519 3850 589 3906 Quare
598 3847 706 3896 eiusmodi
722 3848 870 3895 denominatio
886 3847 1003 3894 admodum
1014 3864 1078 3909 aegre
1092 3862 1177 3894 acooane

127 3920 229 3967 medetur
241 3925 408 3986 perspiciendae
421 3928 538 3979 imitatam
547 3926 693 3995 nanneticam,
710 3941 765 3999 qnae
774 3932 874 3995 reapeda
884 3924 1042 3996 intelligentiae
1052 3929 1074 3974 et
1082 3923 1174 3974 radoni

127 3996 190 4054 neto
202 3998 309 4054 velamina
322 4001 465 4078 ottepnntvct
