2767 4492
469 345 544 392 runs
558 344 874 393 numu-cosnouoau
1080 375 1088 384 .
1161 331 1196 392 73

135 429 219 490 -rcri
233 429 349 489 omuino
362 441 421 489 uon
435 433 510 488 esset
524 429 618 504 quoad
631 428 764 489 edendum
773 431 846 491 ineo
855 430 917 490 looo
926 429 1111 504 gignendum.
1124 431 1197 499 dua·
1314 423 1318 429 ’

148 527 181 574 re
194 513 330 589 ‹pridquid
344 513 412 588 agit,
428 519 478 572 aut
491 512 656 571 immediate
669 511 719 572 ant
732 514 854 574 mediate
863 513 1001 586 subiecto,
1013 513 1045 572 in
1054 529 1111 588 quo
1125 514 1193 587 agit,

149 599 281 672 coniungi
296 598 389 657 debat.
406 597 490 656 llutia
499 602 596 656 autem
610 595 754 670 simplicia
766 597 799 656 in
812 597 976 659 seinvicem
985 603 1111 672 agerent,
1124 598 1196 671 quin

136 695 178 740 ‚ae
191 681 236 741 vel
250 683 352 740 saltem
366 681 488 742 mediate
500 685 657 755 tangerent
673 680 747 740 nibil
761 681 840 740 enim
853 681 929 740 reale
942 682 1018 741 iuter
1030 681 1094 755 ipsa
1107 681 1196 740 inter·

148 765 230 826 iacet.

179 849 287 910 Deinde
301 853 326 910 si
349 867 467 926 corpora
485 868 522 912 ex
536 867 615 912 mere
630 851 819 926 simplicibus,
833 866 908 926 quae
920 854 1090 925 punctorum
1103 851 1195 910 instar

143 935 274 1009 partibus
291 937 408 995 omuino
422 941 527 1010 carent,
545 937 717 1010 coalescunt-3
733 935 958 995 extensiorealis
968 949 1120 1009 corporum
1132 935 1193 1008 pla·

134 1035 182 1078 -ne
198 1020 419 1080 vanescitllam
434 1026 585 1080 extensum
599 1036 637 1080 ex
651 1020 769 1079 omuino
783 1020 940 1080 luculensis
954 1019 1132 1080 efflorescere
1146 1033 1194 1078 ne

131 1104 215 1177 -qnit;
232 1119 300 1163 cum
314 1104 386 1164 nibil
398 1104 485 1178 possit
499 1120 561 1164 esse
576 1105 607 1163 in
622 1110 689 1177 toto,
706 1104 783 1178 quod
796 1104 968 1179 incomplete
981 1105 1147 1164 saltemnon
1157 1104 1195 1162 sit

142 1187 174 1246 in
189 1187 326 1262 partibus.
340 1189 394 1248 llec
409 1205 476 1248 uero
492 1189 649 1263 quidquam
663 1187 770 1248 evincit
784 1188 958 1262 exemplum,
978 1189 1055 1262 quod
1062 1187 1195 1248 nonnulli

94 1323 99 1331 .
143 1272 301 1345 proterunt,
318 1274 353 1332 de
368 1273 468 1332 arbore
483 1287 556 1345 quae
570 1287 607 1330 ex
626 1272 732 1344 radice,
748 1277 858 1345 moneo,
874 1273 963 1331 ramis
977 1272 1108 1332 arborem
1122 1287 1196 1330 seor·

143 1371 210 1415 sum
224 1371 282 1415 non
296 1355 509 1429 praebentibus,
525 1355 663 1428 exsurgit.
678 1356 749 1415 Nam
763 1357 836 1415 baec
850 1356 1003 1430 separatim
1012 1356 1066 1414 etsi
1078 1372 1137 1415 non
1151 1356 1195 1414 iu-

142 1445 254 1512 tegram
268 1439 408 1512 arborem,
425 1440 587 1498 inchoatam
602 1444 698 1498 tamen
711 1439 859 1513 exhibent,
871 1440 1055 1514 eiusdemque
1066 1445 1150 1512 atque
1160 1439 1194 1496 il-

141 1522 172 1581 la
185 1529 305 1582 naturae
323 1529 399 1596 sunt,
416 1539 592 1598 quamquam
601 1539 732 1584 eamnou
741 1523 825 1598 plene
834 1525 1007 1594 contineant,
1022 1524 1071 1582 sed
1086 1538 1193 1598 expar-

143 1613 172 1666 te
186 1612 305 1680 lantum,
322 1613 406 1682 prout
420 1607 566 1683 proprium
581 1607 787 1668 elementorum
801 1613 852 1666 est.
869 1608 904 1665 lt
917 1622 969 1666 eus
983 1607 1106 1681 simplex
1116 1606 1194 1666 nullo

35 1697 40 1705 ‘
141 1692 226 1752 modo
240 1692 435 1752 extensionem
460 1693 593 1766 possidet;
610 1708 644 1752 ao
665 1693 785 1766 proinde
799 1693 825 1752 si
839 1707 905 1752 eam
919 1692 951 1752 in
969 1691 1135 1766 corporibus
1154 1691 1194 1765 gi·

141 1781 250 1850 gneret,
268 1777 348 1836 daret
365 1776 395 1835 id
409 1777 485 1850 quod
499 1777 577 1835 nullo
592 1776 676 1836 modo
690 1776 787 1836 babet.

181 1860 257 1928 Quae
272 1875 337 1920 cum
352 1861 392 1920 ita
407 1861 474 1933 sint,
491 1860 658 1935 Leibuitlus,
674 1861 802 1933 Wolfius,
820 1861 985 1936 Galluppius
999 1861 1041 1921 sic
1055 1858 1195 1920 eiusmodi

140 1949 266 2018 systema
281 1947 405 2017 tuentur,
422 1949 450 2002 et
464 1959 614 2018 corporum
628 1944 826 2004 extensionem
839 1960 898 2004 non
911 1944 1019 2004 realem
1033 1949 1062 2003 et
1074 1943 1189 2027 obiecti-

135 2041 203 2084 vam
219 2025 269 2085 aed
283 2027 540 2100 phaenomenicam
550 2031 772 2101 stapparentem
781 2027 897 2086 iaciant.
906 2025 1110 2086 Verumiuhoc
1119 2027 1195 2085 idea-

66 2183 72 2195 ·
138 2109 212 2168 listis
227 2124 400 2184 magnopere
414 2111 520 2183 lavent,
545 2116 574 2167 et
597 2111 695 2168 sensui
708 2117 828 2170 naturae
842 2111 988 2170 communi
1002 2111 1190 2184 reluctantur,

139 2194 190 2266 qui
204 2208 262 2250 non
277 2194 464 2252 destruendus
478 2194 528 2252 sed
543 2195 729 2268 explicandus
743 2196 909 2271 pbilosopbo
919 2202 972 2256 est.
983 2197 1016 2254 dt
1026 2211 1095 2255 saue
1105 2197 1131 2255 si
1141 2211 1192 2254 ex·

137 2277 230 2335 tensio
252 2292 402 2351 corporum
425 2279 645 2352 repraesentatio
669 2281 809 2353 quaedam
832 2289 876 2340 est
898 2281 1066 2354 subiectira,
1082 2296 1116 2338 eo
1130 2280 1191 2337 lere

136 2362 224 2420 modo
240 2375 297 2432 quo
313 2361 385 2420 llant
398 2361 522 2435 spatium
538 2363 620 2436 lingit
633 2378 695 2422 esse
709 2365 832 2424 formam
845 2364 1042 2424 sensibilitatis
1055 2369 1192 2422 externae

136 2460 175 2504 ex
198 2445 398 2504 constitutione
419 2446 482 2520 ipsa
501 2447 590 2506 animi
615 2453 789 2524 manantem,
805 2453 891 2523 atque
912 2449 1024 2508 obiecta
1044 2445 1192 2505 sensibilia

135 2529 315 2604 vestientem
330 2530 432 2604 ecquid
447 2531 524 2590 idem
538 2547 597 2590 uon
612 2532 823 2607 suspicabimur
833 2534 868 2591 de
882 2532 945 2606 ipsa
960 2545 1111 2604 corporum
1126 2529 1189 2589 exi-

134 2615 247 2694 stentia,
265 2619 404 2687 quatenus
414 2615 476 2674 eius
490 2615 629 2675 iudicium
643 2633 681 2676 ex
691 2617 788 2691 aliqua
802 2617 960 2676 subiectiva
971 2621 1081 2674 tautum
1096 2615 1189 2673 deter-

134 2697 292 2756 minatione
303 2698 556 2771 proveniat‘lderte
566 2699 592 2758 si
605 2715 696 2772 genus
711 2701 871 2758 humanum
884 2699 978 2771 quoad
991 2701 1117 2772 primum
1126 2699 1189 2757 sine

134 2782 308 2842 absurditate
318 2782 467 2856 decipitur,
484 2798 536 2840 cur
551 2783 652 2840 eadem
667 2783 746 2839 lraus
761 2787 789 2838 et
803 2781 931 2852 deceptio
952 2782 1045 2852 quoad
1068 2781 1190 2838 alterurn

132 2882 165 2928 re
185 2866 325 2940 nguabit‘l

164 2883 469 3022 11)quu1nentumreru,
485 2962 541 3019 quo
557 2949 681 3018 systema
694 2945 805 3017 nititur,
821 2945 1051 3018 aequivocatione
1065 2945 1185 3004 laborat.

131 3036 205 3094 Nam
219 3045 286 3089 cum
307 3029 385 3086 dicit:
408 3028 561 3103 principio
576 3041 735 3099 corporum
750 3027 849 3086 debeat
867 3044 924 3086 csse
944 3030 1103 3106 simplicia·
1118 3043 1187 3101 erpo

131 3123 204 3174 sumt
218 3111 298 3172 cotio
312 3111 471 3185 scopheim
480 3109 555 3168 sellu
569 3109 692 3183 quodam
707 3111 828 3170 transilit
846 3113 883 3170 ab
897 3129 953 3172 uno
968 3115 1004 3172 ad
1019 3113 1109 3172 abum
1123 3127 1188 3170 seu-

130 3212 197 3260 sum
215 3196 330 3254 illarum
344 3209 447 3254 recum
461 3193 603 3268 simplicis
618 3197 646 3252 et
660 3193 744 3253 cotis.
760 3195 832 3255 Nam
845 3196 982 3256 vocabulo
998 3197 1073 3255 cotis
1099 3201 1192 3268 potest

132 3280 255 3355 intelligi
269 3293 466 3354 quaecumque
482 3278 605 3352 realitas,
622 3284 651 3338 et
663 3283 755 3352 potest
768 3280 889 3354 intelligi
899 3280 1059 3340 substantia
1069 3281 1129 3339 veri
1141 3296 1191 3340 uo

132 3367 229 3438 minis3
246 3364 373 3438 itemque
386 3380 437 3438 per
461 3379 560 3423 vocem
573 3364 716 3440 siotpticis
731 3370 823 3439 potest
836 3364 956 3438 intelligi
970 3381 1031 3423 econ
1050 3365 1189 3439 composi·

135 3459 199 3510 tura
213 3455 242 3508 et
251 3453 343 3523 potest
355 3449 476 3522 intelligi
491 3464 551 3508 ooo
565 3457 725 3508 retrusum.
743 3449 869 3508 lanrucro
879 3449 1019 3523 principia
1033 3463 1188 3523 corporum

134 3534 238 3593 debent
252 3549 314 3594 esse
328 3533 471 3592 realitates
486 3534 625 3606 quaedam
640 3539 669 3592 et
682 3533 799 3608 quidem
812 3550 849 3593 ex
861 3533 924 3592 aliia
934 3549 992 3592 nou
1002 3534 1184 3608 compositae.

133 3618 190 3677 lloc
206 3622 316 3678 tantum
336 3619 392 3677 tert
415 3617 512 3677 illatio.
529 3619 562 3676 lt
576 3619 731 3677 adversarii
746 3618 884 3676 fallaciter
897 3615 1074 3677 substituunt
1096 3619 1188 3678 ebrum

135 3717 259 3776 mosum,
276 3703 412 3760 nimirum
427 3703 501 3775 quod
513 3703 655 3761 realitates
671 3703 737 3760 illae
751 3703 857 3761 debent
870 3717 933 3760 esse
948 3702 1134 3775 substantiae,
1160 3709 1189 3761 et

135 3785 249 3858 quidem
273 3786 439 3844 extensione
463 3792 600 3846 carentes.
624 3781 658 3846 ld
678 3803 745 3846 vero
761 3786 849 3860 gratis
864 3785 981 3860 lacinus
1007 3787 1189 3846 subaudiunt

134 3870 210 3932 enim
226 3885 339 3930 omnem
354 3871 542 3930 substantiam
556 3886 618 3931 esse
634 3871 803 3945 simplicem,
819 3868 1182 3947 ctconlunduntcomposi·

953 3956 970 4022 l
