2767 4492
212 375 216 392 ,
249 307 303 374 2111
578 290 804 368 uarirmsrcan
818 323 965 370 secururs

250 409 282 468 in
296 407 468 491 dialecticum
487 411 659 466 convertere.
680 407 822 481 sequutus
837 412 880 466 eet
903 408 998 482 Hegei,
1020 408 1070 482 qui
1083 409 1233 486 utriusque
1247 424 1294 488 sq-

251 493 379 552 stematis
394 506 519 567 pugnam
534 505 679 550 removere
693 497 813 550 conatus
827 497 870 550 est
879 507 1039 567 novamque
1052 495 1236 555 concinnavit
1244 499 1295 558 do

249 577 390 647 cuinam,
408 591 481 650 quae
501 576 584 633 ambo
598 574 647 633 illa
662 576 755 634 amico
770 576 857 634 veluti
876 577 989 636 loedere
1003 579 1175 638 conciliaret.
1196 581 1238 639 dd
1251 581 1294 640 in-

251 660 434 734 telligentiam
449 661 545 733 itaque
560 659 816 718 considerationem
830 662 986 733 revocarit,
999 662 1030 720 in
1045 678 1136 736 eaque
1142 664 1237 724 ideam
1247 681 1294 740 ge

249 745 371 802 neratim
386 749 531 818 acceptam
547 741 753 816 contemplatus
768 748 811 802 est
823 789 831 815 ,
841 760 928 817 quam
943 761 1009 804 cum
1026 747 1155 807 realitate
1174 751 1293 809 commi-

249 829 322 887 scuit
343 843 489 901 unumque
512 827 588 886 lecit.
616 827 707 895 Quare
721 829 936 900 pronuntiatum
954 829 1024 889 illud
1037 845 1089 904 pro
1103 831 1289 893 fondamento

247 927 316 971 sirac
324 911 519 986 philosophiae
534 911 680 971 constituit
690 929 697 969 :
709 927 807 970 veram
817 912 975 971 readmtem
986 915 1101 974 nonnisi
1110 915 1290 992 inconceptu

244 1011 316 1070 puro
331 996 483 1069 contineri,
499 1011 661 1070 purumque
676 1001 844 1068 conceptum
859 995 1008 1055 dumtaxat
1021 1013 1192 1058 rammasse
1205 1001 1289 1060 reali·

246 1087 342 1138 tatem.
359 1080 494 1148 Quocirca
513 1080 575 1138 eius
594 1079 737 1150 sententia
755 1079 837 1151 idea,
860 1080 982 1138 camah
1003 1081 1082 1141 omni
1100 1076 1288 1143 determinato

245 1165 355 1224 obiecto
370 1169 398 1221 et
413 1163 539 1222 subiecto
550 1168 698 1235 avocatur,
716 1178 766 1222 seu
781 1178 847 1221 cum
867 1169 1013 1238 tamquam
1027 1165 1160 1239 cogitatio
1173 1174 1288 1240 puroet

245 1248 442 1322 impersonalis
457 1248 594 1320 sumitur3
611 1247 707 1320 ipsum
721 1263 773 1306 ens
784 1247 947 1306 absolutum
961 1254 989 1306 et
1003 1247 1148 1308 inlinitum
1158 1249 1284 1323 praebet,

241 1340 322 1392 extra
337 1332 412 1406 quod
426 1331 498 1390 nihil
512 1336 563 1390 est.
576 1332 655 1389 Hanc
666 1346 750 1405 porro
765 1331 887 1404 logicam
902 1331 1122 1390 abstractionem
1131 1335 1286 1393 commta

196 1441 197 1444 ¹
242 1416 413 1490 quibusdam
431 1415 563 1488 donavit,
587 1415 617 1473 vi
632 1430 753 1487 quorum
768 1415 818 1472 illa
833 1431 864 1473 se
878 1415 1020 1474 evolveret
1043 1420 1071 1472 et
1084 1416 1286 1480 determinaret

240 1500 428 1559 multifariam
444 1500 480 1558 ad
490 1498 634 1556 mundum
643 1503 671 1557 et
681 1499 871 1572 cognitionem
885 1499 1109 1571 producendam3
1121 1500 1286 1559 acvihmus

240 1591 393 1658 perpetuae
407 1583 639 1655 successivaeque
649 1583 817 1641 actuationis
826 1582 1030 1642 conscientiam
1038 1583 1084 1640 sui
1094 1588 1123 1640 et
1130 1584 1285 1656 personali-

241 1672 329 1726 tatem
340 1667 509 1741 acquireret.
522 1666 610 1738 dique
622 1666 693 1724 haec
704 1665 775 1739 duo,
787 1680 860 1738 quae
869 1665 991 1724 maiores
1006 1665 1104 1724 turbas
1112 1665 1283 1741 excitarunt,
1369 1712 1370 1727 1

240 1750 368 1808 innuisse
384 1749 532 1808 sulliciate
547 1753 587 1806 tot
602 1748 896 1807 transcendentalilius
912 1747 1122 1821 systematibus,
1139 1756 1285 1822 quaepost

185 1844 188 1850 ·
240 1833 384 1905 Kanlium,
399 1839 483 1906 prout
497 1847 637 1906 quemque
646 1831 859 1906 imaginationis
870 1836 964 1890 aestus
978 1830 1116 1904 rapiebat,
1133 1831 1283 1891 incredibi-

236 1916 294 1976 lem
307 1917 338 1976 in
352 1917 469 1978 modum
483 1918 513 1974 in
530 1917 679 1975 Germania
693 1916 878 1991 pudularunt.

258 2001 317 2060 129.
335 2001 373 2060 Ne
384 2001 419 2058 de
431 1999 519 2059 Gallia
533 2000 677 2070 silcamus,
690 1999 798 2072 aliquid
813 1998 951 2071 attingam
965 1998 1000 2056 de
1014 1998 1125 2071 origine
1135 1999 1276 2071 idearum,

221 2100 254 2148 ,a
269 2085 378 2143 Victore
393 2084 494 2143 llousin
509 2083 678 2156 excogitata,
691 2083 737 2141 cui
752 2097 858 2155 magno
871 2097 909 2139 cx
919 2086 999 2154 parte
1014 2088 1221 2141 consenserunt
1232 2099 1281 2141 ra-

235 2167 392 2226 tionalistae
409 2172 546 2240 quotquot
557 2181 593 2224 ex
605 2167 667 2224 cius
682 2165 780 2224 schola
793 2165 968 2238 prodierunt.
984 2165 1011 2223 la
1025 2165 1122 2238 igitur,
1136 2169 1281 2224 transcen·

183 2277 184 2280 ¹
234 2250 355 2309 dentalis
368 2250 563 2323 philosophiae
574 2264 679 2322 magna
694 2264 733 2308 ex
743 2254 822 2322 parte
835 2248 994 2322 praeceptis
1001 2248 1139 2321 imbutus,
1150 2249 1282 2308 idearum

233 2334 373 2406 originem
388 2331 592 2408 explicandam
606 2333 691 2391 duxit
705 2349 743 2391 ex
757 2333 931 2392 revelatione
947 2331 1071 2406 quadam
1094 2333 1214 2392 rationis
1228 2333 1280 2391 im·

231 2417 402 2490 personalis,
428 2433 458 2476 sc
481 2417 564 2475 nobis
582 2431 634 2489 per
653 2417 893 2489 spontaneitatem
914 2416 1125 2476 manifestante.
1141 2417 1281 2490 opinatur

236 2501 315 2560 enim
338 2501 467 2560 idearum
484 2500 613 2578 omnium
629 2500 779 2558 exordium
794 2506 822 2558 et
831 2501 914 2574 quasi
923 2516 1022 2560 semen
1034 2501 1067 2560 in
1076 2506 1143 2560 actu
1152 2501 1279 2575 quodam

231 2585 436 2658 intelligentiae
450 2589 615 2658 spontaneo,
633 2584 755 2642 liberam
770 2586 958 2644 reflexionem
973 2590 1179 2658 antevertente,
1195 2601 1278 2660 repo·

231 2667 272 2738 ni,
283 2682 335 2740 per
349 2683 436 2740 quem
446 2683 480 2726 ea
495 2668 657 2726 intueamur
668 2681 741 2740 quae
751 2668 830 2728 Ratio
840 2668 890 2727 illa
904 2669 1103 2741 impersonalis
1113 2668 1198 2728 nobis
1210 2685 1277 2728 con-

231 2751 294 2809 iuse
309 2752 480 2810 manilestat.
493 2753 524 2811 ln
535 2767 568 2809 eo
584 2757 679 2810 autem
690 2758 756 2810 actu
768 2758 913 2826 tamquam
927 2754 1078 2827 elementa,
1091 2754 1206 2813 obieeta
1220 2756 1275 2813 tria

230 2835 395 2894 delitescere
410 2835 464 2895 ait:
482 2835 642 2894 subiectum
652 2836 780 2910 cogitans
789 2836 970 2912 mundusque
980 2839 1112 2912 exterior,
1126 2839 1276 2912 utriusque

230 2933 317 2978 causa
331 2935 434 2993 nempe
449 2921 533 2993 Deus,
551 2925 635 2992 atque
649 2921 766 2980 illorum
779 2922 818 2980 ad
831 2922 909 2982 hune
922 2923 1034 2983 relatio.

667 3091 847 3164 Consolatio.

170 3237 172 3240 ⁵
265 3240 325 3318 131).
343 3257 382 3315 11
398 3258 540 3332 schelling
554 3259 629 3333 quod
644 3223 754 3334 attinet,
772 3261 834 3320 cius
855 3220 1050 3320 commentum
1061 3261 1107 3320 his
1121 3259 1277 3335 praecipue

228 3341 402 3416 argumentis
418 3341 554 3400 reiicitur.
571 3343 591 3401 1.
607 3343 808 3402 intellectualis
823 3344 874 3402 illa
887 3345 1010 3417 intuitio,
1023 3360 1094 3419 quaa
1107 3359 1159 3403 nos
1172 3342 1210 3401 ad
1224 3342 1277 3400 ab·

226 3427 351 3484 solutum
365 3425 617 3499 contemplandum
632 3427 714 3485 evehi
729 3429 846 3499 asserit,
862 3434 978 3501 atquae
1004 3427 1195 3486 conscientiae
1213 3441 1276 3484 non

229 3509 387 3581 subiicitur,
397 3508 713 3581 commentitiaprersus
721 3515 764 3568 est
773 3516 802 3568 et
811 3511 846 3568 ad
857 3510 1007 3570 arbitrium
1015 3512 1145 3570 conficta.
1156 3511 1184 3568 Si
1195 3511 1276 3568 cuim
1369 3554 1370 3559 1

227 3592 417 3650 conscientiae
433 3607 490 3650 non
505 3591 654 3665 subditur,
672 3608 729 3666 quo
743 3598 825 3666 pacto
846 3592 987 3668 eamipse
1006 3595 1132 3654 detexit?
1146 3593 1276 3652 Proiecto
1303 3631 1317 3651 .

228 3688 301 3746 quae
316 3675 410 3733 animo
424 3675 531 3748 insunt,
549 3675 740 3736 conscientiae
754 3676 902 3758 subiacere
917 3677 1038 3752 debent;
1055 3678 1096 3736 ita
1110 3682 1151 3750 ut,
1171 3677 1276 3735 saitem

229 3771 295 3814 cum
310 3761 440 3817 volumus
454 3764 483 3818 et
496 3758 646 3832 diligenter
660 3759 841 3834 attendimus,
860 3775 959 3819 eorum
974 3761 1156 3820 existentiam
1173 3760 1277 3817 adver·

229 3846 288 3904 tere
301 3840 456 3903 valeamus.
471 3843 641 3906 Praesertim
655 3843 685 3905 id
700 3845 853 3913 meandum
868 3850 912 3906 est
925 3859 992 3906 cum
1006 3847 1102 3921 agitur
1121 3844 1157 3904 de
1172 3857 1275 3918 parce·
