2767 4492
240 261 276 322 tl
568 269 961 318 nmrarnrsrounsrncunrs

238 359 380 434 operatur,
396 361 425 416 et
439 356 549 416 actione
564 355 681 414 creandi
696 347 758 414 rem
768 355 864 414 condit
877 372 893 415 e
904 356 1003 428 nihilo,
1016 356 1161 431 eilieitque
1170 362 1203 416 ut
1212 362 1292 418 exta·

237 443 411 516 reincipiat.
429 441 518 500 Simul
534 446 629 498 autem
644 455 711 498 cum
725 440 812 498 rebus
828 445 940 514 tempus
955 439 1042 499 etiam
1057 447 1144 514 creat,
1161 443 1237 515 quod
1252 442 1289 501 ab

238 543 338 588 earnm
352 526 500 584 duratione
525 523 659 584 mutabili
682 525 761 584 nulle
778 525 863 584 modo
877 520 982 584 diliert.
1000 525 1091 593 Quare
1106 526 1155 600 qui
1179 526 1292 600 primae

238 611 374 672 creationi
390 617 502 684 tempus
526 609 640 683 aliquod
656 610 844 683 praecessisse
858 609 949 683 lingit,
972 610 1129 683 pugnantia
1151 610 1289 685 loquitur.

238 699 309 756 Nam
323 701 388 756 ante
399 697 521 768 primam
535 710 634 754 rerum
648 694 822 753 creationem
838 695 916 754 entia
931 700 1028 754 creata
1039 695 1174 756 subaudit
1186 702 1216 755 et
1228 695 1293 756 sine

236 783 324 842 rebus
344 779 531 839 mutabilibus
553 779 736 838 existentiam
751 779 917 838 mutationis
942 780 1178 839 comminiscitur.
1197 781 1291 841 Prius·

234 883 321 941 quam
335 865 458 924 muudus
473 879 625 937 corporeus
641 864 821 937 formaretur,
837 865 949 923 nullom
963 865 1151 924 omninoerat
1165 871 1287 941 tempus,

237 952 286 1012 sed
301 949 360 1009 sola
375 949 527 1007 aeternitas
542 949 592 1006 Dei
608 949 731 1022 propria.
748 950 806 1008 Hoc
821 950 926 1022 optime
941 949 1112 1021 iudicamus,
1124 949 1191 1008 licet
1205 950 1288 1009 lasci·
1361 968 1364 977 ¹

235 1036 318 1094 aiens
342 1033 508 1108 imaginatio
528 1033 742 1093 successionem
756 1048 877 1091 vacuam
891 1033 975 1092 nobis
989 1033 1131 1091 obtrudat.
1157 1035 1291 1094 secernat

236 1120 324 1194 igitur
338 1119 457 1178 Kantius
471 1118 508 1176 ab
526 1118 731 1191 imaginatione
745 1118 894 1190 iodicium,
911 1124 939 1176 et
961 1133 1020 1175 non
1034 1117 1118 1176 modo
1140 1119 1290 1178 antithesis

237 1204 317 1278 haec,
335 1203 384 1262 sed
400 1203 533 1261 universa
548 1203 611 1262 eius
626 1201 794 1260 antithetica
807 1207 966 1262 evanescet.

272 1290 305 1346 rit
315 1303 444 1362 quaeres:
457 1301 523 1346 cum
538 1287 742 1360 argemundus
757 1291 911 1360 antequam
925 1291 1071 1346 crearetur
1077 1303 1135 1346 non
1145 1286 1234 1346 luisse
1245 1287 1287 1347 di-

237 1374 320 1446 citur,
335 1371 403 1430 illud
420 1379 487 1430 eote
502 1386 557 1444 quo
572 1376 654 1444 pacto
669 1370 790 1442 intelligi
804 1370 911 1428 debet?
936 1371 1050 1444 Repono
1069 1371 1290 1445 intelligendum

235 1459 266 1517 id
275 1471 336 1516 esse
351 1472 409 1515 non
422 1456 552 1531 positive,
569 1456 651 1530 quasi
667 1459 780 1529 tempus
794 1454 872 1513 aliud
886 1456 1080 1530 praellunerit
1098 1457 1129 1516 in
1139 1473 1195 1530 quo
1205 1473 1288 1516 mun-

236 1542 290 1601 dus
303 1556 362 1601 nen
376 1546 446 1614 erat;
463 1541 513 1599 sed
527 1539 668 1613 negative,
690 1545 831 1618 quatenus
849 1544 918 1599 tunc
939 1545 1058 1615 tantum,
1076 1556 1142 1600 cum
1156 1542 1290 1601 conditus
1381 1534 1382 1617 j

236 1632 289 1698 est,
305 1624 447 1684 existendi
462 1624 576 1683 initium
590 1625 715 1702 mundqs
732 1624 848 1698 ceperit.
864 1624 914 1682 llel
928 1625 1024 1698 ctiam,
1041 1625 1066 1684 si
1081 1624 1169 1699 lubet,
1186 1627 1288 1685 reterri

236 1711 317 1770 idad
333 1709 528 1768 aeternitatem
543 1714 647 1783 posset,
664 1724 747 1783 quae,
762 1709 831 1782 quia
849 1709 990 1784 principio
1008 1725 1125 1784 prorsus
1141 1715 1228 1784 earet,
1244 1711 1288 1769 in·

237 1794 355 1854 dividua
370 1809 403 1852 ac
422 1792 546 1868 simplici
567 1807 618 1852 sna
633 1793 782 1852 duratione
797 1809 863 1853 cum
878 1799 1006 1869 tempore
1023 1810 1081 1854 non
1101 1793 1217 1868 incepit,
1238 1796 1289 1855 sed

236 1879 291 1942 hoc
305 1894 363 1938 non
379 1883 510 1938 exstante
524 1877 657 1938 exstabat
671 1879 696 1936 t,

646 2047 874 2108 sincerasti.
910 2099 916 2112 .

343 2219 382 2279 De
392 2218 451 2294 fiae
464 2233 552 2294 quea
567 2219 641 2278 Deos
651 2219 685 2277 to
701 2218 756 2277 boc
766 2234 870 2278 rerum
882 2194 1033 2279 molitione
1046 2217 1182 2289 tetendit,

559 2303 650 2378 deque
665 2304 774 2377 muudi
791 2305 973 2380 perfectione.

272 2475 317 2534 tl.
334 2475 424 2533 Deum
438 2473 577 2548 optimum
591 2475 792 2534 maximumin
802 2477 856 2535 hac
866 2493 965 2537 rerum
973 2477 1157 2537 universitate
1170 2476 1286 2535 molien-

237 2561 273 2618 do
287 2560 375 2617 linem
390 2560 514 2632 aliquem
531 2559 586 2620 sibi
596 2561 777 2635 proposuisse
792 2567 851 2620 tam
860 2568 969 2621 eertum
979 2567 1031 2636 est,
1044 2577 1131 2636 qnam
1143 2561 1218 2635 quod
1226 2576 1287 2620 cer·

237 2644 389 2716 tissimum.
407 2645 547 2718 Sapientis
562 2646 640 2704 eninr
660 2653 778 2705 estnon
795 2663 881 2706 cacco
898 2648 1008 2722 impetu
1029 2663 1064 2706 ac
1079 2648 1236 2707 temeritate
1250 2646 1289 2706 ad

237 2729 413 2802 operandum
429 2728 530 2803 abripi,
547 2732 598 2788 sed
613 2731 732 2790 consilio
742 2732 809 2791 duci
819 2738 847 2807 qt
860 2733 980 2807 ratione,
992 2747 1059 2792 cum
1069 2731 1288 2805 eiuspreprinm
1380 2798 1381 2803 .

235 2812 273 2874 sit
287 2813 396 2886 aliquid
413 2813 443 2872 in
458 2815 601 2888 operando
616 2816 761 2888 respicere
776 2822 804 2875 et
811 2817 899 2876 linem
910 2825 1020 2878 certum
1028 2816 1211 2892 praestituere
1218 2832 1288 2889 ope·

235 2899 270 2972 ri,
288 2900 364 2973 quod
378 2899 536 2958 coniicitur.
553 2900 643 2958 Deum
657 2905 754 2959 autem
768 2917 831 2960 esse
845 2903 1003 2976 sapientem
1019 2909 1047 2962 et
1061 2903 1203 2977 sapienter
1217 2915 1285 2975 opo·
1380 2904 1381 2915 ¹

235 2985 294 3044 rari
308 2999 393 3043 nemo
408 2985 464 3042 nisi
480 2985 580 3044 atheus
599 2985 783 3046 inficiabitur.
799 2988 831 3047 ld
844 2987 932 3061 igitur
945 2995 1039 3048 ratum
1054 2989 1225 3061 firmumque
1240 3002 1286 3045 ar-
1318 3039 1324 3050 .

235 3068 382 3144 bitrantes,
401 3069 519 3142 quinam
534 3070 581 3127 bie
596 3069 662 3128 finis
676 3070 772 3145 luerit,
790 3071 979 3147 inquiramus.
997 3074 1057 3141 Qua
1074 3073 1105 3132 in
1128 3088 1160 3132 re
1178 3071 1286 3150 ambigi

233 3153 360 3228 prolecto
374 3153 474 3228 nequit
489 3154 652 3214 huiusmodi
667 3155 756 3214 tinem
771 3156 860 3215 Deum
874 3158 970 3231 ipsum
988 3174 1050 3217 esse
1070 3157 1213 3217 debuisse.
1234 3157 1287 3215 lle

235 3243 298 3298 etus
313 3238 391 3298 eninr
406 3239 473 3297 ordo
494 3239 625 3313 postulat,
644 3245 675 3297 ut
689 3239 765 3299 bona
783 3241 909 3314 qualibet
932 3243 969 3301 ad
992 3243 1141 3316 optimum,
1158 3243 1195 3301 ad
1209 3241 1287 3316 quod

234 3329 334 3399 suapte
353 3329 456 3384 natura
473 3330 610 3400 spectant,
628 3325 797 3399 dirigantur;
814 3326 933 3388 intentio
948 3332 1044 3387 autem
1053 3331 1082 3385 et
1090 3326 1231 3387 ordinatio
1244 3324 1287 3384 di-

278 3469 289 3514 i
309 3469 357 3515 ilis
372 3474 520 3536 argumenta,
536 3486 591 3532 quse
607 3472 652 3516 sire
667 3487 692 3516 ex
708 3472 832 3535 Aristotele,
849 3471 895 3519 eive
909 3488 934 3519 er
949 3475 1043 3519 Averroe
1057 3476 1079 3518 el
1092 3472 1169 3518 Proeto
1187 3470 1289 3532 depromi

232 3549 338 3607 possent,
355 3561 380 3591 er
395 3545 459 3591 dietis
477 3545 542 3592 facile
562 3545 719 3593 dissolvuntur.
737 3549 837 3594 &terum
850 3549 869 3593 ei
885 3549 935 3610 quis
948 3564 974 3595 es
988 3549 1093 3595 attentius
1108 3550 1167 3593 emat
1182 3546 1289 3592 conside-

232 3635 294 3681 rare,
311 3620 373 3666 adest
388 3622 524 3668 (teanensem
540 3620 663 3684 (Hetepb.
680 3629 697 3669 t.
714 3625 738 3686 ὅ,
755 3625 810 3687 App.
829 3623 882 3686 2),
897 3625 935 3686 qni
950 3624 1032 3671 Pererii
1053 3622 1173 3670 solutiones
1186 3621 1214 3668 sd
1229 3621 1290 3668 dne·

233 3694 304 3740 decim
325 3703 452 3756 argumenta
473 3697 614 3761 Aristotelis,
631 3699 711 3760 viginti
730 3700 850 3761 bremis,
866 3699 981 3745 duodecim
1000 3699 1071 3746 Procli
1089 3699 1138 3743 inse
1151 3697 1227 3743 refert.
1245 3699 1292 3744 Aut

233 3770 312 3832 etism,
329 3771 347 3814 si
361 3771 438 3834 lubet,
456 3771 520 3820 adest
534 3773 596 3818 Cnrd.
613 3775 732 3838 Toletum,
749 3777 787 3837 qni
802 3775 891 3820 illorum
905 3775 1022 3835 praecipua
1037 3771 1170 3833 sophismata
1184 3773 1292 3836 proponit

233 3859 258 3890 ec
272 3844 343 3894 solvit.
362 3849 448 3896 Comen.
464 3851 492 3896 to
506 3854 554 3896 octe
571 3850 611 3896 lit.
628 3851 702 3899 Arist.
721 3852 749 3898 de
761 3853 830 3912 pbpe.
846 3851 971 3898 cosme
992 3849 1016 3912 2,
1028 3865 1050 3910 q.
1063 3847 1086 3894 2.
1122 3883 1145 3910 ὁ.
1224 3861 1227 3867 ·
