2767 4492
388 323 829 376 plasmasse·asrcaonoars
1076 320 1129 382 titt

93 409 223 482 lingentis
237 423 270 467 ac
284 408 392 467 finitae.
410 408 490 467 Hunc
505 411 601 467 tamen
615 421 723 468 nexum
740 412 815 476 inter
835 418 987 491 utramque
1007 407 1129 478 trireme.

4 559 5 564 ,
91 491 154 552 dere
166 492 320 568 perspicit,
337 498 369 551 ut
380 491 475 567 prima
494 507 556 551 esse
575 491 665 566 possit
683 493 748 552 sine
765 495 872 571 altera,
889 500 978 560 altera
991 517 1055 561 esse
1068 519 1127 562 nou

4 571 7 646 Ι
89 575 174 648 possit
188 577 251 635 sine
264 577 367 651 prima.
384 577 454 634 darm
469 589 536 650 varo
550 581 665 650 propter
688 578 895 651 experientiam
910 599 967 657 qna
981 587 1124 660 aflicitur,

4 677 5 710 t
88 674 186 733 reapse
208 660 367 720 realitatem
385 661 598 734 contingentem
618 667 647 719 et
670 660 782 720 linitam
802 669 916 724 exstare
937 674 1123 747 contueatur3

87 744 247 804 necessario
260 745 347 804 iuiert
360 749 474 803 exstare
491 743 752 812 etiamrealitatem
766 745 925 807 absolutam
933 755 963 808 et
970 751 1128 829 infinitam,-

87 843 159 901 quac
171 829 248 888 illius
261 829 380 903 originis
394 833 423 888 et
436 827 604 888 existentiae
620 828 656 888 sit
670 829 744 888 ratio
758 831 914 892 sufficiens.
931 833 962 892 ld
979 849 1064 896 omne
1079 853 1125 898 co-

4 911 5 924 *
85 913 240 985 guiticnem
254 915 378 988 explicat
390 915 441 974 Dei
456 919 484 973 et
498 919 693 974 creaturarum
708 915 771 974 sine
784 916 916 976 falsitatis
931 919 1123 996 admixtione,

4 1067 5 1074 ,
84 998 153 1070 quin
169 999 206 1058 ad
219 999 358 1058 formulae
372 997 472 1056 idealis
486 998 619 1058 tabellam
635 999 858 1072 confugiendum
872 1002 918 1061 sit.

4 1087 5 1126 t
117 1083 292 1157 Quapropter
305 1097 379 1156 quae
394 1082 442 1140 hic
456 1088 554 1141 contra
569 1082 692 1142 Gioberti
707 1082 894 1159 disputamus,
912 1087 1048 1155 adsersus
1061 1089 1126 1149 illos

82 1164 168 1224 etiam
181 1165 314 1237 militant,
331 1163 380 1239 qui
393 1165 463 1224 boni
478 1166 596 1238 quidem
609 1167 659 1224 sed
674 1181 778 1238 parum
792 1168 965 1243 prudentes,
981 1173 1125 1246 subalpini

80 1248 241 1324 philosophi
249 1249 403 1310 turmulam
414 1247 535 1307 idealem
544 1255 712 1322 recoquunt,
725 1264 759 1308 ac
768 1251 888 1310 dirersis
897 1254 1043 1313 vocabulis
1053 1261 1125 1315 tam·

78 1348 168 1406 quam
182 1335 286 1408 dapem
298 1349 372 1393 noro
386 1347 487 1406 sapora
501 1333 645 1392 conditam
661 1334 826 1395 obtrudunt.
836 1337 872 1395 lli
886 1343 983 1397 utrrmr
996 1341 1124 1414 panthei·
1172 1348 1174 1353 '

78 1430 176 1475 smum
190 1433 291 1491 reapse
305 1417 449 1490 devitent,
465 1417 564 1476 omitto
583 1433 739 1492 quaerere,
755 1434 793 1478 ue
807 1420 838 1478 iu
852 1420 968 1495 longam
986 1423 1124 1497 discepta-

78 1501 186 1560 tionem
201 1501 355 1575 ingrediar.
373 1503 404 1559 ht
419 1500 489 1559 illud
502 1501 655 1560 indubium
669 1508 725 1575 est,
742 1502 819 1576 ipsos
831 1518 907 1563 rana
919 1510 949 1564 et
961 1506 1121 1578 periculosa

77 1587 192 1659 sectari,
205 1592 289 1661 atque
303 1587 437 1646 incedere
450 1601 503 1660 per
519 1587 602 1660 iquos
616 1588 780 1662 suppositos
794 1588 887 1648 ciuem
901 1589 1007 1663 doloso,
1018 1591 1122 1664 quibus

75 1669 242 1744 inexpertas
256 1669 472 1730 iuvencnlorum
492 1676 603 1728 mentes
623 1670 738 1729 incaute
759 1671 950 1732 committunt.
967 1675 1001 1733 Ut
1019 1689 1122 1734 rerum

74 1753 176 1830 fatear,
188 1753 328 1814 eiusmodi
337 1753 467 1812 homines
476 1753 686 1827 philosophiam
700 1754 847 1814 honestius
860 1756 1064 1830 neglexissent,
1082 1773 1120 1816 ne

4 1891 5 1904 ,
75 1838 164 1897 tauhs
178 1838 312 1911 periculis
327 1841 516 1911 exponereut;
533 1837 583 1896 sed
598 1837 634 1895 ad
649 1837 773 1896 dioberti
787 1838 845 1897 iam
859 1839 1021 1900 redeamus.

4 1921 5 1932 ¹
127 1922 159 1980 ll.
181 1923 343 1982 Secundum
361 1927 580 1996 argumentum,
598 1937 653 1996 quc
672 1922 792 1995 nititur,
808 1937 861 1980 nos
879 1923 999 1983 minime
1013 1924 1120 1984 morari

4 2011 5 2016 ’
71 2005 166 2066 debet.
182 2007 223 2065 Ex
237 2006 321 2066 dictis
335 2007 412 2065 euim
426 2007 557 2080 superius
571 2009 690 2078 constat,
702 2020 749 2064 res
763 2003 878 2079 propria
888 2005 1120 2080 intelligibilitate

4 2101 5 2106 ’
72 2089 170 2148 orbari
183 2083 242 2150 non
256 2105 358 2162 posse,
375 2089 446 2163 quin
461 2089 546 2148 simul
562 2089 677 2162 propria
691 2089 828 2148 orbentur
841 2090 979 2150 realitate.
996 2092 1119 2166 Quapro

70 2178 137 2245 pter
151 2188 218 2231 cnm
231 2188 332 2246 reapse
345 2173 376 2231 in
390 2187 421 2230 se
436 2172 507 2239 sint,
523 2172 553 2229 iu
570 2187 600 2230 se
615 2187 716 2245 reapse
730 2172 852 2246 intelligi
866 2181 1002 2247 possunt3
1019 2191 1120 2250 quam-

70 2269 160 2329 quam
174 2255 242 2328 quia
256 2260 323 2313 sunt
343 2269 360 2312 a
378 2253 453 2325 lieo,
478 2255 593 2314 nonnisi
617 2254 671 2312 hac
685 2254 823 2313 relatione
843 2256 961 2316 affectae
986 2261 1118 2332 cognosci

69 2339 207 2412 deinceps
221 2338 334 2412 debent,
351 2351 417 2397 cnm
436 2338 472 2396 ad
486 2343 641 2411 respectus,
658 2353 730 2411 quos
744 2339 910 2410 includunt,
926 2343 1005 2402 etad
1019 2359 1118 2405 aarum

67 2423 213 2498 originem
224 2422 458 2482 considerandam
473 2422 505 2480 iit
518 2422 632 2496 gradrrs.
671 2433 675 2440 ·
817 2465 820 2469 .

126 2507 171 2566 lll.
188 2507 312 2566 Tertium
333 2511 533 2580 argumentum
556 2506 663 2566 nullius
679 2507 769 2566 terme
782 2509 919 2568 momenti
935 2513 988 2567 est.
1013 2510 1045 2567 ln
1058 2509 1116 2583 pri·

67 2593 125 2652 mis
140 2592 219 2650 euim
234 2637 241 2664 ,
272 2592 297 2650 si
311 2590 392 2651 ideae
407 2587 542 2651 darentur
556 2591 671 2651 innatae
688 2638 695 2664 ,
726 2606 798 2666 opus
810 2607 870 2651 uon
884 2597 959 2651 esset
972 2590 1116 2651 obiectum

4 2741 6 2750 ,
66 2676 196 2749 primum
210 2677 378 2750 cognitionis
392 2691 423 2734 re
438 2677 534 2752 aliqua
548 2677 686 2750 singulari
701 2682 730 2735 et
744 2681 876 2736 concreta
896 2675 1044 2735 contineri.
1070 2677 1117 2736 Ni·

4 2759 6 2782 ³
67 2760 110 2818 hil
125 2760 203 2818 enim
217 2765 292 2819 vetat
305 2761 336 2820 in
346 2777 380 2818 ea
389 2761 538 2834 hypothesi
550 2761 703 2834 quominus
712 2761 807 2832 prima
815 2759 919 2816 mentis
930 2758 994 2816 idea
1005 2758 1113 2831 aliquid

4 2833 5 2852 ¹
66 2844 231 2902 universale
249 2849 278 2900 et
292 2845 466 2902 abstractum
488 2845 701 2915 repraesentet,
723 2856 769 2897 ex.
791 2855 834 2912 gr.
850 2841 1009 2899 realitatem
1023 2840 1054 2898 in
1068 2857 1116 2914 ge

64 2943 147 2986 nere.
169 2926 247 2992 Quod
261 2925 287 2983 si
301 2926 382 2982 ideae
397 2926 532 2990 innatae,
547 2930 580 2982 ut
593 2939 646 2995 par
661 2927 723 2993 est,
740 2922 924 2996 reiiciunhrr3
943 2931 1011 2981 tunc
1024 2923 1115 2982 taten-

64 3011 137 3070 dum
153 3007 268 3080 quidem
283 3012 326 3064 est
340 3007 464 3079 primam
478 3006 669 3078 cognitionem
689 3005 721 3062 in
735 3011 866 3064 concreto
889 3007 984 3079 aliquo
1006 3009 1115 3068 versari

63 3092 201 3154 sensibus
216 3089 402 3164 apprehenso,
419 3103 457 3147 ex
471 3103 528 3162 quo
538 3101 624 3146 meus
640 3087 743 3146 virtute
757 3103 809 3146 sua
820 3089 859 3147 ad
873 3089 953 3148 ideas
967 3092 1114 3164 generales

63 3173 260 3237 efformandas
279 3177 423 3246 assurgat;
449 3177 479 3230 at
501 3185 682 3245 nequaquam
696 3171 852 3244 requiritur
871 3177 904 3232 ut
917 3174 1043 3246 primum
1057 3176 1112 3234 hoc

63 3263 234 3320 concretum
247 3255 391 3316 obiectum
405 3256 442 3316 sit
451 3255 482 3315 id
491 3255 526 3314 ad
536 3255 611 3330 quod
622 3254 805 3328 cogitationes
816 3269 915 3315 omnes
922 3260 1113 3331 tamquemad

60 3487 123 3550 quod
138 3487 199 3532 notio
214 3484 316 3547 includit,
333 3483 451 3548 possideat,
468 3484 505 3530 sed
521 3484 586 3530 etiam
601 3483 646 3530 vim
664 3481 743 3529 habeat
756 3499 780 3530 se
794 3483 954 3544 quodammodo
968 3485 1062 3531 exterius
1072 3483 1114 3532 ht-

60 3561 181 3608 inndcndi.
194 3561 229 3608 Sic
239 3560 347 3621 contingit
361 3559 384 3605 iu
401 3575 424 3606 re
437 3560 556 3622 praesenti.
570 3560 596 3605 In
607 3563 692 3606 tantum
708 3559 768 3605 enim
782 3559 843 3604 notio
858 3559 915 3606 eutis
930 3563 952 3605 et
966 3553 1076 3606 rectitatis
1084 3561 1113 3607 ed
1176 3621 1180 3627 Ι

59 3637 106 3684 alia
122 3641 207 3698 praeter
222 3637 292 3682 Deum
306 3635 433 3697 porrigitur,
448 3635 473 3681 in
487 3639 594 3697 wantum
608 3634 666 3681 Deus
681 3650 726 3680 nou
739 3634 804 3680 modo
818 3639 852 3682 est
865 3650 904 3698 per
914 3650 938 3682 se
952 3634 1113 3697 simplicissima

60 3709 179 3775 plenitudo
192 3712 263 3758 omnis
277 3710 391 3774 rastitatis,
408 3710 501 3773 demptis
516 3710 623 3758 limitibus
639 3715 662 3757 et
676 3709 812 3772 defectibus,
828 3726 904 3757 verum
917 3710 984 3757 stiam
1000 3711 1112 3759 intellectu

60 3802 103 3833 suo
118 3785 215 3846 scampit
228 3801 252 3832 aa
265 3801 328 3848 posse
340 3785 483 3832 multitariam
497 3787 591 3834 armenis
606 3785 738 3848 quibasdm
747 3784 921 3850 marah,
938 3784 1008 3834 anas
1023 3785 1111 3849 quidem

59 3861 106 3909 aad·
117 3873 209 3908 numero
225 3859 357 3924 moratu,
371 3861 538 3925 repraesentari.
