2767 4492
510 402 752 453 senosrosocrn
973 433 978 452 ,
1102 386 1153 453 ltu

147 489 193 549 23.
209 489 281 550 Hinc
294 488 462 563 intelligitur
476 491 543 564 quid
559 489 616 550 sint
629 490 757 549 diversae
771 483 1007 565 impossibilitatis
1018 485 1128 564 species
1142 535 1149 563 ,

115 574 241 649 quidone
258 574 336 634 vario
349 572 493 648 possibilis
508 574 552 633 rel
565 574 750 649 impossibilis
764 575 879 634 nomine
893 573 1065 649 designetur.
1082 575 1152 634 Nam

113 659 253 732 quidquid
267 659 298 718 in
312 659 372 718 suis
387 658 462 718 notis
483 659 591 718 nullam
614 665 802 733 conceptuum
821 675 947 734 pugnam
965 659 1101 733 involvit,
1120 675 1155 720 eo

114 743 189 817 quod
203 743 270 802 illae
284 744 463 804 consentiant
476 744 550 803 inter
564 761 611 816 sc,
628 744 741 802 intorno
755 744 800 802 vel
814 745 1009 821 onctnpbpstcc
1019 744 1155 821 possibile

113 829 294 900 nominatum
309 829 389 887 uelut
403 829 427 887 si
441 829 581 887 muudum
595 829 701 902 cog'tes
716 828 813 887 alium.
835 829 951 904 donna,
968 831 1114 905 quidquid·
1125 831 1155 889 in

113 913 188 972 notis
203 928 265 972 rem
279 913 518 972 constituentibus
532 914 750 988 repugnantiam
765 913 863 986 babet,
879 915 1055 991 impossibiie
1067 915 1156 974 inter·

112 1012 151 1055 nc
164 1002 192 1056 et
204 997 401 1072 ontopbpstoc
414 997 534 1070 dicitnr3
551 1004 583 1057 nt
595 999 621 1058 si
635 997 774 1056 circulum
789 997 880 1070 fingas
894 999 1005 1058 duabus
1020 1005 1152 1058 constan-

116 1091 174 1146 tem
187 1081 280 1142 lineis.
297 1082 375 1151 buon
385 1083 410 1141 si
419 1097 463 1157 ea,
475 1098 549 1157 quae
562 1084 676 1142 interna
689 1080 876 1156 possibilitate
890 1083 1022 1156 gaudent,
1039 1099 1156 1142 causam

113 1165 258 1242 habeant,
281 1183 299 1226 a
319 1183 376 1241 qua
392 1168 511 1242 produci
530 1168 565 1225 ad
583 1167 765 1225 amstendum
788 1167 911 1240 possiut;
932 1173 1050 1227 externe
1069 1168 1156 1228 etiam

112 1252 263 1326 possibilia
276 1257 492 1326 nuncupantur3
504 1257 533 1309 et
546 1251 656 1309 stirace
670 1265 757 1308 causa
772 1249 869 1309 ordine
882 1266 979 1312 rerum
994 1259 1154 1314 creatarum

113 1336 313 1409 contineatur,
326 1335 445 1409 pbgstcc
459 1335 547 1393 etiam
567 1333 717 1407 possibilia
736 1335 876 1392 dicuntur.
894 1335 980 1394 Secus
994 1345 1037 1395 est
1050 1338 1086 1397 de
1100 1339 1157 1396 tm·

114 1419 252 1494 possibili
271 1426 386 1478 actcmcc
400 1418 446 1477 nel
457 1418 586 1492 physico.
602 1417 728 1492 lienique
743 1418 767 1476 si
780 1419 808 1476 id
822 1465 829 1491 ,
847 1419 921 1493 qnod
940 1419 1050 1478 interne
1065 1427 1094 1478 et
1107 1437 1157 1480 ex·

115 1510 201 1563 terne
214 1503 348 1577 possibile
363 1509 422 1576 est,
438 1502 578 1562 existendi
598 1503 702 1562 retinet
718 1501 911 1575 habilitatem,
928 1502 1015 1562 etiam
1030 1519 1095 1562 cum
1109 1508 1157 1562 ad-

114 1587 217 1648 iuncta
230 1588 489 1662 propensioresque
504 1602 607 1646 causae
620 1593 791 1661 spectantur,
804 1588 937 1663 possibile
951 1587 1063 1646 nwrolo
1077 1603 1170 1648 roca·

116 1679 175 1732 tnr.
197 1671 304 1732 ldcirco
324 1672 479 1755 moraliter
499 1672 675 1750 impossibile
687 1672 755 1745 erit,
772 1673 847 1746 quod
861 1673 913 1732 etsi
928 1672 957 1732 vi
973 1688 1075 1733 causae
1095 1673 1156 1734 fieri

113 1757 243 1817 absolute
258 1757 359 1832 possit3
378 1762 473 1816 tamen
487 1756 572 1816 buius
585 1757 708 1816 naturali
723 1757 906 1817 inclinatione
920 1758 1154 1818 circumstantiis-

5 1870 7 1873 *
112 1858 171 1916 que
185 1842 329 1917 inspectis,
349 1841 393 1900 sel
407 1855 555 1915 nunqnam
569 1841 614 1900 vel
628 1857 692 1901 raro
706 1847 734 1900 et
748 1857 814 1901 cum
828 1843 995 1902 difficultate
1010 1848 1066 1918 bet,
1080 1860 1154 1920 pone

112 1942 163 1986 ex.
179 1942 222 2000 gr.
239 1926 337 1986 odium
351 1926 477 2001 parentis
491 1926 523 1984 in
538 1925 644 1985 liberos
658 1929 683 1982 t.
700 1927 741 1984 Ex
757 1927 861 2002 qrdbns
878 1928 970 1987 elucet
986 1929 1153 2003 possibilita-

113 2017 174 2070 tem
187 2011 331 2070 interuam
345 2027 407 2071 esse
422 2011 596 2086 absolu-tom,
613 2018 761 2072 externam
775 2013 942 2082 relativam,
959 2014 1064 2088 quippe
1079 2030 1152 2088 qnae

111 2111 186 2169 rem,
197 2112 270 2171 qrrae
284 2096 432 2170 cogitatur,
448 2097 600 2170 egreditur,
617 2097 807 2172 uirtutemque
820 2098 935 2172 respicit
949 2113 1061 2158 causae.
1072 2099 1152 2158 ltem·

112 2197 172 2255 que
184 2181 311 2254 seqrubu
324 2186 356 2239 ut
368 2181 543 2255 impossibile
557 2182 668 2240 interne
682 2182 814 2240 nibilum
825 2183 861 2240 sit
875 2183 1050 2256 omnimode3
1064 2184 1152 2258 siqui·

112 2268 182 2326 dem
200 2271 359 2341 pugnantes
379 2271 482 2340 notae,
503 2265 607 2340 quibus
627 2271 756 2340 constat,
773 2273 871 2326 mutuo
887 2283 916 2325 se
931 2267 1098 2340 destruunt,
1117 2283 1151 2328 ac

111 2350 232 2428 proinde
243 2366 279 2409 ne
288 2351 320 2409 in
329 2356 467 2425 conceptu
481 2351 596 2424 quidem
610 2351 774 2425 relinquunt
788 2351 905 2425 aliquid.
922 2351 1023 2410 Contra
1033 2366 1099 2408 vero
1110 2351 1153 2410 in·
1203 2413 1208 2424 ,

113 2442 194 2494 terne
206 2435 341 2510 possibile
357 2436 454 2508 (etiam
467 2451 533 2494 cnm
550 2437 679 2505 nondum
694 2435 807 2510 exstat),
819 2436 873 2496 etsi
887 2437 1003 2510 physice
1018 2435 1055 2492 sit
1068 2435 1150 2509 nihil,

111 2520 307 2595 metaphysice
330 2526 424 2580 tamen
439 2525 482 2579 est
496 2521 652 2595 quidpiam.
676 2522 744 2580 Cum
766 2522 843 2581 enim
864 2521 956 2594 notis,
973 2535 1046 2594 quae
1067 2519 1153 2578 simul

112 2605 311 2678 conciliantur,
327 2606 474 2677 coalescat,
492 2605 522 2664 in
536 2612 634 2666 mente
648 2607 748 2666 saltem
764 2607 836 2666 etin
851 2610 988 2679 conceptu
1003 2603 1141 2664 subsistit.

149 2689 193 2747 tl.
210 2689 341 2749 Existunt
355 2692 407 2750 troc
423 2691 484 2750 loco
499 2692 677 2765 quaestiones
699 2693 839 2766 quaedam
860 2690 1061 2766 subdifficiles,
1078 2707 1152 2765 quae
1206 2685 1209 2692 ’

105 2773 252 2847 originem
262 2780 290 2833 et
299 2776 453 2834 discrimen
466 2775 587 2834 attinent
600 2777 691 2850 ipsius
705 2775 909 2848 possibilitatis,
921 2791 1050 2849 quaeque
1060 2775 1152 2834 omni·

110 2875 150 2918 no
159 2860 347 2934 praetermitti
361 2876 419 2918 non
434 2859 547 2917 debent.
560 2859 630 2917 Sunt
640 2859 718 2916 enim
733 2859 782 2930 orsi
797 2858 939 2914 internam
952 2873 1048 2914 rernm
1063 2858 1151 2930 possi·

108 2944 253 3004 bilitatem
274 2943 390 3001 omnino
410 2944 446 3000 dc
464 2936 558 3000 medio'
577 2943 705 3014 pellunt,
729 2947 878 2997 externam
896 2938 1044 2997 dumtaxat
1066 2939 1151 2998 relin-

108 3034 214 3104 quunt.
229 3027 400 3084 Existimant
413 3027 491 3084 enim
505 3040 551 3082 res
566 3025 623 3081 dici
636 3022 785 3095 possibiles
800 3029 929 3095 respectu
949 3028 1059 3082 tantum
1079 3023 1151 3084 divi·

106 3128 168 3173 nae
181 3109 333 3186 potentiae,
350 3124 438 3183 aqna
451 3107 589 3181 quidquid
603 3105 666 3165 ficri
679 3105 777 3180 possit,
794 3106 824 3164 id
838 3107 970 3180 possibile
985 3123 1084 3168 revera
1100 3125 1149 3168 au·

156 3300 169 3346 l
186 3296 306 3352 Reiicimns
320 3296 357 3342 bic
370 3295 487 3342 mrurdm
501 3294 626 3358 opinionem
639 3293 770 3358 undensis,
782 3309 820 3357 qur
834 3295 1005 3341 comminiscitur
1019 3295 1153 3358 impossibile

107 3375 193 3422 morale
206 3374 229 3420 td
245 3373 376 3436 nuncupari,
392 3371 516 3436 quodlicet
530 3371 553 3417 in
569 3387 592 3418 so
605 3370 772 3433 repugnantiam
786 3387 831 3417 non
847 3370 1035 3434 insolentiarum
1050 3387 1100 3418 cnm
1115 3371 1152 3417 di-

108 3451 162 3498 vina
176 3454 255 3496 natura
269 3453 307 3496 ant
320 3448 490 3512 pulsationibus
504 3453 594 3509 pugnet.
610 3449 663 3494 Eius
676 3447 729 3493 hacc
744 3452 796 3494 snut
810 3447 892 3494 rerba:
912 3467 920 3489 ι
939 3447 1083 3509 impossibilis
1102 3463 1152 3494 ruo-

112 3549 122 3567 ·
141 3525 196 3572 ralia
211 3531 290 3574 vocant
305 3524 438 3589 philosophi,
454 3539 509 3587 quac
522 3524 610 3586 quidem
625 3529 677 3570 sont
690 3523 802 3586 possibilia
817 3524 942 3586 intrinseco,
955 3523 992 3570 sed
1008 3529 1089 3588 umen,
1101 3525 1152 3586 qnia

113 3623 123 3643 ι
142 3619 192 3648 cum
207 3602 247 3648 nei
262 3607 340 3648 natura
354 3606 460 3665 pugnant,
476 3601 551 3648 lieris
566 3602 610 3647 lleo
624 3605 743 3663 noqueunt,
761 3599 818 3647 reiut
830 3615 880 3646 eum
893 3600 990 3662 mentiri,
1006 3615 1086 3664 emere,
1102 3617 1152 3664 per·

113 3699 122 3718 ·
141 3695 208 3743 oure,
223 3684 261 3726 ant
274 3678 356 3741 peccati
371 3694 418 3724 caso
432 3683 549 3725 auctorem.
565 3699 574 3718 ·
592 3681 667 3725 Elem.
682 3679 785 3738 nelops.
802 3681 858 3740 part.
877 3677 907 3740 l,
923 3693 942 3723 c.
960 3677 975 3722 2
983 3712 990 3739 ,
1007 3676 1050 3724 dei.
1066 3678 1104 3724 tt.
1124 3681 1152 3725 At

110 3755 162 3816 quis
177 3771 220 3801 non
234 3754 294 3801 ridet
307 3755 359 3801 baec
370 3755 480 3801 ctrimilin
492 3755 533 3799 boc
547 3755 594 3817 ipso
609 3753 666 3816 quod
681 3753 762 3800 divinis
777 3753 886 3800 attributis
900 3759 1030 3816 repugnant,
1042 3755 1152 3802 internam
1238 3773 1241 3782 ·

109 3846 151 3877 sou
164 3830 333 3893 metaphysicam
347 3829 543 3893 impossibilitatem
558 3829 685 3877 involucro?
699 3831 760 3876 Certo
774 3829 832 3875 Dens
847 3829 969 3892 mandans,
986 3846 1079 3895 omens,
1097 3847 1151 3893 poo—

109 3907 154 3952 eati
168 3911 251 3969 auctor,
266 3906 405 3969 conceptibus
419 3912 495 3952 mutuo
508 3905 655 3968 pugnantibus
670 3905 778 3968 coalescit,
796 3904 896 3968 qnodque
909 3909 1035 3956 rnbiectnm
1049 3906 1151 3969 proposi-

112 3983 178 4029 tionis
192 3983 264 4045 ponit‚
280 3983 302 4030 nl
317 3983 427 4031 adtenta
442 3981 539 4030 eiusdem
553 3983 694 4030 attributam
708 3982 782 4030 demit.
