2767 4492
434 429 822 485 renemrcemmmmcoe
1111 417 1150 486 it

108 506 140 583 iii
153 523 210 582 iiiii
221 531 333 596 maqnoi
346 533 425 580 iuras
437 527 599 592 muitumqus
610 529 730 578 studium
742 529 930 584 adhibeamus,
941 527 1080 592 utriusqus
1097 539 1151 578 na·

111 621 189 668 turae
200 615 329 671 conditio,
344 613 451 670 limites,
465 613 654 677 proprietates,
669 613 763 662 munio
773 614 921 675 nonsatis,
935 618 967 664 ut
981 615 1096 677 oportet,
1108 624 1149 663 sc-

7 727 8 730 *
109 706 263 752 cernantur.

61 817 65 822 -
145 785 260 854 Deinde,
275 781 440 848 obseruatio,
460 795 527 849 quae
546 781 757 834 ratiocinationi
773 781 928 846 suppeditat
948 781 1151 846 tundamentum

110 871 183 936 eique
196 875 335 935 tamquam
346 870 523 934 praeparatio
538 869 654 933 titiiqsns
666 869 820 923 antevertit,
833 867 883 917 ioe
900 867 932 917 in
944 879 974 917 rs
986 867 1150 918 canunteuto

110 949 262 1007 reflexionis
282 960 432 1011 exsemine,
447 967 513 1018 quae
535 955 653 1004 omnium
674 953 861 1016 operationum
877 953 1051 1017 copnosesndi
1071 953 1152 1015 piane

61 1073 63 1076 -
111 1045 151 1091 est
163 1037 336 1106 difficillima,
350 1051 396 1090 nec
409 1039 465 1089 nisi
475 1040 639 1102 provectiora
654 1043 743 1088 aetate
755 1036 907 1101 peraqitur.
923 1037 996 1088 Unde
1007 1049 1064 1087 nen
1075 1037 1152 1086 modo

110 1134 230 1174 caremus
243 1123 404 1174 conscientia
416 1125 573 1187 primitivae
586 1124 746 1174 suotuticnis
755 1127 910 1172 nostrorum
919 1119 1082 1187 iacuitoturn
1090 1123 1155 1171 dum

110 1209 209 1258 sensim
221 1214 246 1258 et
256 1210 419 1272 pedetentim
434 1209 640 1272 eapiicoiantur
646 1221 657 1266 ‚·
666 1207 712 1258 scd
725 1207 807 1258 etiam
819 1208 851 1256 in
862 1219 917 1256 uno
929 1207 1070 1258 indiuiduo
1091 1219 1153 1256 con-

112 1292 267 1358 templando
283 1305 439 1351 certantur:
456 1295 488 1344 dc
501 1294 593 1342 ceteris
605 1303 666 1343 cero
688 1293 841 1342 saniectnro
855 1291 980 1355 famma
995 1294 1033 1343 ssi
1049 1305 1083 1342 eo
1100 1292 1154 1352 iis,

112 1387 180 1438 puae
191 1376 225 1425 ab
239 1377 389 1426 eorumdem
402 1375 501 1438 apendi
513 1387 586 1440 mors
605 1379 631 1426 et
642 1375 831 1424 ocrtsuetudine
840 1374 982 1438 patefiunt.
998 1373 1087 1436 Quare
1105 1389 1156 1424 au·

111 1459 200 1522 pendo
212 1460 330 1509 maaims
344 1459 490 1522 diiipsniia
503 1463 550 1516 est,
566 1461 596 1509 ut
609 1459 707 1508 idoneo
718 1459 780 1508 inde
793 1459 916 1508 inductio
928 1457 1016 1520 possit
1026 1458 1146 1507 institui.

149 1539 257 1594 Accedit
269 1544 340 1607 quod
352 1555 411 1593 eum
427 1545 524 1594 suimet
545 1544 745 1594 internoscendi
763 1543 911 1605 eupiditate
927 1541 1064 1605 perculsus
1080 1541 1156 1591 isonia

112 1625 144 1677 in
156 1633 236 1679 sonet
249 1627 410 1691 reuertitur,
425 1628 512 1678 animi
524 1629 594 1679 uires
607 1637 698 1678 omnes
708 1640 765 1677 non
777 1629 854 1676 niodo
869 1627 926 1676 iam
939 1627 1058 1677 cooiutat
1074 1627 1120 1677 ssd
1133 1639 1157 1677 s-

112 1713 182 1762 itam
194 1711 247 1776 sero
259 1723 315 1762 una
328 1719 467 1774 operantes
481 1713 602 1776 aiiosque
617 1725 651 1762 ea
665 1711 731 1762 aitis
742 1712 934 1775 quodammodo
947 1723 1031 1761 necor
1041 1716 1067 1762 et
1079 1711 1158 1775 quoti

111 1797 259 1859 impiiaitas
275 1789 416 1859 comperit?
428 1795 467 1846 iit
480 1797 601 1860 quamuis
615 1797 726 1860 anaipsi
738 1796 804 1845 iiius
817 1789 942 1859 seiunpat
961 1801 986 1846 si
1000 1793 1155 1857 introiet,

113 1885 202 1931 tomen
210 1879 240 1930 in
249 1881 296 1929 isoo
304 1892 322 1929 a
331 1880 451 1942 synthesi
460 1882 577 1944 quodam
585 1881 711 1930 natarali
720 1881 820 1944 iupiter
832 1879 988 1942 impeditur.
1000 1874 1072 1928 Dum
1083 1880 1155 1930 enirn

114 1978 155 2014 eu.
170 1979 210 2028 pr.
228 1965 335 2014 animus
350 1966 387 2015 ad
404 1970 479 2016 aetus
492 1963 689 2028 iuieiiiqsniioe
707 1965 866 2015 scrutandos
883 1979 910 2017 se
928 1966 1061 2021 aduertit,
1074 1964 1156 2014 simui

113 2053 251 2108 memoria,
261 2051 437 2114 imaqinatio,
448 2051 583 2112 voiuntas,
592 2053 631 2100 vis
640 2051 747 2101 sensitis
757 2053 793 2101 ad
803 2052 936 2115 apendum
944 2051 1083 2109 nituntur,·
1091 2063 1158 2114 quas

114 2140 138 2184 et
148 2135 246 2184 meniis
256 2135 432 2184 attentionem
440 2136 566 2184 minuunt
576 2135 681 2198 alioque
691 2142 806 2184 avocant
816 2143 841 2185 et
850 2135 950 2187 obiecto
960 2137 1088 2199 inpetunt
1097 2147 1158 2184 con-

114 2219 255 2281 fusionem.
270 2216 296 2266 Ν
298 2231 324 2267 ec
336 2219 448 2280 denique
461 2219 609 2268 omittenda
621 2225 659 2268 est
670 2220 759 2269 nimia
772 2220 958 2281 operationum
969 2221 1056 2269 animi
1065 2219 1157 2270 coieri-

117 2308 172 2356 tcs,
184 2308 387 2365 propterquam
402 2301 481 2364 [acite
495 2303 735 2353 considerationem
747 2303 887 2368 spupiunt.
908 2301 992 2368 Atque
1004 2305 1033 2353 ni
1045 2304 1154 2366 potissi·

116 2397 190 2434 mum
201 2391 264 2435 sunt
279 2385 386 2448 sontes,
403 2399 436 2436 ca
449 2385 543 2451 quibus
557 2392 636 2438 tanto
651 2389 680 2437 ia
693 2389 762 2437 hanc
775 2389 948 2452 disciplinam
959 2390 1093 2440 redundat
1107 2401 1154 2437 nr·

116 2471 224 2526 duitas,
240 2477 318 2534 atque
330 2473 361 2521 in
375 2477 431 2522 iam
445 2473 600 2524 dissidentes
613 2461 798 2538 saepenumero
811 2476 958 2526 tententiae
972 2475 1028 2544 eius
1045 2473 1158 2522 cultores

116 2553 224 2604 absoni.
239 2553 368 2616 Quocirca
377 2557 516 2619 praeclare
531 2557 635 2608 Tullius
651 2559 734 2610 iocttm
747 2573 831 2622 supra
847 2560 988 2609 laudatum
1000 2558 1042 2608 iia
1053 2557 1159 2608 conciu-

116 2639 174 2688 dit:
190 2657 202 2684 c
215 2637 296 2688 Hunc
308 2641 395 2704 ipitur
409 2639 514 2707 (nempe
527 2643 657 2712 animum)
672 2659 749 2696 nosse
762 2645 819 2694 nisi
831 2645 954 2694 diuinum
966 2648 1042 2699 essct,
1055 2655 1111 2692 non
1123 2655 1161 2693 ss·

119 2739 132 2768 c
146 2729 184 2774 set
203 2725 375 2776 decantaris
387 2729 527 2778 cuiusdam
540 2729 645 2792 inponit
662 2735 833 2792 praeceptum
845 2729 898 2790 sic,
912 2733 944 2777 ui
956 2729 1087 2780 tributum
1104 2727 1161 2778 Deo

119 2825 132 2851 tt
149 2809 193 2858 ii'i.
209 2827 222 2854 n

104 2864 112 2885 ³
154 2889 190 2942 Ar
202 2893 264 2944 iaec
277 2895 313 2944 ad
324 2875 466 2951 acuendos,
481 2909 537 2945 non
551 2897 587 2945 ad
601 2895 769 2944 deterrendos
783 2894 888 2943 animos
901 2893 976 2944 dieta
988 2893 1076 2943 veum.
1091 2891 1163 2943 iiam

119 2963 173 3026 sisi'
183 2979 214 3025 in
224 2977 411 3038 phoenomenis
425 2979 494 3026 isisce
507 2978 623 3026 internis
638 2975 789 3038 ieqiirusqne
801 2984 922 3026 motuum
935 2978 1023 3027 animi
1037 2990 1162 3042 perseru-

119 3059 212 3110 tamdis
226 3058 365 3120 nepoiicsa
377 3059 414 3106 sit
426 3057 589 3119 cestipatioe
601 3059 631 3104 id
646 3061 735 3106 tomen
747 3071 803 3107 non
817 3067 856 3110 est
870 3061 962 3118 tonti,
975 3067 1006 3113 ut
1018 3063 1163 3127 oiqiionti-

119 3143 168 3191 bus
181 3141 253 3188 curis
265 3139 426 3203 solertiaque
439 3141 526 3189 studii
538 3141 662 3202 superari
680 3153 735 3190 non
747 3145 843 3205 possit.
860 3142 933 3205 Quae
944 3159 1002 3209 spes
1016 3161 1044 3198 eo
1058 3147 1163 3212 firmior

118 3226 216 3289 futtuo
229 3227 279 3279 este
293 3224 363 3286 quod
377 3225 427 3274 etsi
439 3222 526 3273 animi
540 3224 742 3287 contempiotio,
756 3239 810 3292 qua
819 3233 898 3290 parte
908 3230 1020 3291 plenam
1032 3229 1163 3279 notitiam

120 3312 362 3374 phaenomencrum
375 3309 496 3371 respicit,
509 3309 609 3359 maiore
622 3321 703 3372 quam
718 3316 818 3362 eeteros
831 3313 991 3374 disciplinae
1005 3313 1164 3380 atpieunate

122 3395 241 3452 taboret,⁸
255 3399 346 3442 tamon
358 3406 391 3444 ea
404 3398 483 3455 porte
501 3393 569 3450 iiia,
585 3406 638 3458 qua
657 3397 799 3457 compertis
809 3397 1012 3458 pisaenonsenis,
1025 3410 1059 3448 su
1074 3397 1111 3446 iis
1128 3398 1165 3447 ad

122 3484 251 3529 naturam
263 3478 490 3541 conditionemque
499 3479 633 3540 principii
643 3479 877 3531 internoscendam
891 3483 1021 3545 assumit,
1030 3481 1164 3545 ionqs-sa·

123 3564 202 3612 citior
216 3568 241 3613 et
255 3563 339 3613 tutior
352 3568 494 3626 appareat.
510 3561 595 3627 Atque
608 3563 654 3614 noc
667 3577 702 3614 ea
716 3566 819 3628 dupiiei
836 3567 1007 3629 potissimum
1018 3567 1107 3628 eapite
1120 3578 1164 3617 re-

125 3649 265 3710 petendum
278 3649 354 3697 duaa.
370 3646 507 3712 Primum,
521 3650 586 3713 quio
601 3649 688 3699 animi
702 3650 856 3700 substaniia
872 3649 996 3701 iniims'or
1012 3650 1089 3701 nadis
1107 3657 1162 3709 ssi,

124 3743 205 3794 quam
219 3743 309 3781 rerum
326 3735 487 3789 oeterorume
501 3733 610 3788 deinde,
624 3735 688 3796 quio
700 3746 785 3784 nexus
803 3737 874 3785 inter
888 3735 977 3796 ipsum
996 3734 1164 3800 actionesque

124 3815 180 3864 sius
193 3815 355 3866 intercedens
369 3828 387 3864 ο
400 3815 564 3876 conscientia
577 3819 692 3868 tenuius
704 3853 712 3881 ‚
726 3820 796 3882 quod
809 3819 841 3868 de
852 3819 903 3880 iis,
916 3831 982 3882 quae
997 3818 1066 3882 soris
1083 3823 1163 3878 sunt,

124 3899 180 3949 diei
191 3911 247 3948 non
258 3904 355 3961 potest.
364 3899 452 3960 Quare
463 3907 605 3965 postquam
614 3903 742 3966 diiiqsnti
755 3903 936 3953 obseruatione
947 3906 1112 3967 operationes
1121 3899 1164 3950 ui-

124 3994 216 4048 resque
229 3982 315 4035 animi
327 3984 440 4038 detectos
452 3983 564 4048 tuerint,
573 3986 763 4051 pienissimum
769 3992 845 4051 patre
862 3987 914 4052 iter
923 3982 966 4046 ‘tsi
975 4001 1024 4048 sa,
1035 3997 1102 4054 quoi
1111 3994 1163 4036 no·
