2767 4492
196 344 214 402 d
603 346 831 399 nnasuorm'uss

195 429 330 500 11111111
345 437 485 498 eiusmodi
499 438 534 497 ad
550 437 604 498 hoc
619 439 734 498 undem
747 439 940 512 reduceretur,
955 438 987 497 11
1002 440 1143 499 sententia
1156 440 1240 500 ratio

194 525 381 598 nalistamm,
399 521 473 598 quod
487 529 666 583 sacrosancta
681 523 835 597 Religionis
849 523 983 596 dogmata
996 524 1028 582 11
1042 524 1147 598 placita
1160 541 1239 585 mere

195 607 389 684 philosophica
402 613 640 681 permutarentur.
656 607 705 667 Est
720 613 817 666 aulem
836 614 1062 682 monstruosum,
1079 610 1148 683 quia
1166 609 1238 669 ileli-

194 693 318 767 gionem,
335 709 408 768 quaa
426 709 443 752 a
457 693 514 753 lleo
528 693 692 752 immediate
706 693 843 767 procedit,
864 693 1074 768 philosophiae,
1089 711 1164 768 qnae
1177 710 1239 769 pro

195 778 270 837 cedit
288 778 427 852 mediate,
444 778 598 837 obnoxiam
618 779 737 836 laceret:
755 793 788 836 ac
802 778 923 852 proinde
943 785 1125 853 praepostero
1140 779 1240 839 ordine

194 862 340 922 dominam
360 862 479 922 ancillae
493 863 655 922 subiiceral.

231 947 280 1006 His
293 947 380 1020 igitur
395 947 540 1022 expositis,
558 952 664 1020 quanta
679 946 716 1005 sit
730 946 926 1021 philosophiae
936 945 1050 1006 bonitas
1065 947 1240 1007 intellectum

194 1037 276 1107 put03
293 1048 381 1106 aqua
398 1033 422 1091 si
438 1031 550 1106 quando
571 1031 676 1090 damna
692 1032 787 1105 potius
805 1031 835 1089 in
854 1032 1029 1105 llehgionem
1044 1039 1072 1092 el
1085 1049 1176 1106 genus
1190 1033 1240 1092 ho

194 1117 306 1175 minum
326 1117 524 1190 dimanamnt,
541 1117 570 1175 id
591 1117 734 1175 humanae
757 1115 945 1176 imbecillitati
960 1131 994 1176 ac
1007 1117 1149 1191 malitiae,
1166 1133 1240 1192 quae

195 1201 283 1260 rebus
297 1202 458 1276 quibusque
474 1201 588 1274 optimis
603 1201 682 1260 abuti
705 1206 813 1275 potest,
829 1217 887 1261 non
902 1202 1097 1276 philosophiae
1114 1201 1241 1262 tribuen-

195 1285 265 1344 dum
280 1285 394 1360 ingenio
409 1293 461 1346 est.
477 1285 622 1346 Praeclare
637 1285 832 1345 Verulamius:
852 1309 863 1338 ι
877 1286 906 1345 Si
921 1287 985 1360 quis
1008 1287 1240 1361 depravationem

197 1370 410 1430 «scientiarum
425 1375 453 1429 el
465 1370 572 1429 artium
583 1370 617 1427 ad
638 1369 780 1428 malitiam
798 1374 827 1428 ot
842 1370 988 1430 luxuriam
1005 1375 1033 1429 at
1052 1369 1158 1430 similia
1170 1369 1241 1431 obii·

196 1460 316 1528 «caret,
338 1453 368 1512 id
388 1455 534 1514 neminem
552 1457 674 1512 moveat.
690 1453 855 1512 1111111111
874 1455 910 1513 de
928 1454 1063 1514 omnihus
1083 1453 1238 1515 mundanis

196 1539 308 1600 «bonis
324 1539 382 1598 dici
401 1545 503 1614 potest,
526 1538 651 1613 ingenio,
671 1537 846 1612 fortitudine,
862 1538 981 1612 vin'bus,
998 1539 1099 1611 forma,
1117 1538 1238 1614 diuitiis,

199 1647 209 1674 l
226 1623 290 1682 luce
301 1624 373 1698 ipsa,
386 1629 414 1682 el
427 1623 554 1696 reliquis.
570 1623 728 1698 llecuperel
738 1624 823 1682 modo
833 1623 1091 1696 genushumanum
1100 1622 1240 1682 iussuum

200 1729 210 1758 l
228 1707 259 1766 11
278 1713 420 1782 naturam,
443 1708 518 1782 quod
538 1707 564 1766 ei
589 1723 626 1766 11
645 1708 787 1766 dotatione
803 1709 1068 1782 divinacompetit,
1084 1709 1241 1768 etdeturei

200 1815 211 1844 α
228 1793 325 1868 copia,
342 1808 427 1852 usum
441 1809 508 1852 varo
521 1798 599 1853 recta
612 1793 685 1852 ratio
700 1798 729 1852 el
742 1809 813 1852 sana
826 1793 933 1868 Religio
947 1793 1119 1868 gubernabit
1134 1795 1159 1854 l.
1173 1818 1185 1844 ι»

610 1963 779 2023 1111111111
798 1963 830 2023 11.
929 1981 933 1984 ·
1022 1995 1027 2002 ·

268 2131 307 2194 lla
316 2131 522 2210 Philosophiae
537 2133 652 2208 orlqtm
666 2143 692 2193 ct
706 2147 865 2208 progressa
880 2131 998 2208 aliquid
1011 2133 1168 2195 delibatur,

233 2301 259 2362 5.
280 2303 460 2378 Philosophia
475 2319 534 2362 non
548 2303 698 2362 fortuimm
709 2303 851 2377 quoddam
866 2303 1016 2363 inuenirim
1030 2301 1082 2380 e'st,
1095 2304 1146 2364 sed
1158 2305 1242 2366 ratio

196 2387 241 2447 nis
255 2404 371 2462 germen
383 2389 419 2448 ab
428 2389 524 2448 radice
538 2389 682 2464 pullulans
695 2405 769 2463 quae
784 2389 839 2464 ipsi
853 2389 980 2449 hnmano
990 2389 1088 2464 generi
1103 2390 1240 2450 altissime

195 2474 332 2534 inhaeret.
349 2476 419 2534 llam
441 2474 464 2532 si
479 2489 525 2533 res
543 2474 661 2548 quaeris
678 2474 713 2532 ad
729 2489 761 2532 se
775 2474 982 2548 perficiendam
1000 2475 1161 2534 necessario
1175 2475 1240 2534 nili-

198 2561 253 2630 lur,
269 2563 353 2631 atque
369 2559 404 2616 ad
421 2559 547 2617 actiones
559 2558 617 2617 sihi
630 2563 837 2618 consentaneas
851 2558 881 2618 ni
895 2565 1014 2617 naturae
1028 2559 1147 2633 rapilun
1162 2559 1243 2619 intel·

197 2639 315 2714 ligenlia
337 2641 465 2715 ratioque
485 2643 611 2700 humana
631 2659 648 2700 a
667 2643 906 2716 pervestigatione
926 2659 1040 2716 rerum,
1063 2657 1101 2701 er
1120 2658 1243 2717 quarum

197 2725 298 2785 notitia
308 2727 463 2801 perlinitur,
483 2727 620 2786 abstineri
634 2728 744 2802 nequit.
760 2730 792 2787 ln
802 2729 984 2803 hancigitm,
996 2735 1134 2803 quantum
1149 2731 1243 2790 cuius·

197 2825 253 2885 que
268 2811 392 2871 conditio
403 2827 436 2870 ac
446 2812 492 2871 ris
506 2813 617 2886 ingenii
631 2813 695 2886 lert,
712 2813 797 2872 homo
811 2815 936 2888 erumpit
949 2815 1119 2874 necessario.
1133 2815 1166 2874 Et
1174 2831 1242 2889 quo

196 2891 275 2956 niam
290 2898 320 2957 in
343 2903 399 2958 toto
414 2898 564 2957 homiuum
589 2914 695 2973 genere
717 2898 816 2958 deesse
831 2905 979 2974 nequeunt
998 2900 1048 2974 qui
1062 2900 1170 2958 acriore
1184 2900 1243 2975 pol·

195 2979 271 3040 leant
284 2982 486 3056 intelligentia,
507 2997 560 3042 neo
576 2983 616 3043 ita
630 2983 697 3043 aliis
712 2983 822 3043 muniis
837 2984 1045 3056 distineantur,
1064 2988 1098 3042 ut
1110 2989 1243 3043 naturam
1281 3046 1283 3049 ,

197 3068 382 3142 contemplari
396 3084 453 3128 non
467 3073 549 3128 vacet
561 3089 568 3144 3
586 3069 648 3128 lieri
663 3069 764 3144 nequit
785 3069 856 3144 quin
871 3085 908 3127 ex
922 3069 1049 3128 bumana
1061 3069 1243 3129 multitudine

196 3151 333 3223 paulatim
348 3152 509 3228 philosophi
526 3159 564 3227 et,
580 3161 612 3212 ut
628 3170 806 3228 consequens
820 3159 872 3229 est,
888 3154 1068 3229 philosophia
1082 3160 1241 3213 enascatur.

198 3235 269 3292 11111
283 3241 399 3309 apparet
409 3237 621 3312 philosophiam
636 3253 696 3297 non
709 3239 837 3312 poluisse
851 3240 884 3297 11
893 3239 1028 3298 societate
1041 3239 1169 3296 humana
1181 3235 1251 3296 diui

199 3317 309 3376 tissime
325 3319 489 3396 desiderari
507 3323 747 3396 quemadmodum
756 3328 857 3396 putant
870 3323 902 3391 ii,
918 3322 968 3397 qui
982 3322 1037 3382 rati
1050 3321 1245 3397 philosophiae

198 3402 372 3477 principium
383 3402 412 3462 11
427 3405 581 3480 collacione
591 3407 701 3481 reponi,
714 3407 839 3467 tardiora
848 3407 936 3467 nimis
946 3407 987 3468 illi
997 3408 1245 3482 largiunturermr·

199 3485 255 3560 dia,
271 3486 390 3560 perinde
404 3491 487 3562 quasi
500 3491 661 3550 humanum
678 3507 769 3566 genus
783 3493 941 3553 reflexione
955 3498 1041 3554 antea
1054 3492 1188 3552 caruerit.

235 3571 325 3631 immo
341 3587 409 3632 uero
424 3573 450 3632 si
474 3575 537 3648 quis
556 3575 747 3636 adtalionem
769 3577 966 3652 philosophiae
980 3593 1039 3637 non
1058 3577 1168 3637 lentum
1181 3591 1246 3650 pro

200 3671 329 3731 gressum
339 3673 376 3717 ex
387 3659 559 3734 propriaque
569 3666 660 3720 111111
671 3662 814 3723 industria
820 3665 1038 3738 vestigationem
1048 3663 1184 3737 requirat,
1195 3661 1247 3720 sed

200 3743 361 3834 1111111111
374 3759 472 3804 rernm
492 3746 642 3807 scientiam
656 3763 709 3824 per
724 3751 872 3810 naturales
885 3765 988 3812 causas
1002 3749 1176 3826 explicatam
1189 3745 1247 3807 1111·

245 3923 257 3973 1
274 3926 336 3978 ll'orl
352 3927 443 3990 0111111
456 3925 473 3976 l.
489 3926 515 3994 1,
530 3926 607 3993 apher.
623 3928 679 3979 121.
