2767 4492
236 323 289 384 200
563 337 952 384 uermnvsrceesrncnns

235 419 384 479 facultates
398 434 470 494 quae
484 419 660 480 inlelactum
677 421 803 480 conflant
815 421 852 479 ad
871 417 1089 481 sensibilitatem
1101 419 1201 480 reduci
1214 435 1279 495 pos

236 509 312 562 sunl.

272 585 333 646 116.
350 587 410 648 Non
424 588 555 662 equidem
573 586 631 647 scio
646 592 743 648 utrum
761 588 871 662 aliquid
890 586 1015 660 ineptius
1037 586 1133 646 afferri
1154 592 1276 661 poterat.

234 669 292 730 Hac
306 672 384 731 enim
398 674 525 732 docmina
539 677 642 732 natura
661 674 786 733 bominis
801 671 851 731 vix
865 678 915 730 aut
928 688 966 730 ne
981 673 1031 730 vix
1053 672 1170 746 quidem
1184 688 1202 730 a
1215 673 1277 732 bel-

233 755 289 814 luis
303 755 525 815 discriminatur.
543 757 616 815 Saue
632 757 671 830 si,
692 761 725 815 ut
737 756 799 831 ipse
813 756 915 815 asserit
929 755 1086 828 Goudillac,
1101 755 1188 814 bomo
1208 757 1279 816 dum

236 838 418 898 multitudine
433 840 627 898 sensatiouum
642 839 778 912 aflicitur,
794 838 918 898 nobilius
932 838 1005 896 nibil
1019 838 1102 897 offert
1115 854 1203 913 quam
1217 841 1278 898 ani·

232 922 290 982 mal
305 923 529 997 persentiscens3
546 924 634 983 etiam
644 939 711 982 cum
721 923 864 996 intelligit,
876 923 1068 996 praestantius
1078 923 1187 996 aliquid
1197 939 1278 997 prae·

232 1006 338 1068 seferre
353 1021 410 1064 non
424 1007 538 1080 poterit.
555 1006 691 1066 Sensismi
706 1007 785 1066 enim
801 1007 952 1079 mutantia,
968 1005 1129 1064 intellectus
1143 1006 1222 1064 aliud
1235 1007 1277 1066 ni·

230 1090 271 1148 bil
286 1095 338 1161 cst,
355 1089 411 1148 nisi
427 1090 593 1164 complexus
607 1105 710 1150 aarum
723 1090 902 1163 facultatum,
917 1105 991 1164 quae
1004 1089 1192 1148 sensibilitate
1201 1090 1276 1149 mul·
1377 1094 1378 1145 4

234 1173 349 1232 timodis
363 1173 473 1232 variata
487 1173 707 1232 constituuntur.

268 1255 322 1314 Sed
336 1260 369 1314 ut
384 1255 514 1314 cominus
529 1271 595 1314 cum
614 1256 670 1313 hac
688 1256 865 1315 absurditate
887 1270 1061 1329 pugnemus,
1078 1255 1277 1316 animadverti·

231 1353 296 1397 mus
310 1338 435 1411 primum
445 1353 510 1397 eane
522 1338 577 1396 sibi
588 1344 811 1398 consentaneam
824 1339 944 1398 minime
955 1355 1027 1399 asse.
1043 1340 1114 1398 llam
1123 1339 1177 1398 etsi
1187 1339 1277 1398 faceol-

233 1425 311 1493 tates,
328 1437 400 1494 quas
415 1426 574 1494 enumerat,
586 1421 622 1479 ad
637 1423 829 1481 sensationem
843 1423 1178 1495 reducerenten;tamen
1187 1423 1274 1482 etiam

232 1509 299 1563 tunc
313 1504 486 1563 adstruenda
500 1507 576 1562 esset
588 1505 619 1562 in
635 1505 731 1565 auimo
745 1506 790 1565 vis
806 1506 948 1578 quaedam
962 1520 980 1564 a
994 1505 1157 1566 sensatione
1176 1505 1274 1565 distin-

231 1595 286 1656 cta,
303 1603 376 1661 quae
391 1587 532 1647 eiusmodi
542 1589 806 1648 transformationes
817 1595 979 1663 perageret,
996 1591 1199 1664 quaeproiude
1209 1606 1275 1649 oum

230 1672 266 1730 iis
281 1670 418 1729 confundi
433 1685 491 1728 non
504 1677 613 1744 posset,
629 1673 687 1730 nisi
710 1672 817 1730 artifex
831 1673 909 1732 idem
927 1688 990 1733 esse
1004 1673 1115 1731 dicatur
1129 1689 1196 1732 curn
1214 1689 1275 1732 ma·
1377 1754 1378 1757 Ἴ

230 1754 302 1812 teria
320 1768 408 1827 quam
424 1753 536 1825 perlicit
554 1759 582 1828 et
602 1737 729 1813 elaborat
744 1757 768 1813 l.
785 1755 893 1815 Deinde
914 1755 967 1815 boc
986 1755 1081 1831 ipsum
1096 1757 1200 1816 falsum
1219 1763 1271 1833 est,

230 1838 377 1896 facultates
399 1836 463 1895 illas
481 1852 548 1894 cunr
569 1838 731 1896 sensatione
754 1838 901 1897 confundi.
918 1840 978 1907 Qua
990 1839 1023 1898 iu
1036 1855 1068 1898 re
1081 1854 1118 1911 ne
1132 1839 1214 1898 nimii
1235 1841 1273 1898 si·

229 1937 304 1994 mus,
319 1926 374 1979 tres
383 1921 532 1979 dumtaxat
547 1921 768 1980 considerandas
783 1923 971 1982 assumimus:
989 1924 1183 1995 attentionem,
1198 1923 1271 1981 iudi-

231 2005 324 2077 cium,
348 2005 603 2064 ratiocinationem.
620 2005 741 2064 llttentio
760 2011 836 2063 certo
854 2020 906 2079 per
921 2006 1112 2064 sensationem
1133 2005 1273 2080 explicari

231 2105 289 2148 non
307 2095 407 2163 potest.
430 2089 540 2148 Etenim
554 2092 587 2146 ut
606 2089 697 2147 animi
711 2087 841 2149 obtutum
859 2088 891 2146 in
910 2104 972 2147 rem
992 2089 1119 2162 aliquam
1138 2104 1207 2162 prae
1227 2105 1271 2148 ce·

230 2174 298 2232 teris
319 2172 523 2244 coniiciamus,
540 2172 609 2230 satis
628 2171 753 2247 profecto
775 2186 834 2230 non
852 2175 896 2229 est
914 2171 1169 2244 (quemadmodum
1188 2171 1273 2230 vellet

231 2256 387 2329 Gondillac)
408 2271 514 2329 organa
533 2271 669 2314 sensuum
684 2255 721 2312 ad
734 2253 815 2312 illam
830 2254 957 2312 converti
978 2260 1064 2328 atque
1084 2253 1272 2328 impressione

231 2339 308 2408 allici
321 2337 468 2397 viridiore.
487 2339 575 2411 Saepe
597 2339 674 2396 euim
693 2335 837 2396 obiectum
856 2338 931 2410 quod
945 2338 1119 2411 cogitamus,
1138 2338 1171 2396 in
1185 2338 1273 2397 seusi-

228 2421 301 2480 lium
315 2437 434 2480 numero
444 2437 502 2480 nou
512 2419 647 2493 habetur,
662 2425 746 2494 atque
755 2421 819 2479 ideo
830 2435 889 2478 uon
903 2426 947 2479 est
961 2421 1112 2495 eiusmodi,
1123 2422 1197 2480 utin
1207 2437 1270 2481 sen·

229 2521 278 2564 sus
292 2506 439 2565 incurrere
454 2503 544 2578 possit
558 2509 587 2562 et
602 2504 634 2561 iu
649 2504 763 2576 organis
777 2504 995 2577 impressionem
1008 2520 1138 2565 exerere.
1155 2505 1273 2574 Quodsi

229 2589 360 2648 sensibus
378 2588 558 2656 obversetur,
575 2592 671 2646 tamen
691 2587 750 2645 nisi
763 2587 882 2660 energia
892 2588 986 2647 animi
1005 2589 1040 2647 ad
1060 2589 1130 2648 illud
1150 2595 1274 2650 mntem·

168 2707 174 2714 x
227 2671 366 2744 piandum
381 2674 494 2728 actuose
508 2669 648 2741 flectatur,
662 2670 785 2729 sensatio
794 2669 873 2729 omui
888 2672 1045 2731 attentione
1059 2685 1176 2746 prorsus
1186 2673 1271 2732 desti·

230 2759 325 2816 tuitur.
343 2758 377 2817 lit
389 2773 421 2816 re
436 2773 504 2816 sano
519 2773 602 2830 vera,
619 2773 706 2831 marn
727 2773 813 2832 saepe
832 2758 987 2818 intervenit
1001 2765 1033 2818 ut
1046 2761 1145 2819 sensili
1163 2761 1273 2820 obiecto

228 2843 311 2901 nobis
325 2842 477 2917 proposito,
494 2841 569 2914 quod
584 2841 765 2899 vivacissime
781 2841 813 2900 in
828 2858 936 2916 organa
949 2844 1112 2917 imprimat,
1129 2845 1274 2917 cogitatio·

228 2941 295 2982 nour
314 2929 408 2984 menen
428 2925 464 2984 ab
480 2939 513 2983 eo
531 2939 647 2996 prorsus
667 2941 835 2998 avocemus,
853 2931 882 2985 ct
899 2927 931 2985 in
945 2943 977 2986 re
997 2927 1082 3000 plane
1097 2927 1210 2986 diversa
1227 2928 1273 2986 vel
1296 2952 1300 2960 ’

228 3008 315 3067 etiam
326 3009 468 3067 coenaria
478 3008 648 3083 deligamus?
659 3009 689 3069 ld
699 3011 902 3084 phaenomeni,
915 3012 1131 3087 quodfrequens
1140 3017 1192 3086 est,
1205 3027 1272 3070 cum

272 3182 282 3227 l
305 3201 313 3224 ι
327 3181 345 3227 ft
361 3185 394 3228 est
408 3180 497 3228 difficile
512 3182 539 3228 de
554 3182 730 3244 compreudreca
741 3188 844 3245 quavam
857 3184 905 3230 dira
920 3185 1030 3230 Condillac
1045 3201 1096 3233 evae
1110 3189 1167 3232 ealle
1180 3199 1268 3246 expres·

229 3277 238 3298 ι
257 3257 320 3304 aion:
336 3257 357 3303 le
371 3260 489 3304 amotione
505 3261 674 3319 tromsormi05
690 3259 746 3304 maia
760 3274 788 3305 en
802 3260 923 3306 admettant
937 3276 979 3321 qua
992 3260 1135 3322 l'anpreaaion
1150 3259 1191 3305 soit
1204 3258 1273 3304 olaira

228 3352 236 3373 ι
256 3334 278 3378 et
291 3331 312 3377 le
327 3331 366 3376 leit
382 3336 458 3394 exact,
474 3331 491 3376 il
505 3335 612 3378 restored
629 3332 741 3394 expliquer
756 3338 866 3380 comment
879 3335 992 3381 e'erecute
1007 3339 1062 3381 cette
1076 3332 1270 3394 transformatione,

227 3426 236 3448 a
256 3422 307 3454 avec
322 3407 372 3468 qual
389 3409 536 3468 instrument5
553 3412 575 3452 et
588 3407 645 3454 alors
660 3406 676 3452 il
691 3407 768 3453 fradra
783 3408 834 3454 bien
849 3408 955 3456 admatlre
971 3425 998 3455 en
1014 3425 1069 3455 none
1084 3425 1128 3455 ene
1141 3407 1220 3454 laeeltd
1233 3406 1272 3467 qui

227 3500 236 3521 ι
255 3483 300 3542 egil
315 3497 353 3527 aur
365 3482 388 3528 la
402 3481 513 3528 sensatione
527 3497 583 3542 pour
597 3481 617 3527 la
633 3479 775 3530 bansformsr
788 3499 816 3530 en
831 3483 895 3546 ellet3
912 3484 929 3529 il
942 3484 1017 3531 fandra
1034 3484 1140 3530 admettra
1154 3485 1230 3528 annet
1244 3479 1272 3525 da

227 3574 236 3595 ι
255 3556 345 3602 taedas
364 3555 572 3620 bansformatrioea,
589 3557 625 3618 qn’
636 3558 653 3602 il
669 3573 682 3620 v
696 3573 708 3604 a
724 3559 751 3605 da
765 3560 954 3605 transformatione
972 3561 1119 3622 eucomivae3
1134 3564 1157 3604 el
1170 3558 1227 3604 alors
1241 3571 1272 3602 on

227 3647 236 3668 a
255 3630 413 3678 anreviendra
431 3646 509 3678 ancora
524 3646 553 3677 eu
566 3639 636 3680 meme
658 3633 729 3696 point.
753 3634 876 3680 Conlonvlra
889 3634 922 3679 loe
935 3634 1026 3681 facultate
1040 3635 1121 3682 activae
1136 3634 1164 3679 tle
1176 3632 1193 3677 l'
1204 3631 1273 3695 aaprit

228 3719 236 3743 ι
256 3716 308 3748 aveo
321 3703 342 3750 le
356 3706 467 3752 sensatior
482 3720 519 3752 sur
534 3706 627 3768 laquelle
641 3707 769 3769 e'eeercant,
785 3709 850 3754 n’oal
863 3723 887 3755 oc
900 3724 940 3771 pas
953 3708 976 3755 le
989 3715 1060 3756 meme
1074 3708 1139 3755 cleosa
1152 3722 1195 3770 qna
1209 3707 1227 3753 si
1242 3720 1273 3752 on

228 3793 237 3818 e
257 3776 384 3825 confondeit
398 3780 414 3826 l’
424 3781 532 3828 industrie
547 3781 574 3828 de
588 3783 697 3844 plusieurs
711 3783 809 3829 onvriers
822 3799 874 3830 avae
887 3782 910 3831 la
922 3785 1012 3832 melitae
1025 3785 1091 3832 brute
1102 3783 1141 3846 qn'
1151 3783 1180 3830 ite
1194 3781 1271 3830 olibo

226 3869 236 3894 ι
254 3855 304 3901 rent
317 3855 476 3904 tour-l-tomf
495 3877 503 3902 ι
522 3857 555 3905 be
571 3858 681 3907 timone
698 3859 802 3909 illaesa
815 3861 934 3923 meta
944 3861 988 3932 ⁴dea
1001 3864 1057 3920 avo.
1072 3875 1097 3924 p,
1113 3857 1138 3924 2,
1149 3873 1170 3905 o.
1186 3856 1226 3904 42.
