2767 4492
437 412 820 560 ELEMEN'TA

145 807 149 816 .
231 674 507 805 1'IURIS
544 681 1013 804 NATURAE

513 1003 751 1048 W*

468 1969 784 2098 PROLOGUS¹

139 2214 278 2284 Supeeiase
288 2225 377 2284 parte,
391 2231 457 2285 quae
472 2221 503 2272 de
516 2219 614 2273 Ettica
628 2187 736 2286 opstat,
750 2222 881 2272 actionem
893 2219 1043 2287 penetotim
1059 2221 1151 2284 ineps·

104 2308 195 2356 mimus
205 2311 286 2368 prout
304 2305 373 2356 dana
387 2305 523 2373 efficienda
537 2313 590 2368 est,
604 2319 649 2356 seu
662 2307 797 2357 rationaii
814 2307 930 2357 hominis
949 2313 1065 2358 naturae
1084 2320 1150 2356 can·

104 2391 222 2440 centens.
238 2389 367 2452 Quocirca
380 2403 439 2440 eam
449 2396 567 2453 respectu
580 2389 686 2448 adiecti,
700 2393 770 2456 quod
783 2393 813 2441 in
827 2391 880 2457 tine
892 2393 1001 2443 tandem
1010 2393 1149 2453 cernitur,
1249 2378 1253 2385 ’

103 2475 344 2537 consideravimus,
359 2487 392 2524 ac
404 2477 542 2538 principia
555 2481 581 2527 et
594 2489 689 2525 causas
707 2477 823 2525 scrutati
834 2489 940 2538 sumus,
954 2486 1021 2540 auae
1034 2475 1070 2523 od
1095 2475 1152 2524 eius

102 2559 284 2610 maratttotem
299 2564 325 2609 et
343 2560 534 2624 obttpationem
552 2561 765 2611 constituendam
783 2559 915 2626 influunt.
930 2557 1009 2608 Nunc
1033 2559 1069 2607 od
1083 2570 1152 2606 eam·

106 2645 165 2694 mm
178 2648 265 2710 mopis
279 2647 453 2696 determinate
467 2647 699 2711 contemplandam
713 2647 827 2711 prasium
840 2646 965 2709 facimus,
976 2648 1055 2708 prout
1069 2648 1151 2691 natu·
1253 2663 1258 2668 ·

104 2731 160 2780 sate·
173 2733 294 2782 iustitiae
305 2735 447 2782 materiam
459 2735 631 2796 suppeditat,
646 2740 671 2782 et
685 2731 878 2794 aequatttatem
897 2743 955 2777 cum
971 2729 1036 2777 attis
1050 2739 1150 2776 secere·

105 2821 150 2864 tur
163 2827 194 2864 oc
206 2821 303 2866 servat.
323 2815 388 2866 Cum
403 2817 473 2866 enim
485 2819 588 2866 actione
603 2817 734 2872 elicienda
753 2815 793 2864 cei
812 2813 961 2863 omittenda
977 2811 1062 2875 possit
1076 2811 1151 2859 tomo

106 2897 191 2946 altcut
204 2899 340 2949 detrahere
358 2899 398 2949 oei
418 2903 488 2962 quad
502 2899 583 2950 atteri
597 2899 713 2949 debitum
731 2905 769 2948 est
783 2899 929 2962 densque,-
942 2897 972 2947 id
987 2909 1019 2946 me
1035 2895 1083 2960 piat
1098 2895 1152 2959 tepe

102 2989 217 3032 naturae
235 2989 350 3035 vetatur.
367 2983 451 3032 Pareo
466 2983 583 3032 humana
596 2984 717 3045 operatio
731 2987 862 3046 quotenus
876 2981 910 3032 ab
924 2983 973 3031 isac
986 2993 1082 3031 norma
1094 2992 1150 3028 nan

102 3067 212 3128 recedit,
226 3065 384 3130 quad'suum
394 3072 431 3117 esi
444 3067 537 3131 cuique
549 3064 645 3116 tridutt
656 3073 681 3117 et
694 3064 758 3116 iusti
771 3065 908 3118 notionem
921 3067 1021 3118 induit.

139 3149 229 3207 Hinc,
244 3153 269 3200 ei
280 3149 322 3200 ius
334 3163 384 3214 pra
397 3147 468 3201 iusta
481 3153 630 3216 accipitur,
643 3158 712 3203 reete
730 3153 845 3216 dispesci
856 3153 986 3217 potestte
1003 3147 1148 3217 obligatio·

103 3249 164 3288 nem
178 3245 203 3287 et
216 3235 342 3286 moralem
355 3243 523 3304 poteetstem.
545 3236 607 3288 Non
620 3239 710 3287 minus
723 3239 794 3288 enim
808 3239 845 3288 ast
859 3239 995 3288 iustitiam
1009 3243 1035 3289 ct
1049 3250 1148 3300 aequa-

104 3323 209 3372 tttatem
222 3323 421 3373 custodiendam
433 3325 566 3386 pertinere
579 3324 700 3387 addetur,
713 3329 743 3374 ut
758 3323 877 3388 aliquid,
892 3323 962 3386 quod
974 3323 1056 3389 atteri
1070 3321 1146 3371 dede-

103 3415 165 3470 tur,
179 3407 351 3472 impleamus,
365 3422 444 3472 quam
462 3413 492 3459 ut
506 3409 627 3474 utiquid,
649 3410 720 3474 'quod
731 3407 765 3458 ab
778 3408 843 3458 attis
860 3406 978 3484 demtum
997 3403 1147 3472 mobtsest,

102 3495 208 3557 ccipere
226 3494 368 3556 possimus.
389 3493 492 3544 Eadem
507 3497 624 3555 partitio
644 3493 767 3546 adhiberi
787 3495 895 3557 aequit,
909 3493 934 3542 si
951 3493 1108 3556 amposte'ore
1123 3499 1148 3542 et

101 3579 188 3642 mapis
202 3579 311 3642 aestpari
331 3579 530 3642 stpntpicaiioms
547 3593 642 3630 momen
658 3576 726 3628 iuris
746 3579 957 3642 restrinpamus,
970 3583 1102 3640 quatenus
1118 3589 1147 3626 eo

101 3662 205 3710 utimar
215 3663 251 3712 ad
261 3663 463 3725 exprimendam
472 3663 601 3715 moratam
610 3665 757 3713 dumtaxat
766 3653 1038 3726 [acuitatem'atiqutd
1046 3659 1147 3722 facien·

103 3745 133 3794 di
145 3747 184 3795 oei
197 3745 334 3811 e'atpendi.
349 3747 394 3797 Sic
406 3749 477 3798 enim
490 3747 523 3797 ate
538 3745 704 3814 obligatione
716 3749 898 3810 distinpottur
912 3751 1048 3809 tamquam
1057 3758 1075 3794 o
1087 3757 1147 3793 aar·

102 3827 228 3886 relativa,
243 3833 313 3894 quad
324 3832 378 3882 etde·
391 3847 403 3884 e
416 3835 525 3897 cepione
536 3835 689 3896 respondet,
703 3845 751 3882 nec
761 3833 821 3885 utto
832 3832 941 3882 catione
952 3835 1090 3896 tamquam
1100 3843 1146 3895 pe·

101 3927 153 3966 nus
166 3923 284 3980 rupecta
303 3919 359 3970 etus
378 3917 544 3970 considerari
560 3924 658 3983 patcst.
673 3916 750 3981 Quod
767 3917 934 3970 obcaecatum
947 3915 1067 3968 uolumus
1081 3927 1145 3968 con-
