2767 4492
404 351 478 394 PARS
492 344 627 393 maent-
637 347 843 395 PSYCHOLOGIA

374 520 533 594 Utriusque
546 517 714 592 systematis
729 517 879 590 refutatio.

139 689 202 750 lili.
211 691 286 750 llaec
295 689 415 748 hnmani
427 688 537 762 ingenii
550 686 738 746 deliramenta
752 699 838 760 11111111
854 685 979 745 absurda
991 687 1050 746 sint
1063 701 1148 746 nemo

101 790 160 834 non
174 775 269 849 videt,
285 775 345 834 sire
361 773 511 832 exordium
533 771 729 830 consideretur
743 770 819 829 unde
834 769 1071 844 proficiscuntur,
1088 771 1148 830 sive

101 860 149 920 ria
164 875 221 935 qna
234 859 410 934 procedunt,
427 858 486 917 sive
502 857 641 915 terminus
656 856 693 914 ad
707 870 794 929 quem
808 855 988 928 perveniunt.
1006 855 1094 929 hique
1111 856 1149 914 nd

101 945 176 1004 Kant
189 943 304 1019 quidem
319 941 395 1016 quod
409 942 528 1014 attinet,
545 942 570 999 is
585 941 642 998 iam
657 939 740 998 initio
755 954 853 998 secum
868 943 995 1012 pugnat,
1013 954 1047 997 ac
1061 938 1147 1000 labile

6 1031 8 1080 ξ
100 1029 170 1088 iacit
183 1029 410 1087 tundamentum.
422 1027 492 1086 Nam
505 1039 572 1084 cum
588 1024 754 1082 methodum
770 1039 789 1082 o
803 1023 902 1098 priori
918 1023 974 1082 sibi
988 1024 1148 1097 proposuis-

100 1119 154 1187 set,
165 1113 195 1172 11
205 1111 287 1172 cuius
300 1109 508 1184 experientiam
522 1110 646 1182 migrare
661 1123 777 1182 prorsus
792 1113 820 1165 et
834 1108 973 1167 excedere
988 1106 1148 1181 debuisset,

98 1212 170 1256 mox
185 1213 202 1256 a
215 1196 355 1270 positione
370 1193 491 1252 subiecti
506 1198 534 1251 et
548 1192 651 1251 obiecti
667 1193 702 1250 ad
719 1191 912 1265 cognitionem
925 1192 1082 1265 influentis
1098 1207 1150 1252 sen

100 1281 138 1339 ab
155 1280 332 1354 experientia
346 1277 502 1336 exorditur.
515 1277 548 1334 Et
562 1291 737 1349 quamquam
752 1275 782 1334 id
796 1291 855 1334 non
869 1280 901 1332 ut
915 1281 1024 1334 certum
1039 1292 1149 1335 assum-

99 1363 193 1436 psisse
203 1363 323 1430 dicatur,
335 1363 385 1420 sed
394 1366 427 1420 ut
437 1360 617 1434 hypothesim
629 1360 664 1418 ad
675 1359 932 1433 philosophandum
947 1361 1148 1428 necessariam,

99 1451 267 1504 nontamen
281 1444 388 1504 idcirco
402 1445 622 1518 repugnantiam
636 1444 769 1504 declinat.
783 1444 920 1516 Primum,
933 1444 1091 1516 quiamera
1100 1442 1150 1517 hp·

98 1529 228 1604 potbesis
243 1527 338 1586 stabili
352 1526 501 1587 ratiocinio
523 1526 744 1586 tundamentum
765 1528 947 1602 suppeditare
965 1527 1083 1601 nequil;
1104 1542 1152 1601 po

100 1614 246 1672 tissimum
255 1612 280 1671 si
289 1612 352 1670 talis
363 1612 400 1671 sit
410 1627 482 1686 quae
492 1611 523 1671 in
533 1613 590 1670 line
600 1627 750 1685 processus
759 1612 888 1670 deleatur
904 1613 945 1685 (ut
958 1611 1062 1670 accidit
1077 1613 1151 1670 llan-

100 1697 159 1770 tio,
177 1697 227 1771 qui
241 1711 355 1756 omnem
368 1697 454 1756 realis
468 1696 572 1755 obiecti
586 1695 718 1754 notitiam
743 1696 859 1754 andem
874 1713 892 1754 a
906 1701 1003 1754 mente
1023 1696 1151 1755 humana

97 1784 256 1854 removet);
273 1779 388 1852 deinde,
406 1781 474 1855 quia
488 1780 513 1838 si
528 1779 630 1853 positio
646 1780 793 1853 aliquaad
807 1795 973 1854 processum
990 1795 1049 1839 non
1064 1781 1150 1840 modo

98 1865 357 1940 eopertmeutoteou
371 1863 421 1922 sed
436 1865 523 1922 etiam
538 1863 669 1938 apciora·
691 1863 854 1923 necessaria
875 1863 992 1923 omnino
1016 1870 1078 1937 est,
1094 1864 1150 1924 boc

97 1949 162 2022 ipso
176 1949 263 2008 nullis
277 1947 451 2022 argumentis
471 1949 534 2008 eius
554 1946 692 2006 certitudo
712 1947 879 2006 labefactari
897 1953 998 2021 potest.
1023 1948 1149 2008 conditio

98 2033 178 2094 enim
192 2035 229 2092 ad
243 2033 501 2108 philosophandum
520 2047 637 2106 prorsus
658 2033 821 2091 necessaria
840 2032 921 2091 reiici
939 2033 1057 2107 nequit,
1079 2035 1149 2108 quin

97 2119 193 2176 omnis
215 2117 301 2176 simul
322 2116 501 2175 ratiocinatio
523 2117 697 2189 repudietur.
715 2117 806 2184 Quare
825 2117 952 2190 primum
968 2132 1035 2175 cum
1049 2118 1150 2178 locent

99 2203 194 2272 Kant,
210 2203 331 2259 alterum
346 2201 433 2259 etiam
446 2201 574 2258 tacturus
587 2201 698 2260 luisset.
715 2202 890 2274 Quapropter
903 2202 1007 2261 horum
1026 2203 1148 2263 duorum

97 2284 272 2347 alterutnum
289 2285 378 2342 vitam
399 2299 457 2341 non
482 2288 591 2357 potest,
607 2288 640 2342 ut
654 2284 699 2343 vel
713 2285 773 2359 ipse
789 2285 843 2344 sibi
860 2301 919 2344 non
932 2291 1082 2360 constare,
1101 2283 1148 2347 rel

97 2367 175 2427 nilril
190 2367 341 2425 valituram
355 2366 603 2428 ratiocinationem
617 2368 769 2428 obtrudere
783 2369 903 2428 dicatur.

137 2453 169 2512 ln
183 2466 318 2526 processu
332 2465 418 2522 vero,
435 2454 466 2509 nt
480 2451 609 2510 omittam
622 2452 806 2526 partitionem
826 2455 1052 2526 categoriarum,
1073 2467 1147 2525 quae

97 2535 191 2595 nimis
204 2535 344 2594 redundat
353 2535 532 2594 etelemeuta
547 2536 705 2596 subiectiva
718 2553 786 2596 cum
800 2537 948 2596 obiectivis
962 2537 1059 2608 inepte
1073 2549 1148 2594 com-

94 2621 215 2694 miscet3
231 2620 276 2678 his
289 2635 358 2694 praa
372 2621 474 2680 ceteris
488 2625 587 2694 peccat
601 2621 686 2682 vitiis.
698 2622 729 2681 ln
745 2623 847 2696 primis
862 2620 1066 2679 conscientiam
1080 2633 1148 2678 eum

94 2703 288 2766 sensibilitate
302 2704 386 2764 modo
401 2705 592 2780 contundere,
609 2707 693 2766 modo
708 2706 884 2778 distinguere
899 2703 1019 2762 videtur.
1040 2703 1148 2762 lteinde

94 2788 376 2860 repraesentationes
391 2789 549 2848 abstractas
562 2790 645 2862 spatii
656 2795 685 2847 et
694 2789 829 2860 temporis
843 2785 1023 2845 sensibilitati
1036 2786 1144 2858 tribuit,

94 2885 168 2930 cum
182 2871 219 2928 ad
232 2871 409 2929 intellechim
424 2873 598 2944 pertineant,
615 2870 756 2942 siqnidem
770 2870 983 2928 universalitate
998 2872 1145 2943 ornantur,

93 2968 201 3016 sensus
216 2958 312 3010 autem
326 2953 441 3011 nonnisi
454 2953 638 3024 particularia
650 2951 775 3024 respicit.
787 2953 888 3010 liunus
898 2952 1017 3010 rationis
1031 2967 1145 3025 perver-

94 3041 151 3110 tit,
168 3035 251 3107 eique
265 3035 419 3106 primatum
434 3033 588 3104 elargitur,
605 3034 654 3106 qui
669 3035 763 3106 potius
778 3034 984 3107 intelligentiae
999 3037 1143 3110 competit.

92 3120 227 3192 Denique
241 3116 350 3176 nullam
364 3115 542 3190 probabilem
552 3117 692 3174 rationem
704 3116 794 3190 affert,
806 3133 858 3177 our
866 3119 974 3178 formae
984 3120 1061 3193 illae,
1073 3135 1146 3193 quas

93 3206 239 3274 recenset,
256 3196 429 3259 subiectlvne
444 3213 559 3272 prorsus
573 3199 674 3260 baberi
688 3200 820 3275 debeant,
832 3206 861 3260 et
870 3218 928 3261 non
942 3203 1035 3277 potius
1050 3219 1066 3261 e
1081 3217 1146 3276 per-

97 3287 233 3362 ceptione
256 3283 377 3344 realinm
398 3283 573 3364 obiectorum
593 3284 714 3345 elicitae.
738 3287 863 3345 Tandem
881 3287 1145 3346 calamitosissimus

98 3370 252 3443 terminus,
264 3369 396 3442 adenem
410 3368 549 3442 perducit,
561 3370 723 3444 systematis
738 3369 941 3430 absurditatem
958 3371 1145 3444 apprimede-
1230 3399 1239 3418 ·

93 3459 245 3515 monstrat.
261 3455 293 3513 ln
309 3452 394 3512 taleni
408 3452 486 3511 enim
500 3453 605 3513 desinit
619 3455 852 3529 scepticismum,
869 3469 955 3529 quem
970 3470 1023 3513 nec
1038 3455 1144 3528 Pyrrho
1166 3458 1175 3485 ⁴

94 3553 151 3598 nec
166 3539 267 3598 Sextm
281 3537 449 3610 Empiricus,
463 3553 517 3596 nec
527 3538 601 3598 alius
611 3554 738 3614 unquam
753 3544 837 3599 antea
851 3540 1070 3612 excogitaverat.
1083 3540 1143 3599 Non

93 3622 181 3682 modo
190 3622 268 3681 enim
278 3621 408 3680 notitiam
422 3635 519 3680 rerum
533 3638 619 3696 supra
634 3639 751 3682 sensum
766 3624 924 3697 positarum
937 3622 1021 3680 nobis
1031 3623 1140 3695 adimit,

94 3710 127 3766 et
140 3720 157 3764 a
171 3705 399 3780 perceptionibus
412 3705 483 3780 ipsis
498 3706 682 3766 sensibilibus
697 3707 919 3766 obiectivitatem
932 3713 1074 3779 removet3
1091 3708 1143 3767 sed

92 3791 191 3864 ipsum
205 3789 365 3851 subiectum
380 3790 506 3864 cogitans
521 3791 635 3850 nonnisi
651 3791 870 3865 phaenomenon
884 3805 947 3849 esse
957 3791 1035 3850 dicit
1048 3793 1140 3861 Quare

92 3873 225 3934 funditus
245 3875 346 3936 everte
366 3875 564 3934 certitudinem
579 3881 607 3934 et
622 3875 770 3937 venitatem
795 3873 964 3948 cognitionis
985 3875 1138 3993 humanae

95 3957 153 4021 Sed
168 3957 205 4020 ad
219 3955 337 4023 lichte'
328 3973 387 4021 iam
401 3958 559 4024 veniamus.
