2767 4492
247 283 303 348 sm
575 289 965 347 monstruosissumam

284 383 359 444 iiaec
373 381 401 444 vi
415 381 585 458 systematis,
602 387 748 454 tamquam
762 379 954 454 deductiones,
969 379 1125 440 derivanda
1138 391 1202 442 asse
1219 383 1294 444 milri

174 515 178 528 .
248 469 311 529 sisa
325 473 400 528 sdnt.
417 467 469 526 iiii
484 465 745 539 contraopioantnr
762 463 856 522 abhis
869 463 990 524 maculis
1004 464 1174 540 doctrinam,
1189 467 1294 542 dogna

250 554 403 628 loquimur,
420 553 578 611 immunem
592 565 663 610 esse.
681 549 828 610 8111111111
845 565 933 624 penes
946 549 1088 623 sapientes
1106 552 1154 609 sit,
1171 550 1228 625 iign
1245 551 1294 612 tric

251 653 324 713 quae
339 637 505 712 sentiebam,
522 634 691 708 exponenda
706 633 879 708 emsdmavi,
895 635 932 693 ad
945 641 1056 694 mentes
1069 635 1295 696 adolescentium

252 737 270 781 a
285 735 462 796 quocumque
485 719 599 777 errandi
613 718 740 792 periculo
753 719 934 778 muniendas.
950 718 1080 780 Getarum
1093 720 1166 779 mihi
1180 734 1296 794 persua

252 807 314 880 deo,
330 803 468 879 quidquid
478 804 515 861 sit
528 802 564 860 de
578 801 705 876 legitima
718 802 887 862 deductione
901 804 1004 864 trorum
1017 804 1216 880 absurdarum,
1227 821 1263 865 ea
1275 822 1294 866 a

252 896 348 962 mente
362 887 513 949 clarissimi
527 887 654 947 Auctoris
668 891 778 946 remota
792 887 877 961 piane
890 887 989 948 tuisse.
1080 951 1088 966 ,

659 1055 828 1116 1111111111
846 1055 891 1117 111.

543 1225 719 1292 racemo
734 1203 1004 1287 tromcatdentctia.

290 1399 351 1459 itt.
368 1395 534 1458 ideaiismus
549 1396 803 1456 transcendentalis
817 1408 869 1456 sen
882 1396 938 1456 aiio
952 1396 1069 1456 nomine
1083 1395 1295 1456 rationaiismus

254 1483 409 1553 absolutus,
426 1483 475 1556 qni
492 1485 637 1555 tantopere
651 1485 763 1540 mentes
778 1481 904 1556 agitavit,
920 1482 951 1539 in
966 1481 1116 1540 Germania
1128 1482 1296 1554 praesertim

256 1575 284 1629 et
299 1569 395 1636 Gallia,
416 1572 500 1640 atque
514 1579 613 1624 omnes
628 1566 801 1624 recentiores
818 1565 1008 1625 rationattstas
1025 1566 1144 1640 peperit,
1164 1565 1298 1624 dantium

258 1656 287 1712 et
295 1651 390 1712 Ftchto
406 1649 461 1710 sibi
472 1649 598 1708 vindicat
612 1659 751 1709 auctores.
767 1650 873 1708 tiorum
887 1649 1006 1724 proinde
1013 1653 1175 1725 spumata,
1191 1661 1243 1725 pm
1256 1649 1298 1710 rei

255 1735 429 1808 celebritate,
446 1733 530 1810 paolo
545 1733 715 1808 explicatius
729 1733 933 1793 describemus.

646 1901 782 1979 spscron
795 1857 906 1964 1111111.
969 1956 976 1973 ,

312 2071 372 2134 raa.
389 2071 551 2132 1111111
564 2071 613 2133 nic
626 2071 815 2134 11111111
829 2071 958 2148 genem
981 2023 1012 2132 1
1032 2069 1109 2148 ogs
1130 2072 1298 2149 11111111

257 2159 400 2216 humanae
416 2155 654 2218 transcendentati
668 2158 801 2217 methodo
823 2157 972 2233 inquirens
986 2157 1186 2228 animadvertit
1202 2173 1299 2217 conce

256 2248 322 2318 ptus
336 2249 446 2302 nostros
461 2258 498 2301 ex
512 2241 622 2302 duobos
636 2241 725 2302 veluti
734 2240 852 2303 conflari
866 2241 1028 2317 elementis;
1045 2257 1166 2316 quornm
1180 2243 1300 2302 aitemm

236 2399 238 2404 ,
258 2327 435 2386 extrinsecus
450 2325 582 2400 advenit,
609 2343 659 2387 seu
674 2343 712 2386 ex
725 2327 836 2386 obiecto
858 2325 934 2401 qarod
953 2325 1022 2386 ioris
1035 2331 1098 2400 est;
1123 2327 1246 2398 alterurm
1260 2327 1300 2385 in

259 2411 397 2470 trinsecus
411 2413 562 2485 exsurgit,
594 2425 646 2470 seu
659 2427 697 2470 err
710 2410 773 2485 ipso
791 2411 920 2470 subiecto
934 2412 1010 2484 quod
1034 2411 1148 2484 cogitat.
1176 2411 1301 2470 Primum

258 2495 410 2569 appellavit
423 2495 609 2570 motorium,
637 2495 796 2554 secundnm
817 2510 884 2554 vero
908 2496 1041 2568 sormam
1058 2495 1239 2569 cogmticms.
1262 2495 1319 2554 td'

257 2577 333 2638 hanc
348 2579 434 2652 igitur
450 2579 597 2638 formalem
613 2584 803 2654 conceptuum
815 2583 927 2653 partem
950 2578 1152 2654 detegendam,
1178 2591 1252 2657 qarae
1265 2577 1301 2638 ab

257 2665 319 2738 ipso
330 2663 426 2722 animo
440 2663 570 2738 provenit
584 2668 640 2722 eta
654 2661 743 2738 priori
758 2663 788 2722 in
803 2661 944 2737 nobisest,
961 2669 1048 2722 totam
1057 2661 1302 2737 investigationem

259 2748 407 2808 convertit.
432 2749 520 2821 tuoe
540 2752 571 2806 ut
585 2747 654 2822 quiid
668 2764 685 2806 a
698 2747 788 2821 priori
801 2745 832 2806 in
847 2745 929 2807 nobis
943 2752 987 2807 est
1000 2745 1191 2822 distinguatur
1214 2739 1251 2805 ab
1270 2761 1302 2805 eo

260 2833 336 2906 qnod
349 2832 477 2906 procedit
491 2831 527 2890 ab
542 2831 729 2906 experientia,
739 2832 792 2892 tras
800 2831 1006 2894 elementorum
1019 2832 1147 2908 aprioci
1159 2829 1305 2892 consutum

259 2922 355 2975 notas:
371 2916 614 2975 universalitatem
630 2921 659 2976 et
673 2917 882 2977 necessitatem.

313 3001 361 3058 iiis
376 3000 492 3073 positis,
509 3016 526 3059 a
540 3001 728 3060 sensibilitate
742 3001 891 3060 exordium
907 2999 993 3074 iacitp
1018 3001 1096 3060 circa
1109 3009 1197 3076 quam
1211 2999 1306 3059 obser·

263 3087 312 3143 vat
326 3083 437 3142 obiecta
451 3097 587 3143 sensuam
602 3089 786 3145 externorum
798 3083 887 3144 vetuti
901 3084 933 3144 in
948 3085 1038 3158 spatio
1057 3086 1150 3160 posita
1166 3085 1250 3144 nobis
1264 3097 1307 3142 re

261 3161 447 3244 praesentari,
459 3167 544 3244 idque
559 3173 637 3228 tanta
651 3169 829 3243 necessitate,
844 3173 878 3228 ut
895 3167 1006 3229 etiamsi
1020 3171 1144 3229 mundns
1163 3164 1308 3242 adspecta-

259 3253 327 3312 bitis
337 3253 367 3312 in
379 3253 500 3312 nihilum
515 3253 673 3329 redigatur,
687 3251 910 3329 repraesentatio
925 3259 1020 3312 tamen
1035 3253 1119 3329 spatii
1133 3253 1217 3313 nuliis
1231 3251 1309 3311 limi·

261 3337 338 3398 tibus
353 3337 560 3414 circumscripti
575 3337 606 3396 in
614 3337 698 3396 nohis
712 3339 829 3397 omnino
844 3337 975 3412 supersit.
991 3339 1117 3412 Itemque
1131 3332 1309 3397 sensationes

263 3422 393 3482 internas
415 3422 594 3498 successione
617 3422 743 3495 quadam
764 3437 815 3480 seu
831 3430 956 3496 tempore
970 3421 1086 3482 adfectas
1103 3419 1186 3482 nobis
1199 3417 1308 3494 abdai,

264 3507 305 3564 ita
320 3511 351 3565 ut
365 3507 389 3566 si
405 3507 441 3564 ab
456 3506 492 3565 iis
508 3505 707 3579 cogitationem
723 3505 921 3566 abstrahamus
936 3545 944 3579 ,
974 3507 1195 3582 repraesentatio
1213 3511 1311 3568 manen

265 3590 473 3657 successionis,
495 3595 606 3664 tempus
624 3589 805 3649 indefinitum
818 3590 1024 3663 monumentis,
1040 3595 1165 3650 maneat.
1180 3589 1312 3664 Spatium

266 3669 353 3743 igitur
367 3679 395 3730 et
415 3679 526 3746 tempus
541 3673 576 3730 ad
592 3673 741 3732 formalem
755 3673 924 3747 cognitionis
938 3681 1048 3750 partem
1067 3679 1197 3750 spectare
1213 3673 1313 3733 decar-

266 3753 327 3825 nit,
355 3761 438 3829 atque
453 3772 470 3814 a
485 3757 572 3831 priori
586 3757 669 3816 nobis
684 3756 789 3815 inesse.
814 3755 884 3815 dnm
897 3758 994 3833 itaque
1008 3759 1045 3818 ab
1058 3755 1239 3834 experientia
1252 3772 1314 3816 non

265 3837 417 3913 pendeant,
432 3842 575 3904 nominari
585 3847 717 3917 poterunt
730 3841 902 3904 intuitiones
907 3841 1106 3920 pococspottt
1113 3846 1142 3904 et
1153 3842 1296 3930 temporis
1304 3861 1315 3914 ;
1365 3898 1366 3901 ,
