2767 4492
233 401 283 461 100
404 413 537 458 naama
554 399 700 458 sarciens
714 409 788 454 osne
803 408 1107 456 manns-ononooos

230 511 320 555 turam
344 501 400 553 eius
424 503 576 565 attineant.
596 499 680 562 Atque
692 499 755 550 isaeo
773 499 863 560 partis
876 499 1033 560 posterioris
1048 499 1172 562 facilitas
1189 499 1276 552 odun-
1325 495 1329 504 '
1373 548 1374 583 ἢ

229 590 261 638 de
274 587 395 650 rependit
409 585 611 654 difficultatem,
632 596 718 647 quae,
740 587 770 632 ut
790 582 954 645 capitatum
971 588 1009 633 est
1029 596 1048 633 o
1060 582 1157 640 nobis,
1178 585 1211 634 ia
1230 599 1276 636 su·

227 673 333 735 periore
345 683 437 736 uenere
449 670 590 732 reperitur.
603 667 690 728 Quare
703 666 735 716 in
744 666 791 716 noc
803 679 882 716 sensu
896 668 953 716 iurs
963 667 1097 733 affirmari
1104 674 1209 730 posset:
1225 682 1275 719 no-

228 757 323 807 tiorem
336 767 389 808 esse
402 756 534 809 animum,
545 766 625 819 auam
637 764 741 815 corpus.
758 749 830 800 Nam
842 752 892 803 etsi
904 763 1046 814 corporum
1056 751 1182 810 soiemia,
1194 760 1274 817 otoo-

220 845 246 890 te
266 853 366 890 vacans
378 839 577 902 impedimentis
593 838 640 892 iis,
654 849 722 900 quas
734 837 1074 898 superiusscommemoravi
1087 870 1095 899 ,
1110 837 1188 900 ionae
1201 838 1270 900 iaci-

226 923 278 974 tior
288 930 314 975 st
323 923 473 987 coemeter
484 923 520 972 sit
531 923 618 986 ouoad
628 921 872 983 phaenomenorum
881 919 1103 982 descriptionem:
1117 925 1208 972 tamen
1217 923 1273 985 ipsi

224 1007 413 1070 anteponenda
426 1011 465 1057 est
478 1005 593 1056 scientia
603 1005 691 1054 animi
704 1005 792 1066 quoad
803 1004 933 1053 notitiam
943 1004 1088 1067 principii.
1104 1004 1151 1054 Ec
1164 1018 1216 1069 ouo
1229 1007 1271 1068 es-

224 1090 315 1155 ficitnr
328 1095 359 1140 ut
372 1091 404 1140 in
416 1089 535 1152 Physica
546 1089 646 1137 mirum
659 1100 815 1138 consensum
835 1100 1015 1151 summamque
1031 1088 1228 1150 praecisionem
1239 1091 1270 1140 in

225 1175 370 1238 scotoma
388 1173 521 1240 effectibus
543 1185 682 1234 corporum
706 1171 884 1243 describendis
903 1171 1074 1227 intueamur,
1097 1177 1127 1223 at
1139 1185 1267 1237 moenam

204 1257 207 1264 '
225 1260 437 1323 discrepantiam
450 1258 538 1322 quoad
550 1253 708 1314 essentiatur
723 1260 819 1306 contro
828 1257 859 1304 in
868 1255 1048 1318 Psuctoloaia
1061 1255 1121 1306 iicet
1133 1257 1269 1309 dissensus

189 1369 193 1377 ,
225 1349 251 1394 et
270 1345 341 1393 vitia
360 1342 493 1393 nonnaiia
514 1341 688 1391 inveniantur
706 1340 739 1388 in
760 1340 885 1390 eoamine
901 1339 1159 1401 otamomnomn,
1181 1348 1270 1394 tamen

225 1440 329 1478 summa
341 1426 476 1476 consensio
490 1424 525 1492 (si
540 1424 686 1474 blaterones
699 1421 833 1488 sacimas)
846 1424 935 1488 quoad
947 1424 1034 1472 animi
1045 1430 1176 1475 naturam
1186 1428 1270 1476 domi-

224 1517 313 1561 netur.
327 1507 411 1575 Atque
424 1511 464 1582 id·
470 1510 643 1571 potissimum
656 1509 745 1558 oritur
758 1521 792 1557 ea
804 1520 844 1563 eo,
860 1509 929 1571 quod
941 1509 1043 1558 notitia
1055 1513 1171 1561 naturae
1183 1509 1268 1562 animi

222 1597 273 1646 etsi
287 1595 349 1658 (usa
363 1599 387 1644 st
400 1594 539 1644 recondito
548 1594 792 1656 phaenomenorum
801 1592 978 1654 descriptione
990 1595 1089 1656 oppido
1102 1595 1266 1655 iliustretum

224 1692 256 1730 ea
270 1685 360 1729 tanen
371 1677 489 1728 obsolute
501 1690 557 1728 non
569 1683 640 1741 eost,
652 1678 698 1726 sed
712 1688 745 1726 ec
754 1677 790 1726 iis
799 1689 866 1739 quae
879 1689 935 1726 non
946 1677 1071 1727 abstrusa
1083 1675 1177 1740 atiquo
1185 1682 1268 1730 ratio-

227 1775 260 1812 ne
273 1768 435 1817 cernuntur,
448 1763 493 1811 sed
505 1766 569 1810 sunt
582 1763 612 1809 in
623 1765 750 1823 armante
763 1765 788 1811 et
800 1760 875 1811 auito
887 1761 994 1824 noaotio
1012 1767 1106 1825 sponte
1117 1763 1202 1813 veluti
1218 1777 1268 1814 sua

225 1847 394 1909 deteanntur,
407 1841 487 1908 facite
496 1845 624 1908 insertur.

261 1927 336 1978 Haec
347 1941 398 1991 pro
409 1929 460 1984 rei,
468 1941 548 1992 quam
559 1930 731 1978 tractandam
741 1927 910 1991 suscipimus,
921 1929 1055 1993 dionitate
1068 1931 1179 1982 breuiter
1188 1946 1266 1996 pras·

195 2056 202 2065 .
224 2013 290 2075 sati,
305 2025 414 2062 manum
427 2015 501 2076 operi
514 2013 714 2071 admoveamus;
725 2018 877 2076 postquam,
892 2020 922 2063 nt
934 2020 1029 2064 nostra
1042 2019 1201 2068 consuetudo
1216 2025 1265 2074 est,

223 2096 395 2146 tractationis
410 2097 530 2146 ordinem
542 2095 760 2146 indicaverimus.
778 2097 870 2159 ltaque
882 2111 950 2165 quae
961 2101 998 2149 ad
1012 2101 1168 2151 deteriorem
1180 2103 1264 2152 nomi·

222 2181 265 2228 nis
277 2182 419 2231 seientiam
428 2181 584 2242 pertinent,
598 2193 627 2229 ea
642 2180 725 2230 trium
738 2193 863 2242 pennum
877 2170 930 2242 ct'ee
944 2191 1067 2245 possunt.
1086 2184 1132 2236 Vel
1145 2187 1218 2235 enim
1234 2188 1265 2236 in

222 2264 277 2313 eius
291 2265 392 2313 viribus
406 2263 583 2314 describendis
599 2264 831 2326 explicandisqum
846 2266 887 2316 vet
900 2267 931 2314 in
939 2273 1041 2318 natura
1050 2269 1111 2330 ipsa
1120 2271 1262 2333 principii,

222 2349 291 2398 unde
304 2349 372 2398 vires
384 2348 449 2399 iilos
462 2348 842 2412 emerount,de1inienda,·oet
861 2351 973 2419 denique
986 2354 1019 2401 in
1030 2354 1201 2406 declarandis
1214 2357 1260 2412 iis,

220 2445 286 2495 otras
297 2433 418 2482 idearum
429 2433 558 2495 oriyinem
568 2433 721 2495 attineant,
729 2439 880 2483 versantur.
897 2435 1051 2497 Tripartita
1060 2438 1147 2502 iaitur
1159 2441 1261 2504 disaisi-

219 2518 316 2566 sitione
330 2519 398 2568 nano
412 2519 554 2568 secundam
565 2515 766 2580 Metapdyn'cae
775 2525 882 2581 partem
894 2522 1064 2574 exsolvemus.
