2767 4492
5 5 122 264 Γ

344 338 748 406 assensero-rammam
762 339 932 392 armanore
1110 326 1165 411 iii

616 509 660 570 ru.

477 680 553 742 Deru
568 688 609 740 est
621 680 795 740 immensus.

151 851 212 911 159.
228 851 324 912 Restat
337 855 370 912 ut
383 851 418 921 ds
432 851 623 912 immensitate
638 851 752 914 divinae
766 854 886 910 naturae
900 850 1009 925 aliquid
1024 854 1161 929 perstrin-

5 951 6 956 ’
114 951 224 1012 gamm.
241 937 299 996 Hac
313 952 382 996 voce
397 936 565 1010 intelligitur
580 951 597 996 a
613 936 750 1010 theologis
764 936 866 995 modus
881 935 931 994 ille
944 935 1163 1011 existendique

114 1026 189 1086 lleus
203 1033 235 1085 ιιι
249 1025 355 1100 ubique
372 1027 409 1086 sit
428 1042 564 1100 praeseus
584 1025 727 1098 exquirit,
744 1040 778 1083 ao
797 1024 958 1084 substantia
977 1041 1029 1084 sua
1048 1026 1161 1101 omnia,

117 1125 191 1184 quae
205 1109 296 1172 creari
311 1113 446 1184 possunt,
462 1109 552 1174 ueluti
566 1124 715 1184 permeare
728 1109 803 1184 potis
818 1113 879 1181 est,
895 1108 963 1182 quin
984 1124 1002 1167 a
1021 1109 1164 1184 rectique

116 1201 166 1254 aut
184 1193 246 1255 loeo
261 1193 374 1268 uspiam
395 1193 549 1260 definiatur
563 1196 588 1252 t.
612 1193 654 1252 iix
676 1207 733 1266 quo
752 1198 831 1267 patet
843 1193 1010 1252 attributum
1025 1193 1164 1254 eiusmodi

116 1277 149 1338 in
162 1277 219 1338 ileo
234 1293 296 1336 esse
311 1278 505 1339 necessarium
519 1285 548 1336 et
562 1277 732 1348 absolutum,
745 1277 849 1351 quippe
860 1278 937 1350 quod
952 1293 989 1335 ex
1003 1277 1107 1336 actuali
1120 1293 1165 1338 re

116 1376 183 1419 rnm
198 1363 340 1420 creatione
355 1377 412 1420 non
428 1362 558 1436 pendeat.
579 1363 711 1421 Attamen
730 1361 798 1418 inde
812 1360 942 1434 sequitur
955 1365 1004 1433 ut,
1021 1361 1164 1421 creatione

118 1445 342 1520 peracte,·tieus
368 1452 433 1504 acto
456 1446 530 1506 adsit
553 1445 639 1504 rebus
662 1444 818 1517 omnihus,
836 1460 942 1518 easque
956 1443 1057 1504 intime
1081 1460 1165 1518 pene·

118 1534 191 1601 trel,
210 1529 280 1602 quin
294 1531 417 1602 spatium
439 1530 528 1594 ullum
547 1535 596 1588 aut
615 1529 695 1588 locus
716 1528 890 1601 reperiatur,
908 1528 954 1587 cui
974 1528 1166 1602 praesentiam

117 1627 200 1671 suam
216 1628 274 1670 non
288 1613 431 1675 exhibeat.
455 1613 532 1682 Quod
548 1613 667 1687 quidem
683 1617 727 1671 est
744 1611 832 1670 veluti
849 1613 1051 1672 immensitatis
1069 1628 1166 1672 conse·

33 1761 35 1768 ,
117 1695 248 1770 omnium,
264 1703 293 1757 et
305 1713 364 1761 non
377 1698 598 1772 incongruenter
612 1695 805 1771 appellaretur
818 1695 1076 1770 ooooiprceseotio.

151 1781 183 1838 ln
197 1795 228 1840 re
243 1784 297 1842 trae
312 1781 418 1856 duplex
436 1782 537 1841 vitium
551 1789 685 1840 caveatur
702 1785 827 1853 oportet.
843 1780 970 1852 Primum
984 1786 1027 1840 est
1040 1781 1166 1856 illorum,

5 1923 6 1950 ,
116 1863 166 1937 qni
180 1863 402 1929 immensitatem
416 1866 465 1931 Ilei
480 1881 548 1925 cum
562 1865 661 1940 spatiis
675 1864 859 1939 imaginariis
874 1864 951 1924 male
969 1866 1165 1940 contundunt,

116 1954 200 2022 atque
220 1950 389 2012 attributum
407 1949 547 2011 eiusmodi
562 1967 599 2009 ex
619 1965 709 2010 vacuo
732 1948 845 2012 infinito
864 1949 998 2010 constitui
1016 1965 1167 2024 perperam

117 2033 280 2106 opinantur.
307 2035 396 2095 liuius
420 2035 577 2097 metendae
601 2034 713 2093 videtur
739 2033 829 2092 luisse
853 2035 989 2102 Newton,
1009 2035 1167 2094 eridendus

118 2132 186 2176 vero
197 2118 321 2191 litamine,
338 2130 436 2178 contre
451 2135 536 2192 quem
550 2119 662 2192 egregie
676 2118 833 2190 disputarit
847 2118 1003 2182 leibnitius
1019 2122 1044 2178 2.
1062 2120 1167 2180 ilerum

118 2200 191 2258 haee
205 2201 329 2274 opinatio
343 2203 475 2263 absurdis
484 2203 619 2274 abundat,
632 2202 777 2276 etticitqoe
788 2202 878 2271 Deum
888 2208 1041 2262 extensum
1052 2208 1080 2263 et
1089 2219 1166 2263 conr·

118 2284 253 2359 positum.
270 2287 369 2360 immo,
380 2292 414 2346 ut
427 2286 481 2346 rite
495 2286 627 2346 observat
636 2286 802 2358 Genuensis,
814 2286 891 2346 riam
906 2288 942 2348 ad
958 2287 1167 2362 Spinonismum

119 2375 198 2428 recta
212 2370 322 2432 sternit.
339 2370 414 2432 llter
428 2371 614 2430 declinandus
632 2387 711 2430 error
725 2386 824 2430 eorum
839 2378 892 2446 est,
909 2372 959 2445 qui
972 2372 1099 2432 diuinam
1112 2373 1166 2431 im·

119 2453 303 2514 mansitatem
317 2455 348 2514 in
363 2455 416 2514 lroo
433 2461 542 2518 uotum
562 2462 722 2529 reponunt,
739 2457 815 2530 quod
832 2472 879 2516 res
898 2461 1010 2521 creatae
1024 2455 1168 2528 quaelibet

120 2539 235 2600 diuinae
249 2539 385 2602 scientiae
400 2545 428 2602 et
442 2541 798 2616 potentiaesubiiciantur.
820 2543 897 2609 Quae
911 2539 1070 2610 sententia,
1086 2545 1119 2596 nt
1132 2539 1167 2597 li·

119 2622 207 2697 quido
221 2624 319 2699 lateam
332 2627 553 2688 immensitatem
562 2627 612 2686 llei
628 2627 754 2687 oratione
770 2625 914 2699 relinquit,
926 2639 957 2680 re
972 2628 1068 2681 autem
1082 2621 1164 2682 tollit.

120 2691 298 2782 Quamquam
312 2711 391 2772 enim
410 2711 531 2785 theologi
548 2712 584 2770 de
600 2712 698 2772 divina
718 2707 959 2782 omnipraesentia
973 2706 1164 2776 disserentes,

119 2791 210 2852 Deum
224 2792 257 2852 in
270 2795 357 2854 rebus
376 2796 510 2854 omnibus
527 2809 579 2867 per
598 2795 767 2864 scientiam,
784 2808 835 2864 per
849 2789 1006 2864 potentiam
1020 2793 1049 2846 et
1062 2804 1114 2862 per
1127 2804 1169 2848 es·

121 2875 244 2936 sentiam
258 2893 320 2935 esse
334 2877 491 2949 deliniant;
509 2882 604 2934 tannen
619 2876 648 2934 id
667 2877 742 2949 quod
761 2875 875 2947 proprie
893 2875 929 2931 ad
947 2872 1170 2932 immensitatem

121 2957 254 3032 pertinet,
266 2959 319 3016 troc
334 2959 416 3018 tertio
430 2959 600 3018 continetur.
616 2959 676 3018 lluo
691 2958 769 3018 enirn
780 2973 853 3030 quae
863 2957 1046 3031 praecedunt,
1058 2973 1095 3016 ex
1105 2957 1169 3018 aliis

121 3041 173 3101 ilci
188 3041 340 3115 attributis,
357 3041 476 3102 scientia
490 3041 629 3100 nimirum
643 3047 672 3100 et
688 3046 824 3114 potestate
839 3041 996 3105 dimanant.
1010 3041 1069 3100 Nisi
1083 3041 1170 3116 igitur

121 3125 328 3185 s'ubstootioits
343 3126 392 3186 liei
410 3124 571 3201 praesentia
593 3125 623 3184 in
643 3126 730 3185 rebus
750 3124 934 3198 admittatur,
950 3132 1065 3200 propter
1083 3140 1171 3199 quarn

122 3209 221 3271 divina
236 3213 338 3270 natura
351 3210 392 3270 ita
406 3210 492 3270 rebus
506 3208 639 3270 omnibns
653 3210 731 3284 insit,
743 3215 775 3268 ιιι
784 3225 833 3268 eas
848 3210 909 3273 sine
924 3211 983 3272 ulta
995 3210 1171 3270 admistione

120 3295 270 3370 pervadat,
289 3299 402 3368 totaque
420 3293 452 3354 in
472 3299 528 3356 toto
546 3294 663 3368 mundo,
682 3301 711 3354 et
726 3299 783 3356 tote
801 3295 907 3368 pariter
924 3295 956 3359 iu
974 3295 1095 3368 singulis
1107 3293 1170 3354 eius

122 3379 251 3454 partibus
265 3379 442 3453 reperialm3
459 3379 510 3438 Dei
524 3378 720 3453 immensitas,
738 3378 875 3454 quidquid
893 3380 929 3439 ed
946 3380 1046 3440 lucum
1061 3378 1168 3440 iacien-

124 3463 194 3524 dum
209 3462 267 3523 dici
282 3463 357 3538 velit,
373 3462 498 3523 emedio
513 3477 613 3524 reuera
626 3463 750 3538 pellitur.

170 3735 181 3780 l
199 3735 254 3782 Vide
270 3737 355 3783 ΒΑΜ
368 3737 470 3798 Hstoplt.
487 3739 504 3782 l.
521 3737 545 3800 2,
561 3735 618 3800 disp.
635 3735 675 3800 ὅθ,
692 3738 745 3784 osci.
761 3735 786 3783 7.

170 3811 186 3858 2
201 3811 256 3859 vids
271 3813 368 3861 nosset
381 3814 421 3862 tiu
434 3813 520 3862 tis'um·
533 3815 594 3876 pide.
612 3817 678 3863 miro
693 3814 757 3862 lcii.
775 3815 798 3861 el
813 3811 916 3861 Clanis.
933 3813 1012 3862 turen
1031 3829 1067 3878 op.
1085 3816 1102 3861 l.
1120 3814 1144 3861 2.
