2767 4492
530 387 742 443 amentata
1104 374 1154 458 ⁴li

145 473 248 539 Solent
261 476 349 538 etiam
369 473 500 538 nonnulli
512 481 549 539 ad
562 481 655 542 vanos
673 475 882 557 probabilitatis
901 475 1006 554 gratim
1025 477 1157 541 determi·

103 564 226 624 nendos
240 563 439 623 certitudinem
455 563 485 623 in
504 565 611 641 aliquot
625 581 722 626 secare
736 565 903 640 particulas,
918 565 1002 640 quasi
1016 565 1156 626 unitatem

103 649 136 708 in
157 649 283 708 totidem
304 648 471 722 [rectiones.
488 648 591 710 Vemm
611 651 642 710 id
658 650 877 724 improbandum
898 649 1016 709 omnino
1032 651 1153 709 ridetur.

103 731 257 793 certitudo
270 733 359 801 enim,
374 737 471 808 utpote
485 747 558 808 quae
573 734 665 809 moad
680 735 760 794 dubii
774 733 968 794 exclusionem
982 735 1014 793 in
1028 735 1155 794 indivisi·

102 815 161 876 bili
177 821 321 891 moretur,
336 817 435 892 nequit
449 817 479 876 in
494 824 587 892 partes
601 819 674 878 ultas
688 818 794 893 diridi;
808 833 863 878 nec
876 833 973 878 rerum
987 818 1079 893 quoad
1093 835 1155 894 spe-

100 901 185 960 ciem
200 901 395 960 differentium
405 905 498 976 potest
506 917 565 961 una
574 918 627 962 ceu
637 903 829 977 fragmentum
840 903 957 962 alterius
970 903 1153 963 considerari.

100 985 153 1046 Sic
169 985 275 1059 inepte
288 986 456 1060 cogitaretur
472 987 639 1062 imaginatio
652 988 729 1048 bruti
743 987 832 1047 vuutt
845 988 950 1057 tractio
967 987 1086 1047 rationis
1105 987 1156 1046 lru·

98 1085 232 1129 manae.
247 1069 363 1129 Frcotio
377 1071 520 1146 enimper
535 1071 650 1132 alterius
664 1073 820 1146 fractionis
837 1072 1033 1132 oondnmtum
1049 1072 1158 1132 addita·

98 1159 247 1214 mentum
268 1155 405 1216 unimtem
423 1155 470 1215 vel
488 1155 654 1230 aequiparat
672 1156 821 1216 ueletiam
841 1162 973 1232 superat;
992 1157 1157 1232 imagiuuio

97 1245 211 1299 autem
228 1239 354 1299 belluina
367 1239 474 1298 nullius
489 1239 703 1312 imaginationis
714 1239 890 1314 perfectioris
902 1241 1157 1301 accmsioneratio-

99 1339 178 1384 nem
195 1323 328 1382 hominis
345 1339 473 1397 unquam
495 1324 639 1396 aequabit.
659 1324 738 1390 Quod
756 1321 912 1396 generatim
926 1326 962 1383 de
975 1326 1054 1385 omni
1068 1341 1100 1384 ne
1117 1326 1158 1385 di·
1196 1360 1200 1368 ·

97 1421 220 1468 versae
235 1407 351 1482 speciei,
369 1411 398 1466 et
411 1406 530 1480 proinde
546 1407 581 1466 de
594 1407 793 1481 probabilitate
806 1408 894 1466 etiam
905 1414 1036 1482 respectu
1047 1409 1160 1468 certitu·

100 1491 192 1552 dinis
215 1491 397 1550 sentiendum
413 1494 465 1550 est.
487 1491 607 1559 Quinam
620 1491 709 1566 igitur
720 1491 905 1567 probabilitas
919 1497 1065 1566 tamqrram
1078 1493 1160 1551 certi-

100 1574 229 1636 tudinis
251 1575 375 1634 lrustnm
395 1575 466 1650 fingi
483 1577 607 1650 poterit?
625 1576 655 1636 Si
672 1577 703 1638 id
718 1578 816 1651 lieret,
839 1577 989 1637 essentiale
1007 1576 1159 1637 discrimen

100 1660 266 1733 utriusque
281 1655 437 1734 tolleretur,
454 1665 482 1720 et
498 1660 636 1721 certitudo
649 1677 687 1722 ex
700 1661 934 1737 probabilitatum
947 1661 1080 1737 congerie
1093 1677 1159 1722 coa-

102 1749 319 1818 gmentaretur.
332 1745 391 1814 Ouo
405 1761 500 1805 errore
514 1746 587 1806 nibil
602 1751 646 1807 est
658 1747 690 1806 iu
706 1747 832 1813 scientiis
846 1748 1038 1823 perniciosum
1050 1748 1156 1822 magis3

102 1844 178 1888 nam
201 1829 402 1892 certiardr'nem
420 1829 538 1891 omniuo
552 1830 692 1904 demeret,
708 1832 857 1906 solumque
874 1847 1021 1894 summum
1037 1831 1157 1908 gadum

102 1914 322 1988 probabilitatis
334 1915 515 1992 reinqueret,

523 2088 691 2148 marcentis
709 2087 753 2148 111.
812 2111 816 2116 -
912 2127 915 2132 -
955 2153 958 2161 ,

246 2255 283 2314 llo
297 2255 446 2316 baneam
462 2257 650 2333 tpomauttoc
663 2265 754 2333 atque
767 2274 906 2320 errorum
922 2260 1030 2321 camb.

148 2426 196 2485 39.
211 2419 336 2485 Breviter
349 2441 402 2487 nos
416 2428 483 2487 hinc
498 2429 699 2504 expediemus3
711 2431 786 2505 quod
800 2431 879 2492 enim
892 2435 1007 2506 tempus
1017 2430 1048 2488 in
1058 2429 1157 2488 huma·

109 2525 169 2570 nae
183 2511 363 2585 ignorantiae
378 2514 536 2574 scrutandis
550 2515 676 2575 lontibus
690 2516 790 2576 teritur
804 2518 940 2590 (quorum
956 2513 1100 2589 plerisque
1115 2529 1158 2572 re

108 2597 244 2656 medium
259 2613 310 2672 per
323 2607 473 2675 praecepta
486 2601 615 2661 adbiberi
630 2601 741 2660 nullum
755 2606 867 2676 potest),
879 2601 909 2661 id
920 2601 955 2661 ad
965 2600 1096 2660 eamdem
1111 2601 1158 2660 dc-

109 2681 278 2754 pellendam
293 2685 381 2744 satius
396 2690 440 2744 est
455 2686 615 2745 transferre.
629 2687 807 2760 ignorantiae
820 2687 916 2760 igitur,
928 2702 1001 2762 quae
1015 2687 1047 2745 in
1061 2687 1157 2761 cogni·

111 2766 201 2826 tionis
216 2769 344 2827 carentia
357 2768 512 2843 reponitur,
525 2785 611 2828 causa
620 2768 664 2828 est
673 2771 800 2844 primum
812 2770 875 2843 ipsa
888 2777 1008 2828 neutrae
1023 2771 1156 2830 conditio.

110 2849 203 2912 Homo
219 2852 298 2912 enim
312 2852 441 2912 scientiis
458 2853 573 2912 orbatus
590 2853 736 2925 nascitur,
752 2853 790 2910 ad
803 2867 874 2924 quas
891 2853 1066 2924 pedetentim
1082 2867 1159 2908 eom-

110 2937 260 3009 parandas
271 2936 422 3008 industria,
433 2936 539 3008 labore,
549 2951 685 2994 sensuum
698 2935 857 2992 ministerio
872 2941 956 3006 atque
970 2933 1069 2991 sedula
1080 2947 1160 2990 meu·

113 3021 151 3078 tis
167 3019 341 3090 cogitatione
356 3019 473 3089 indiget.
488 3019 537 3076 Est
550 3019 615 3075 binc
631 3025 662 3074 ut
676 3030 735 3073 non
748 3029 837 3089 parva
852 3017 985 3090 temporie
1003 3016 1160 3088 intercape-

112 3104 206 3172 dine,
225 3101 293 3157 dum
309 3100 469 3172 adolescat,
485 3114 582 3158 rerum
600 3101 659 3158 lere
674 3098 804 3158 omnium
821 3098 998 3173 ignoratione
1019 3105 1158 3160 armum

112 3185 228 3246 Deinde
243 3198 309 3244 cum
324 3185 357 3243 lit
371 3187 462 3243 aetate
477 3184 636 3259 provectior
650 3189 678 3244 et
691 3183 728 3243 ad
742 3183 875 3244 scientias
887 3185 1004 3260 appellit
1017 3183 1156 3260 animum

114 3271 205 3331 etiam
226 3275 285 3328 tum
302 3269 337 3328 ad
351 3268 506 3328 multorum
521 3269 650 3329 notitiam
665 3285 722 3330 non
735 3270 867 3346 assurgit,
885 3270 945 3330 sive
963 3269 1072 3330 ratione
1085 3269 1160 3330 limi·

115 3359 187 3428 tum,
201 3354 308 3429 quibus
322 3369 404 3414 mens
418 3354 543 3414 humana
558 3353 700 3429 definitur,
712 3355 772 3416 sive
781 3356 893 3416 delectu
905 3355 1108 3430 experientiae,
1119 3371 1157 3417 ex

117 3453 174 3512 qua
188 3439 309 3499 scientia
323 3439 448 3500 bominis
461 3440 616 3500 exorditur.
629 3440 678 3501 His
691 3441 801 3501 mederi
815 3440 1012 3515 incommodis,
1024 3441 1153 3515 aliisque,

118 3537 191 3596 quae
206 3525 304 3584 omnia
317 3526 422 3585 referre
436 3541 677 3602 supervacaneum
691 3533 776 3602 puto,
791 3527 823 3586 io
836 3532 933 3586 nostra
946 3531 1084 3601 potestate
1098 3543 1156 3587 nou
1199 3601 1202 3604 ⁴
1317 3568 1320 3574 ,

120 3614 171 3666 est.
182 3609 234 3668 llla
247 3611 340 3683 potius
354 3611 517 3685 innuamus,
535 3611 810 3686 quibus'remedium
825 3611 931 3686 aliquot
945 3612 1040 3672 alieni
1053 3617 1154 3687 potest.

156 3693 313 3752 italiorum
330 3711 448 3756 nurnero
464 3703 507 3755 est
523 3697 646 3771 primurn
663 3703 725 3756 tum
738 3697 841 3756 matta
855 3696 996 3770 quaedam
1008 3697 1157 3771 animique

124 3777 234 3852 torpor,
255 3786 313 3838 tum
328 3780 503 3853 voluptatum
517 3781 660 3855 appetitio.
677 3781 726 3841 llle
741 3780 915 3841 elaboribus
933 3782 1088 3855 absterret,
1105 3781 1156 3854 qui

126 3859 161 3916 ad
174 3864 304 3922 scientias
318 3869 448 3938 artesque
463 3865 648 3924 addiscendas
662 3865 835 3940 suscipiendi
849 3870 928 3940 sunt,
945 3866 1017 3926 baec
1029 3869 1156 3925 menum

126 3943 228 4008 alienat
241 3953 270 4008 et
284 3963 418 4008 masuam
432 3949 645 4010 oblectamentis
659 3949 777 4011 affixam
791 3950 852 4012 acie
865 3950 993 4012 desdam
1008 3944 1153 4022 acperdit.

915 4035 933 4100 t
