2767 4492
122 437 169 498 bet
180 437 394 512 particularibus
414 449 487 512 quae
503 353 734 498 affirm
747 437 807 498 ille.
827 439 1000 519 Smnndum:
1022 347 1162 517 ooopuffl

17 539 20 550 ’
122 523 270 595 generatim
284 527 313 581 et
327 521 466 594 complete
478 521 514 580 de
529 523 624 596 aliqua
632 523 748 582 nodone
757 528 887 597 negatur,
902 525 1067 598 negandum
1075 527 1163 586 etiam

120 610 160 664 est
179 606 214 666 de
233 605 454 681 particularibus
469 621 542 679 quae
558 605 738 666 continentur
756 605 788 665 in
801 607 860 666 illa
876 607 981 666 lenm
998 614 1063 682 post
1079 609 1162 670 mne
1192 646 1197 656 ·

119 695 208 749 ratam
222 690 432 765 philosophiam
454 688 491 748 iis
504 705 522 748 a
535 690 678 764 plerisque
693 690 749 749 duo
763 691 835 750 haec
854 691 948 750 suffici
962 696 1062 765 coepta
1082 699 1160 753 nunt:

114 774 247 848 primum,
262 773 338 848 quod
351 773 514 832 identitatis
520 773 708 848 principium
720 778 832 847 vocant,
848 789 921 848 quae
935 776 1110 835 conveniunt
1123 778 1163 837 ei-

115 857 180 916 dem
194 858 285 930 tertio,
297 872 337 916 eav
347 856 519 916 conveniunt
528 857 603 916 inter
612 873 652 930 se;
665 857 832 930 secundum,
853 857 928 931 quod
943 861 1161 933 repugnantiae

114 941 237 1014 effctrun
259 940 409 1015 appellant:
434 955 556 1014 qnorum
570 941 691 1000 altanum
704 941 837 1013 congruit
857 940 909 1000 uui
924 942 1017 1014 tertio
1039 941 1160 1002 altemn

114 1039 184 1082 vero
197 1037 310 1098 uon,*ea
321 1025 395 1084 inter
409 1039 439 1083 se
452 1039 513 1084 non
527 1025 710 1084 conveniunt.
735 1025 839 1084 Tamen
853 1026 941 1084 etiam
960 1031 1023 1085 tum
1037 1041 1096 1086 non
1113 1028 1164 1087 de·

113 1107 196 1166 luere
219 1108 267 1182 qui
289 1113 417 1168 veterum
440 1109 611 1167 sanandam
630 1107 812 1166 retinendam
831 1109 978 1182 ducerent
994 1111 1070 1170 iuter
1088 1127 1160 1185 quoe

111 1192 264 1266 praecipue
278 1193 405 1264 Woifius,
422 1193 472 1264 qui
485 1196 636 1264 postquam
646 1191 704 1250 duo
717 1190 767 1248 illa
780 1197 916 1251 sanxerat
928 1192 1080 1268 principie,
1089 1195 1161 1255 haec

112 1275 162 1334 ait:
177 1297 190 1326 a
207 1275 350 1335 Habemus
369 1275 441 1333 adeo
459 1274 577 1330 firmum
592 1277 621 1330 et
635 1273 838 1332 inconcussum
860 1275 1102 1349 tundamentum,-
1115 1280 1165 1338 cui

114 1381 126 1410 s
142 1359 239 1418 omnis
253 1359 291 1417 de
303 1358 470 1432 syllogismo
484 1355 613 1412 doctriua
626 1356 856 1428 superstruenda,
869 1371 887 1414 a
900 1358 1047 1416 retembus
1056 1360 1166 1420 dudum

113 1465 124 1493 ι
142 1442 389 1510 animadversum,
406 1437 644 1496 arecentioribue
656 1451 723 1495 vero
734 1438 879 1496 nonnullis
895 1439 1067 1511 neglectum,
1088 1443 1165 1514 quod

115 1547 128 1576 a
146 1538 208 1583 non
221 1523 291 1582 sade
305 1521 392 1580 luent
409 1519 583 1579 intellectum
600 1522 624 1578 ⁴.
649 1521 703 1579 Sed
716 1521 772 1579 bac
787 1526 891 1594 aetam,
907 1535 993 1579 nemo
1007 1523 1067 1581 iere
1080 1528 1123 1582 est
1136 1525 1168 1583 in

111 1605 390 1703 Logicadiligentius
400 1604 543 1678 aliquanto
552 1608 690 1676 versatile,
702 1604 754 1677 qui
763 1605 976 1664 reoedbusnon
985 1605 1165 1681 suffragetur,

113 1699 183 1751 satis
204 1690 367 1764 intelligens
385 1689 445 1748 rim
459 1703 575 1747 omnem
589 1688 748 1763 syllogismi
770 1690 802 1749 in
822 1691 877 1748 boc
899 1691 984 1749 sitam
998 1705 1072 1763 esse,
1091 1693 1168 1766 quod

113 1775 285 1848 particulare
299 1774 413 1848 aliquod
428 1773 464 1832 ab
478 1772 633 1832 universali
653 1773 818 1832 deducatur.
837 1773 887 1832 llis
897 1775 1057 1848 praelectis,
1070 1775 1105 1834 de
1115 1791 1164 1848 ge·

114 1859 260 1918 neralibus
283 1857 421 1931 simplicis
443 1855 599 1930 syllogismi
622 1856 731 1930 regulis
744 1855 883 1930 dicamus
900 1873 974 1931 quae
995 1859 1164 1920 memoriam

114 1941 234 2002 iuvandi
247 1940 339 2015 gratia
351 1941 398 1999 bis
411 1944 474 2000 octo
484 1939 633 1999 vmdcubs
651 1955 669 1997 a
683 1939 840 1999 dialecticis
854 1941 983 2000 inclusae
993 1946 1070 2004 sunt:

206 2111 354 2168 Terminus
368 2113 428 2168 esto
443 2108 555 2182 triplex:
570 2109 671 2180 maior,
687 2109 866 2190 mediusque,
879 2110 1044 2183 minorque.

206 2180 374 2252 Latiusbos,
390 2194 477 2252 quam
490 2179 674 2252 praemissae,
692 2179 835 2238 conclusio
847 2180 985 2240 nonrult.

209 2265 393 2338 Nequaquam
406 2263 533 2321 medium
548 2263 641 2336 capiat
655 2263 801 2323 conclusio
816 2269 936 2338 oportet.

209 2349 263 2405 dut
271 2346 360 2404 semel
369 2352 417 2404 aut
429 2345 535 2404 iterum
549 2346 660 2404 medius
674 2347 847 2420 generaliter
860 2353 930 2406 esto.

210 2429 331 2502 Utraque
345 2431 370 2487 si
383 2430 539 2503 praemissa
551 2436 644 2502 neget,
661 2429 734 2488 nibil
744 2431 811 2489 iude
825 2437 969 2504 sequetur.

210 2512 316 2571 Ambae
330 2513 505 2572 affirmantes
518 2519 665 2586 nequeunt
678 2529 815 2587 generare
830 2520 994 2586 negantem.

210 2595 252 2655 Nil
265 2596 391 2669 sequitur
400 2596 523 2670 geminis
538 2611 575 2654 err
589 2597 810 2669 particularibus
828 2611 965 2671 unquam.

209 2679 335 2740 Peiorem
344 2679 472 2753 sequitur
482 2693 595 2752 semper
609 2679 754 2738 conclusio
764 2687 885 2753 partem.

153 2847 250 2907 Prima
263 2847 350 2922 igitur
364 2847 411 2906 lex
422 2851 474 2905 est:
491 2847 707 2920 lrisplloptsmo
723 2861 760 2904 oc
769 2848 936 2921 siotptures
946 2863 1041 2921 qoam
1050 2858 1106 2906 tres
1117 2857 1173 2906 ter-

117 2932 206 2990 mini.
219 2931 299 2990 Ratio
312 2930 466 2988 manifesta
479 2935 531 3000 est3
550 2933 606 2985 tota
617 2927 696 2986 euim
710 2927 866 2996 syllogismi
880 2933 1024 2984 suucbma
1041 2933 1070 2986 et
1084 2929 1128 2986 ris
1138 2943 1173 2986 eo

115 3014 231 3080 nititur,
243 3013 318 3082 quod
327 3013 521 3068 ducentrcmc
530 3007 732 3075 conclusionis,
741 3007 878 3066 nimirum
888 3010 1050 3068 subiectum
1060 3015 1174 3083 etprae-

116 3099 258 3164 dicatum,
274 3107 341 3150 cum
354 3093 450 3149 medio
465 3092 586 3148 termino
600 3093 809 3164 comparentur
826 3107 900 3165 quae
914 3093 1089 3165 comparatio
1099 3093 1132 3151 iit
1141 3094 1173 3152 in

120 3175 301 3253 praemissis.
313 3175 353 3232 td
367 3174 398 3232 id
408 3178 504 3231 autem
517 3172 631 3231 nonnisi
642 3177 700 3232 tres
710 3174 823 3234 termini
832 3176 1026 3250 requbuunn,
1037 3175 1175 3236 nimirum

117 3261 282 3322 subiectum
298 3263 326 3317 et
339 3257 535 3332 praedicatum
549 3256 747 3331 conclusionis,
764 3259 924 3331 etmedius,
936 3261 1051 3332 quicum
1062 3265 1169 3320 utrum-

118 3361 176 3420 que
191 3343 262 3402 illud
274 3343 305 3402 in
319 3341 485 3416 praemissis
499 3341 668 3410 conferatur.
686 3342 715 3400 Si
734 3348 852 3417 quartus
873 3343 994 3417 additur,
1011 3344 1169 3420 syllogm

118 3428 266 3503 opificium
280 3427 404 3486 demitur
418 3432 502 3500 aque
511 3427 576 3486 ideo
586 3427 664 3485 omni
679 3426 780 3486 robore
795 3429 969 3487 destituitur.

156 3511 417 3571 secundundum
438 3512 582 3571 immicos
593 3511 792 3586 totiospctcot
816 3514 850 3570 in
869 3514 1059 3585 conclusione,
1072 3529 1166 3588 qoam

63 3641 68 3646 .
120 3597 154 3656 in
163 3595 346 3672 promuscis.
361 3596 471 3655 Etenim
485 3612 568 3655 secus
578 3597 667 3654 illatio
678 3596 785 3670 aliquid
794 3599 1028 3671 complecteretur
1034 3613 1093 3657 non
1100 3614 1169 3658 cou-

122 3685 230 3740 mutum
244 3680 275 3739 in
289 3680 463 3754 praemissis,
475 3680 613 3738 nimirum
627 3679 794 3753 ampliorem
809 3681 888 3742 illem
900 3682 1014 3740 termini
1028 3683 1168 3742 extensio-

167 3857 178 3904 l
195 3860 259 3907 etit.
274 3861 362 3908 ratior.
378 3863 435 3922 pert.
452 3859 475 3920 l,
491 3873 535 3907 sec.
552 3859 575 3920 b,
593 3875 612 3905 c.
630 3861 653 3920 i,
669 3857 696 3921 ὅ.
713 3860 769 3908 stt.
937 3933 953 3992 3

955 3935 967 3959 ,
