2767 4492
233 261 294 328 '320
681 276 843 325 erraneum

238 380 306 424 nem
321 357 528 423 nobilitandum
543 365 627 436 attpre
642 362 849 436 perficiendum
865 364 986 436 spectat,
1003 377 1040 421 ex
1054 361 1116 422 eius
1130 361 1289 424 institutie
1364 388 1365 439 3

237 463 274 507 ne
288 462 346 507 non
356 449 440 507 modo
454 463 511 506 uon
522 447 716 506 dissolvuntur
730 453 847 506 mutuae
856 447 986 506 omnium
1001 448 1151 507 bominum
1165 449 1287 508 relatio-

237 547 322 593 nesa
336 539 437 592 natura
452 536 646 604 emergentes,
666 531 713 590 sed
730 531 824 604 petius
846 538 1006 604 augescunt
1020 538 1049 591 et
1065 532 1169 592 melius
1194 534 1289 608 expli·

239 623 349 677 cantur.
367 618 399 676 Et
413 617 548 692 quoniam
570 615 674 690 allicio,
691 616 797 691 quibus
811 617 897 676 honre
912 617 1022 685 bomini
1035 617 1211 691 devincitur,
1226 635 1287 678 nen
1364 616 1365 621 ’

187 725 191 732 ·
239 701 331 760 solum
346 702 481 774 negantia
496 707 582 772 suut,
608 709 749 774 quatenus
762 716 800 760 ne
815 701 983 760 alteralteri
998 707 1098 760 noceat
1111 702 1283 776 prohibeam

236 787 436 856 verumetiam
451 792 518 844 sunt
531 785 714 857 alllrmantia,
730 790 872 858 quatenus
883 786 987 845 utaliis
1002 786 1283 847 benefaciamusim·

235 875 354 945 perant:
371 869 441 929 habe
455 869 564 929 lortiori
580 869 643 927 iure
658 868 733 928 inter
748 870 874 929 diversas
889 875 917 929 et
932 870 1080 929 distinctas
1094 872 1225 930 nationes
1241 873 1284 931 vi·

236 963 322 1030 geant
337 970 452 1014 necesse
462 959 514 1013 est.
526 955 587 1012 llon
601 954 684 1012 inodo
700 953 778 1012 enlm
789 953 820 1012 in
831 954 866 1012 iis
878 954 1001 1013 vividius
1014 955 1214 1030 potentiusque
1226 956 1283 1014 hu·

235 1054 321 1098 mana
336 1043 439 1098 natura
452 1038 574 1109 relucet3
591 1052 692 1095 verum
708 1037 795 1096 etiam
810 1037 964 1110 iunctione,
981 1054 1038 1112 qua
1061 1045 1201 1111 constant,
1218 1040 1282 1113 plu-

235 1125 316 1183 ribus
330 1123 476 1182 abundant
490 1121 654 1196 praesidiis,
673 1137 760 1195 quam
775 1121 923 1180 individua
942 1130 1087 1196 separala3
1108 1129 1194 1196 atque
1214 1123 1280 1184 ideo

234 1209 336 1267 ollrciis
351 1207 489 1266 eiusmodi
506 1207 589 1278 longe
603 1205 706 1263 melius
721 1201 887 1265 satisfacere
899 1211 1026 1280 possunt.

268 1293 371 1352 Eorum
387 1297 482 1350 autern
497 1290 657 1350 officiorum
672 1289 811 1348 exhibitio
825 1290 880 1350 bac
892 1291 1091 1365 praeceptione
1105 1293 1228 1366 regitur:
1245 1299 1280 1352 ut

233 1393 362 1451 quaeque
383 1393 453 1450 gens
476 1375 598 1434 aliarum
614 1375 743 1448 gentium
758 1374 878 1433 salutem
892 1380 921 1433 et
934 1375 1099 1435 felic-itatem
1113 1384 1190 1435 amet
1212 1394 1278 1452 pro·

233 1469 385 1536 curetque;
404 1463 457 1518 bac
477 1465 573 1536 tamen
589 1459 759 1532 conditione,
771 1474 809 1518 ne
823 1460 935 1533 officiis,
952 1460 1057 1534 quibus
1070 1477 1139 1534 erga
1151 1463 1277 1536 seipsam

231 1546 435 1618 adstringitur,
452 1543 638 1603 contradicat.
656 1543 725 1602 darm
739 1542 816 1602 euim
832 1559 963 1618 quaeque
978 1545 1098 1604 societas
1115 1546 1278 1605 arctissima

231 1631 354 1706 quadarn
370 1630 540 1702 obligatione
557 1633 686 1688 teneatur
700 1628 891 1702 prospiciendi
905 1629 980 1689 bono
996 1631 1148 1702 sociorum,
1168 1632 1277 1705 quibus

231 1716 375 1788 coalescit;
392 1715 492 1787 nequit
510 1714 634 1788 prolecto
650 1714 696 1771 llis
711 1713 915 1772 detrimentum
929 1714 1045 1788 inferre,
1063 1720 1096 1773 ut
1109 1716 1173 1773 aliis
1187 1716 1275 1776 bene·

232 1800 329 1872 faciat,
346 1801 430 1858 modo
445 1799 647 1857 detrimentum
665 1797 719 1856 boc
734 1812 792 1855 neu
809 1799 879 1856 adeo
894 1798 930 1856 sit
945 1798 1016 1872 leve,
1034 1805 1061 1858 le
1074 1800 1183 1859 bourrm
1198 1802 1276 1874 quod

232 1884 296 1942 aliis
312 1884 428 1942 allertur
442 1898 499 1940 nou
514 1881 584 1939 adeo
599 1881 636 1939 sit
653 1887 820 1954 praestans,
838 1886 873 1962 ul
891 1889 968 1940 reeta
983 1884 1055 1943 ratio
1069 1885 1122 1942 line
1137 1884 1179 1942 illi
1198 1891 1276 1943 aute·

234 1969 397 2042 ponendum
413 1967 539 2025 suadeat.
555 1967 588 2022 nt
602 1965 745 2026 eiusmodi
760 1966 927 2039 exceptione
941 1968 1103 2040 subaudita,
1113 1969 1214 2041 regula
1227 1984 1275 2041 ge

227 2054 296 2111 ralis
310 2052 358 2111 illa
372 2057 423 2124 est,
441 2065 527 2124 quum
546 2050 707 2108 innuimus.
726 2050 903 2124 Quamquam
917 2052 994 2110 enlm
1009 2053 1206 2126 individuum,
1223 2055 1275 2127 qui

229 2136 423 2208 suimetipsius
437 2140 480 2193 est
504 2135 653 2207 dominus,
671 2135 759 2208 possit
778 2151 844 2194 cum
859 2151 967 2209 magua
987 2136 1071 2196 laude
1084 2137 1227 2196 bonorum
1245 2144 1277 2196 et

227 2221 302 2279 vitae
316 2219 402 2277 etiam
418 2219 557 2277 iacturam
571 2220 667 2278 faeere
679 2227 710 2282 ut
720 2220 783 2278 aliis
799 2221 954 2294 opituletur
968 2224 998 2295 ⁴3
1016 2223 1045 2280 id
1060 2228 1156 2288 mmeu
1168 2222 1199 2281 in
1212 2239 1274 2297 per-

227 2318 326 2363 sonam
336 2303 472 2362 muralem
484 2305 625 2364 societatis
638 2301 787 2364 ‘trauslc'rri
798 2307 906 2380 aequit,
915 2307 972 2364 uisi
981 2307 1133 2381 explicitus
1141 2309 1275 2367 omnium

226 2388 368 2447 sociorum
383 2404 539 2448 consensus
560 2391 686 2448 accedat.
709 2390 787 2457 Orrod
806 2391 830 2447 si
845 2406 1001 2449 consensus
1015 2392 1061 2450 trie
1079 2391 1170 2463 desit;
1189 2395 1275 2452 netas

226 2483 269 2532 est
284 2475 449 2548 populomm
466 2473 644 2547 rectoribus,
662 2473 756 2546 cives,
774 2489 896 2547 quorum
909 2474 1102 2544 {incolumitati
1122 2476 1274 2536 consulere

226 2557 345 2631 debent,
364 2559 398 2616 ad
414 2574 499 2632 grave
519 2558 725 2617 detrimentum
740 2558 923 2616 subeundum
941 2566 1089 2632 cogerent
1103 2559 1167 2618 aliis
1185 2576 1275 2635 opem

226 2642 334 2716 lerant3
355 2659 420 2701 cum
436 2643 503 2700 boni
519 2643 631 2700 socialis
646 2658 704 2700 non
725 2643 782 2699 sint
796 2640 904 2701 domini
920 2645 970 2702 sed
985 2649 1137 2717 curatores
1154 2661 1210 2704 nec
1224 2646 1274 2704 be

223 2728 317 2785 roicae
331 2727 444 2784 virtutis
459 2727 630 2785 exercitium
645 2743 662 2784 a
678 2727 800 2785 subditis
817 2728 950 2799 exigendi
966 2729 1011 2787 ius
1026 2729 1159 2788 habeant.

259 2811 329 2868 illue
340 2811 497 2883 generatim
511 2810 615 2868 limites
626 2811 833 2868 beneticentiae
843 2826 911 2883 erga
921 2818 1034 2871 exteras
1046 2813 1177 2872 nationes
1186 2829 1272 2874 exer-

224 2894 341 2966 cendae,
354 2894 390 2952 ab
400 2894 502 2952 (illiciis
511 2893 703 2966 prospiciendi
713 2895 789 2953 boue
799 2895 930 2968 propriae
941 2897 1032 2969 gentis
1042 2897 1174 2956 sumendi
1190 2907 1271 2958 sunt.

224 2976 336 3045 Quoties
348 2977 434 3050 igitur
448 2977 532 3036 buius
551 2978 662 3036 iactura
678 2994 738 3037 non
754 2979 928 3052 incurritur,
944 2981 1029 3040 debet
1045 2983 1169 3056 prolecto
1188 2975 1272 3043 natio

223 3063 340 3136 quaevis
354 3061 435 3120 alteri
450 3061 591 3136 opitulari,
609 3077 681 3135 quae
696 3064 768 3122 lorte
783 3064 863 3136 gravi
878 3065 974 3138 aliqua
989 3065 1146 3139 indigentia
1160 3067 1208 3125 vel
1222 3083 1273 3126 ca·

222 3146 349 3207 lamitate
359 3153 513 3220 prematur,
525 3147 637 3207 etiamsi
652 3147 714 3207 leue
729 3148 844 3222 aliquod
857 3149 1073 3210 incommodum
1087 3158 1139 3210 aut
1151 3151 1269 3225 pericu·

266 3383 276 3431 4
291 3386 402 3433 Praeclare
416 3387 512 3433 Tulliusr
532 3407 541 3428 a
559 3387 628 3448 bingis
642 3391 683 3450 eet,
697 3386 779 3452 inquil,
797 3388 917 3436 seeundum
926 3393 1029 3437 naturam
1038 3406 1079 3454 pro
1093 3387 1198 3436 omnibu
1213 3407 1271 3452 pan·

223 3481 232 3504 ι
250 3461 317 3525 tibus,
334 3462 352 3508 ai
369 3461 417 3509 sueri
433 3465 510 3526 possit,
523 3463 677 3510 conservandis
688 3471 710 3509 at
726 3465 827 3512 iuvandis
841 3468 946 3513 maximos
956 3466 1041 3513 labores
1058 3465 1214 3529 molestiasque
1229 3485 1271 3513 aa·

222 3557 230 3580 ι
250 3538 341 3602 eripere,
360 3540 482 3588 imitantem
496 3540 610 3586 Herculem
633 3541 704 3603 illum,
721 3558 786 3604 quem
801 3543 916 3589 hominurn
930 3543 987 3590 fama
1003 3544 1160 3591 beneficiorum
1174 3561 1269 3608 memor,

222 3633 230 3655 ι
249 3615 272 3660 in
288 3616 380 3662 concilio
397 3617 521 3664 caelestium
536 3617 661 3680 collocavit3
679 3633 744 3680 quam
755 3620 827 3666 virere
842 3621 866 3666 in
880 3619 1008 3683 solitudine,
1020 3636 1065 3666 nou
1077 3621 1141 3667 mode
1157 3621 1207 3668 sina
1217 3622 1271 3668 allia

222 3707 230 3730 a
248 3690 361 3754 molestiis,
378 3693 416 3761 aad
430 3693 495 3739 eliam
511 3694 534 3738 'rn
556 3693 656 3740 maximia
675 3694 831 3759 voluplal'rbua,
849 3697 999 3743 abundantem
1014 3697 1117 3743 omnibus
1136 3698 1228 3762 copiis,
1245 3703 1273 3743 ut

222 3781 231 3804 a
249 3767 342 3812 excelsas
357 3769 421 3814 elium
433 3768 596 3830 pulchritudine
606 3775 628 3816 el
638 3770 730 3817 viribus.
748 3771 852 3826 Quocirca
867 3775 949 3836 optimo
965 3773 1058 3836 quisque
1072 3777 1095 3819 at
1108 3773 1271 3836 splendidissi-

223 3858 231 3881 ιι
250 3853 286 3885 mu
300 3842 388 3902 ingenio
399 3843 462 3904 longe
477 3843 538 3891 illam
552 3846 619 3893 vitam
634 3845 685 3892 huic
695 3849 817 3910 anteponit.
836 3868 846 3892 a
864 3851 899 3896 De
913 3851 976 3908 Opia.
994 3848 1011 3893 1.
1023 3849 1047 3910 ὅ,
1064 3865 1084 3894 a.
1101 3849 1124 3894 5.
