2767 4492
523 269 579 316 sno
593 269 769 318 ourouocu
1087 287 1089 301 ·
1111 261 1164 324 203

121 355 248 432 pluribus
268 352 421 416 individuis
437 354 513 417 lacta
532 361 591 430 est,
616 359 649 414 ut
670 355 794 416 eluxerit
810 355 1028 430 phaenomenon
1049 359 1163 435 aliquod

121 447 279 502 constanter
292 445 321 500 et
333 439 513 500 uniformiter
525 454 588 498 rem
602 439 729 513 alimum
744 441 874 500 comitari
895 442 1072 518 (utcumque
1090 447 1163 506 indi-

120 525 217 601 u'dua,
232 525 268 586 de
281 526 385 600 quibus
399 524 576 600 experientia
590 523 755 598 instituitur,
772 527 864 600 quoad
880 543 1032 588 numerum
1048 537 1097 590 aut
1115 547 1163 607 pe-

120 609 239 670 culiares
253 609 404 686 quafiutes
417 609 649 683 conditionesque
658 609 831 686 sacientur),
851 612 975 686 proiecto
991 619 1067 688 patet
1076 614 1162 690 phae-

120 696 233 756 nomeni
247 696 324 754 illius
337 710 454 756 causam
467 709 561 770 neque
574 693 821 754 determinationes
831 710 879 756 ess
888 697 1053 774 peculiares,
1067 715 1161 774 neque

117 781 246 841 fortuitas
264 779 492 841 circumstantias
511 795 573 838 esse
588 793 679 851 posse.
698 779 772 838 llaec
787 779 865 839 enim
881 797 931 856 pro
946 783 1160 844 individuorum

117 865 251 926 varietate
264 871 420 939 mutantur,
436 864 554 924 effectus
567 870 664 923 autem
678 869 812 923 constans
826 869 854 924 et
868 867 1018 927 uniformis
1031 875 1162 928 coustan-

119 955 175 1010 tem
190 957 219 1012 et
233 952 404 1010 uniformem
416 949 507 1024 exigit
520 956 646 1008 caumas
666 948 738 1008 ilinc
756 963 839 1010 mens
855 951 882 1008 ri
897 952 1030 1028 principii
1045 955 1163 1014 causell-

117 1037 183 1095 tatis
198 1035 283 1095 aliam
297 1034 485 1111 phaenomeni
500 1050 616 1094 causam
629 1041 756 1109 qrraeret.
783 1035 895 1094 Etcum
908 1045 1019 1112 praeter
1033 1040 1161 1100 adventi·

115 1120 170 1180 tias
185 1121 412 1180 circumstantias
431 1126 460 1180 et
472 1119 632 1196 peculiares
645 1119 857 1180 individuorum
875 1124 1072 1199 proprietates,
1089 1125 1162 1186 nihil

115 1205 195 1266 aliud
207 1206 270 1286 iure
283 1207 423 1282 assignari
442 1206 551 1282 possit,
565 1205 632 1264 ,nisi
647 1210 697 1263 aut
710 1205 773 1279 ipsa
792 1208 956 1268 eommdem
974 1215 1091 1284 natura,
1113 1215 1163 1270 aut

114 1291 163 1352 lex
181 1291 213 1350 iu
231 1293 288 1352 illis
301 1308 319 1349 a
332 1293 389 1351 lteo
403 1289 604 1363 constabilita,
624 1305 661 1348 ex
676 1289 721 1349 uls
737 1290 927 1366 phaenomeui
945 1309 1062 1352 causam
1080 1311 1162 1356 mens

112 1381 232 1451 repetet.
249 1379 284 1434 lt
295 1392 363 1434 vero
378 1380 481 1435 natura
493 1373 627 1434 omuibus
642 1374 730 1448 inest,
746 1375 832 1434 etiam
846 1377 964 1450 proinde
978 1378 1030 1448 iis,
1046 1379 1082 1438 de
1101 1381 1162 1454 qui-

111 1461 170 1520 bus
185 1461 313 1519 nondum
327 1460 456 1519 instituta
466 1459 648 1534 ‘experientia
661 1464 720 1533 est,
738 1460 813 1536 leges
827 1467 936 1534 autem,
954 1462 1058 1536 quihus
1071 1479 1118 1524 res
1131 1465 1162 1524 in

113 1545 224 1604 mundo
248 1550 463 1621 temperantur,
487 1543 638 1604 stabilitate
659 1545 803 1606 fruuntur.
830 1545 901 1620 Ergo
923 1546 1161 1624 phaenomenon,

114 1631 190 1705 quod
204 1631 272 1690 hinc
287 1630 365 1688 ducit
378 1629 529 1704 originem,
546 1643 603 1688 non
618 1629 702 1688 modo
716 1630 748 1690 in
761 1630 925 1704 individuis,
941 1631 976 1690 de
991 1632 1095 1706 quibus
1110 1633 1160 1692 ha·

113 1713 175 1774 bita
188 1715 365 1790 experientia
379 1719 441 1789 est,
466 1713 517 1773 sed
539 1713 570 1772 in
588 1712 625 1772 iis
648 1713 759 1792 etiam,
783 1730 856 1790 quae
870 1715 1000 1775 nondum
1014 1717 1164 1780 observata

114 1805 199 1875 mut,
214 1800 311 1875 vigere
325 1803 449 1874 oportet;
475 1798 560 1857 modo
575 1798 695 1858 eandem
710 1806 842 1858 naturam
857 1799 981 1860 habeant
995 1807 1044 1862 aut
1062 1803 1161 1863 eodem

113 1885 214 1944 ordine
234 1886 444 1944 contineantur.
465 1884 528 1942 lure
551 1882 639 1957 igitur
658 1883 764 1944 iudicia
778 1885 937 1958 synthetica
960 1887 1002 1960 (si
1016 1887 1163 1948 sufficiens

114 1969 240 2030 inductio
254 1968 413 2044 praecedat)
427 1968 457 2026 vi
470 1967 605 2043 principii
621 1969 796 2028 causalitatis
818 1969 962 2044 generalia
981 1972 1114 2033 evadunt.
1130 1974 1163 2034 lli

114 2057 194 2116 enim
206 2056 292 2116 huius
306 2053 441 2130 principii
457 2055 655 2130 phaenomena
668 2054 860 2129 particularia,
875 2071 948 2130 quae
963 2056 1159 2128 observantur,
1239 2069 1242 2078 ·

115 2142 152 2201 ad
165 2140 441 2200 noturamomniltus
460 2153 652 2213 commrmem,
670 2145 719 2198 aut
734 2140 770 2198 ad
785 2141 914 2200 ordinem
928 2157 946 2200 a
959 2141 1016 2202 Deo
1029 2143 1061 2202 iu
1075 2143 1162 2204 rebus

116 2225 335 2298 constabilitum,
352 2230 498 2299 umquam
513 2224 549 2282 ad
564 2224 708 2298 propriam
723 2239 857 2300 causam,
873 2233 1055 2302 revocantur,
1076 2233 1162 2303 atque

116 2309 188 2369 adeo
202 2308 270 2383 ipsis
284 2309 461 2384 applicantur
476 2307 532 2367 duo
546 2307 596 2366 illa
609 2307 770 2382 principia,
786 2325 858 2384 quae
875 2309 1021 2372 innuimus
1037 2312 1067 2371 in
1081 2313 1162 2386 Logi-

115 2409 164 2453 ca:
187 2393 298 2454 Coosoe
314 2392 468 2454 naturales
483 2389 595 2452 eosdem
611 2406 725 2470 semper
739 2393 909 2470 producunt
928 2395 1059 2470 effectus,
1076 2397 1160 2472 lepos

113 2488 245 2540 notamus
261 2486 331 2540 scoot
348 2485 511 2538 torostootes
527 2479 552 2539 ⁴.

149 2565 195 2626 69.
216 2565 327 2640 lterum,
343 2570 375 2625 ut
389 2564 510 2640 quisque
523 2564 618 2640 ridet,
638 2579 744 2640 magna
757 2567 850 2626 cautio
871 2565 903 2626 in
916 2563 962 2626 his
976 2566 1160 2630 edormandis

114 2651 305 2713 axiouratibus
319 2649 481 2716 adhibenda
498 2655 551 2724 est,
568 2665 605 2710 ne
619 2649 781 2710 observatio
795 2667 853 2710 nou
868 2651 937 2710 satis
952 2652 1086 2712 idoneum
1096 2669 1161 2730 sup-

113 2737 219 2811 peditet
233 2737 461 2796 fundamentum.
483 2736 543 2795 Non
567 2735 646 2794 enim
658 2741 814 2810 utcumque
838 2737 944 2796 sufficit
958 2737 1096 2797 nonnulla
1105 2754 1159 2798 ex·

113 2823 224 2897 plorare
243 2822 410 2893 individua,
431 2820 481 2879 sed
504 2826 563 2878 tam
580 2817 703 2892 diligens
723 2825 839 2892 musque
861 2820 1020 2878 studiosum
1039 2836 1162 2880 emman

114 2907 257 2982 exigitur,
274 2911 307 2964 ut
323 2905 469 2964 euidenter
487 2909 622 2978 appareat
644 2901 836 2976 phaenomcni
861 2918 977 2966 causam
999 2903 1084 2964 aliam
1100 2921 1162 2965 esse

113 3008 173 3052 non
188 3005 280 3064 posse,
296 2988 353 3046 uisi
362 2993 412 3046 aut
425 2987 539 3046 illorum
553 2986 765 3046 individuorum
779 2992 912 3046 naturam
921 2991 980 3046 'aut
999 2988 1128 3048 ordinem
1142 3005 1160 3050 a

112 3077 171 3137 lleo
185 3071 329 3134 sancitum
343 3073 375 3130 in
393 3070 490 3130 rebus.
511 3069 571 3137 Oua
584 3070 616 3128 in
631 3085 663 3128 re
677 3069 821 3143 praeclare
836 3071 1028 3132 Verulamius:
1051 3095 1062 3125 ι
1079 3073 1163 3134 ludu·

117 3187 128 3214 ι
146 3159 224 3233 ctio,
244 3157 355 3232 inussit,
373 3171 446 3230 quae
461 3155 587 3230 procedit
596 3171 648 3231 per
666 3155 913 3216 enumerationem
922 3157 1098 3231 simplicem,
1116 3175 1163 3218 res

118 3272 129 3300 ι
146 3244 264 3321 puerilis
278 3249 336 3317 est,
352 3247 382 3302 et
399 3241 527 3318 precario
542 3229 701 3315 concludit,
719 3246 748 3300 et
762 3241 886 3316 periculo
901 3243 1053 3318 exponitur
1067 3243 1104 3302 ab
1119 3244 1163 3303 in·

118 3355 130 3385 «
146 3330 253 3391 sentia
267 3327 484 3389 contradictoria
494 3323 506 3402 3'
519 3332 547 3386 et
561 3327 728 3402 plerumque
743 3329 900 3388 secundum
914 3327 1057 3402 pauciora,
1074 3345 1160 3403 quam

119 3431 199 3490 «par
212 3421 271 3488 est,
292 3421 371 3475 etex
385 3415 430 3474 tris
445 3415 656 3488 tantummodo,
672 3428 746 3488 quac
759 3421 870 3490 praesto
885 3419 969 3484 sunt,
986 3415 1159 3488 pronuntiat.

120 3525 132 3553 ι
149 3503 182 3560 lt
199 3501 334 3574 inductio,
349 3517 423 3577 quac
437 3501 473 3559 ad
488 3501 683 3560 inventionem
697 3507 725 3560 et
742 3501 1011 3560 demonstrationem
1031 3499 1161 3560 scientia·

120 3609 132 3638 ι
148 3601 213 3644 rum
221 3593 250 3646 et
258 3587 362 3646 ortium
377 3585 431 3646 erit
444 3585 532 3659 utilis,
544 3591 676 3646 naturam
690 3601 823 3661 separare
838 3587 922 3646 debet
935 3601 987 3660 per
995 3584 1161 3646 relectiones

121 3694 132 3724 ι
148 3677 178 3732 et
191 3671 368 3733 exclusiones
381 3671 502 3746 delius,
519 3687 554 3731 ac
568 3670 671 3732 deinde
686 3677 750 3748 post
763 3673 912 3748 nogadvss
927 3677 986 3746 tot,
1002 3677 1070 3746 quot
1081 3672 1160 3734 sulii·

161 3858 173 3908 t
191 3857 265 3912 rum
280 3859 340 3910 rut.
358 3874 379 3908 e.
396 3857 421 3922 s,
437 3861 480 3906 ut.
497 3857 513 3906 a
529 3859 564 3908 oo
578 3859 722 3908 emron«.
