2767 4492
130 219 132 233 ,
182 249 218 314 tt
588 257 818 308 animosiores

180 350 335 414 existentes
349 345 492 408 creatione
506 344 672 418 subsistant,
693 345 724 403 ri
740 344 822 404 cuius
834 355 903 405 cnm
915 357 1050 420 supreme
1063 343 1134 411 Ense
1147 358 1223 411 com.

181 435 405 496 municationem
414 432 529 506 habena
542 430 668 492 medinm
677 429 816 503 neutrale,
828 445 885 504 quo
894 431 1019 506 perspici
1029 447 1047 490 a
1056 437 1152 492 mente
1160 448 1224 506 pos

180 522 239 582 sint
249 568 257 594 ,
269 520 332 594 ipso
346 523 412 578 actu
431 516 583 578 creationis
601 516 770 576 continetur.
786 514 828 573 hd
840 515 917 574 hunc
931 515 1019 589 igion
1033 516 1126 576 sciero
1140 533 1225 578 suam

180 607 328 667 intendere
338 603 497 665 intellectus
505 603 648 661 humanus
655 601 747 674 debet,
758 605 791 660 nt
799 615 898 662 rerum
906 601 1224 677 erucarumpropriam

180 691 311 752 notitiam
324 689 446 748 hauriat.
463 687 505 746 lix
523 703 578 761 quo
593 686 760 759 deducitur,
776 685 978 760 primigeniam
991 687 1096 746 mentis
1110 692 1225 746 noehae
1246 679 1250 686 ’

180 776 380 851 cognitionem,
397 787 454 847 qna
468 777 579 832 ceterae
593 787 704 832 omnes.
713 771 922 846 informantur,
938 771 993 830 hac
1007 772 1130 834 formida
1142 772 1223 835 erlui-

179 861 259 922 beri:
274 860 334 920 Eas
349 861 462 933 (nempe
480 857 563 930 Deus)
579 864 657 918 creet
672 856 842 918 aasentias
856 857 970 932 (nempe
990 857 1151 932 mundum).
1290 911 1293 916 .

216 947 305 1020 supe
320 943 390 1004 baec
404 943 440 1002 de
456 947 512 1002 toto
524 941 720 1018 philosophias
730 942 862 1016 deomsu,
873 941 993 1023 eiusque
1001 941 1122 1008 disemis
1135 945 1224 1018 spelc-

180 1029 305 1094 malibus
319 1027 459 1094 delibasse
475 1025 607 1092 sufficiat.

588 1201 758 1263 mancosos
767 1199 814 1264 111,

243 1376 282 1436 llo
292 1374 498 1450 Philosophiae
508 1371 658 1448 portibus,
679 1373 772 1446 doque
784 1350 940 1434 ordiaris
958 1372 1169 1434 hisceromeclo.

216 1546 259 1604 li.
276 1547 336 1605 llon
350 1560 385 1604 ea
399 1544 483 1604 nobis
497 1547 540 1602 ost
553 1557 645 1614 mens,
658 1547 691 1601 ut
704 1543 831 1602 diversas
841 1543 1037 1617 philosophiae
1046 1544 1223 1618 partitiones,

180 1645 254 1705 quae
269 1631 305 1688 ab
328 1629 392 1688 aliis
413 1629 509 1688 afferri
523 1628 631 1700 solent,
648 1627 860 1702 improbemus;
883 1629 934 1688 sed
947 1633 980 1688 ut
994 1629 1072 1688 illam
1089 1645 1226 1703 propono·

116 1769 119 1776 ,
179 1731 262 1788 mus,
280 1730 353 1789 quae
368 1714 450 1774 nobis
464 1713 556 1787 magns
580 1713 685 1772 arridet
703 1717 732 1772 ct
745 1712 882 1773 hodierno
896 1712 990 1774 ordini
1010 1712 1226 1787 disciplinarum

180 1800 284 1859 melius
304 1799 543 1859 accommodatur.
565 1798 707 1872 liuiusque
725 1799 804 1858 eninr
829 1797 998 1872 disciplinae
1016 1798 1149 1872 partitio,
1170 1799 1225 1859 etsi

180 1885 399 1944 tundamentum
413 1884 534 1958 accipiat
547 1883 584 1940 ab
594 1883 705 1942 obiecto
715 1883 791 1956 quod
806 1883 974 1957 respiciam
991 1898 1022 1942 se
1041 1887 1138 1942 tamen
1152 1884 1226 1944 arbi·

180 1972 234 2030 trio
248 1961 388 2046 permissa
405 1985 452 2029 res
464 1976 516 2028 est.
532 1969 611 2028 llodo
625 1968 655 2028 id
674 1969 750 2043 quod
765 1968 867 2028 dividit
880 1975 1029 2042 exaequet,
1046 1968 1165 2042 eiusque
1181 1984 1226 2027 re·

179 2056 325 2130 epeotibus
344 2055 397 2114 rite
416 2055 599 2128 respoudeat,
622 2054 794 2129 reprehendi
815 2069 872 2112 non
890 2059 991 2128 potest.
1011 2055 1066 2124 llos
1086 2053 1174 2112 etiam
1194 2053 1226 2112 iu

179 2139 335 2200 lilcmootis
350 2138 554 2215 philosophica
568 2138 662 2198 italice
682 2138 851 2212 conscriptis
875 2138 961 2197 aliam
980 2138 1162 2212 partitionem
1184 2154 1226 2198 se-

179 2225 261 2300 quuti
275 2239 382 2297 sumus,
399 2228 483 2298 atque
498 2223 545 2282 hic
560 2223 647 2282 etiam
657 2222 687 2282 in
709 2223 945 2298 praecedentibus
959 2223 1131 2283 editionibus
1145 2223 1225 2282 illam

171 2311 363 2382 ,tradidimus
375 2313 453 2383 lquae
471 2309 579 2368 Platoni
596 2309 722 2382 placuit,
738 2307 933 2382 philosophiae
947 2314 1005 2366 tres
1018 2314 1113 2382 partes
1127 2309 1225 2366 decer·

179 2395 276 2455 nenti:
295 2409 381 2453 unum
403 2410 476 2468 quae
491 2395 521 2451 in
536 2393 717 2466 disserendo,
734 2394 850 2452 alteram
862 2393 980 2465 quaein
997 2393 1124 2452 moribus
1139 2393 1225 2451 inlor·

178 2479 301 2547 mandis,
319 2480 431 2538 tertiam
447 2493 519 2552 quae
534 2479 564 2536 in
580 2484 701 2537 naturae
720 2478 838 2551 eiusque
852 2491 1005 2536 causarum
1015 2477 1225 2550 contemplatio

179 2581 216 2624 ne
236 2569 397 2622 uersaretur
413 2565 438 2620 l.
455 2563 525 2620 ilum
540 2563 617 2620 enim
633 2562 862 2636 sapientissimus
881 2561 929 2620 hic
949 2563 1034 2619 totius
1049 2561 1225 2634 antiquitatis

180 2648 364 2724 philosophus
375 2647 571 2722 conspexisset
580 2646 724 2706 Thaletem
735 2648 771 2706 ab
782 2663 872 2722 eoque
885 2647 1029 2706 conditam
1039 2646 1133 2705 leniae
1144 2647 1224 2706 sch'o

179 2734 238 2794 lam
253 2749 283 2794 se
292 2739 412 2794 naturae
427 2731 664 2805 contemplandae
679 2732 833 2806 addixisse,
846 2738 945 2800 contra
961 2747 1027 2790 vero
1038 2730 1224 2805 Pythagoram

179 2819 298 2894 eiusque
313 2817 436 2878 asseclas
450 2817 690 2878 intellectualibus
705 2817 816 2877 dedisse
830 2831 966 2891 operam,
984 2815 1127 2876 sneraom
1146 2817 1225 2878 deni-

179 2920 234 2979 que
256 2903 411 2964 moralibus
431 2902 492 2962 iere
516 2902 600 2962 unice
615 2918 646 2962 se
661 2902 848 2975 continuisse,
866 2901 995 2962 omnium
1015 2901 1102 2960 trium
1121 2901 1224 2963 baum

177 2990 303 3065 partium
317 3003 461 3048 summam
482 2987 642 3048 faciendam
658 3003 722 3049 esse
736 2986 926 3061 exiodmavit,
943 2991 976 3046 ut
992 2986 1029 3046 ad
1047 2983 1163 3060 plenam
1177 3003 1224 3046 cu-

178 3072 371 3148 mulatamque
386 3073 534 3132 scientiam
548 3078 657 3148 pateret
670 3073 775 3132 aditus.

215 3160 248 3218 llt
260 3158 446 3233 opportunius
460 3158 578 3216 fortasse
592 3158 647 3216 erit
659 3157 802 3232 praesenti
817 3158 1001 3217 scientiarum
1017 3157 1181 3230 evolutioni,
1198 3159 1223 3216 si

179 3244 234 3301 hac
247 3243 278 3302 in
292 3259 323 3302 re
337 3243 467 3318 sequenti
483 3240 566 3301 modo
581 3243 777 3316 procedamus.
795 3243 934 3302 scientiae
948 3243 1065 3302 nomine
1075 3257 1133 3301 non
1143 3242 1223 3301 aliud

180 3327 364 3404 lnlelligitur,
381 3329 437 3387 nisi
452 3335 577 3404 systema
591 3327 733 3404 quoddam
753 3329 897 3406 seriesque
910 3329 1059 3388 notionum
1079 3328 1179 3388 ordine
1195 3331 1224 3387 et

225 3539 236 3583 l
254 3539 314 3586 lianc
329 3537 426 3584 Platonis
440 3539 579 3600 partitionem
595 3539 626 3584 sic
641 3538 741 3600 exposuit
754 3537 852 3586 Tollius:
871 3559 880 3582 ι
893 3541 944 3588 rsit
953 3557 1004 3603 erqo
1016 3541 1059 3588 iam
1069 3557 1082 3587 ι
1092 3540 1181 3586 Platone
1191 3556 1226 3586 sc-

179 3632 190 3659 ι
207 3619 268 3676 cepta
289 3613 456 3677 philosophandi
476 3617 530 3662 ratio
550 3615 643 3677 triple13
655 3631 700 3662 nno
718 3615 745 3661 do
764 3615 809 3663 vita
822 3621 844 3663 el
858 3617 970 3674 moribus;
987 3617 1055 3663 altero
1070 3616 1097 3662 de
1111 3621 1189 3662 notura
1203 3622 1226 3662 ol

180 3709 191 3734 s
207 3690 273 3738 rebus
288 3689 379 3738 occultis
392 3707 397 3753 3
414 3691 477 3738 tertis
493 3691 520 3738 de
535 3691 671 3756 disserendo,
687 3700 710 3739 et
723 3693 776 3756 qnid
791 3709 867 3741 reram
877 3699 900 3741 et
909 3694 962 3756 qaid
973 3693 1061 3756 taleam,
1074 3693 1127 3755 qnid
1141 3698 1225 3739 roctnrn

181 3787 190 3808 ι
207 3768 230 3813 in
244 3767 342 3814 oratione
351 3782 498 3832 'pravumquq
513 3768 567 3832 quid
582 3770 731 3834 renuntians,
751 3770 804 3832 quid
819 3785 944 3834 repugnans
954 3769 1080 3817 iddiccndo.
1093 3789 1102 3813 ι
1115 3769 1222 3817 endem.

178 3843 195 3891 l.
207 3845 233 3909 l,
245 3861 269 3892 n.
282 3845 305 3890 6.
