2767 4492
229 378 281 444 tlt
671 388 834 437 mausum

225 480 262 539 ad
275 491 362 553 quam
375 474 460 537 antea
473 475 643 551 pertinebat.
663 476 743 544 Ouod
762 476 786 534 si
801 476 963 533 contractus
986 472 1072 533 luerit
1090 470 1271 547 bilateralis;

223 572 293 624 tunc
306 565 343 623 ad
357 563 420 623 eius
433 563 645 635 rescissionem,
662 560 909 635 utriusquepartis
924 574 1081 618 consensus
1092 559 1268 632 exquiritur.

222 651 258 709 llt
270 649 348 709 eninr
361 664 462 707 earum
476 647 565 706 libera
575 647 719 707 voluntate
735 646 905 704 constitutus
919 644 1052 717 utrinque
1067 648 1126 715 cst3
1139 642 1181 701 sic
1196 658 1272 701 non-

222 734 280 791 nisi
296 734 397 791 eadem
415 733 521 791 destrui
536 736 641 805 potest,
663 746 697 789 ac
715 746 761 789 res
785 730 821 788 ad
840 729 994 804 pristinum
1009 734 1115 787 statum
1128 728 1271 787 revocari.

198 823 202 831 ⁴
222 818 357 892 Exceptio
372 823 466 877 tamen
481 817 611 875 iacienda
624 822 677 889 est,
695 816 720 873 si
738 820 900 874 contractus
915 818 1017 873 natura
1031 829 1084 872 sua
1094 821 1143 871 aut
1154 813 1182 871 vi
1198 813 1272 886 legis

222 902 261 961 sit
280 902 498 973 indissolubilis3
521 908 587 959 tunc
605 900 685 959 enim
699 901 753 959 etsi
769 899 850 959 initio
866 905 896 957 ut
913 900 992 957 llcrct
1010 913 1029 956 a
1044 896 1186 957 voluntate
1203 912 1272 956 con

137 980 141 991 '
222 987 394 1045 trabentium
407 987 562 1059 proiectum
573 992 625 1059 est,
635 986 672 1043 ab
682 987 783 1043 eadem
798 1000 857 1043 non
871 984 976 1059 pendet
984 983 1015 1041 iu
1026 982 1185 1056 duratione,
1194 998 1271 1056 quac

221 1072 259 1129 ab
266 1071 365 1130 altiore
381 1071 518 1145 principio
528 1070 742 1127 determinatur.
755 1070 846 1137 Quare
857 1074 1019 1129 contractus
1032 1066 1174 1129 eiusmodi
1184 1067 1267 1127 dein·

221 1171 288 1227 ceps
303 1171 353 1229 per
367 1164 499 1213 mutuum
514 1169 686 1213 consensum
701 1154 773 1213 solvi
791 1154 900 1228 nequit.

154 1288 159 1293 .
257 1240 361 1312 'lertio,
381 1240 558 1311 extinguitur
571 1238 706 1311 obligatio
722 1255 761 1297 ex
770 1243 916 1297 contractu
931 1242 1031 1311 enam,
1043 1252 1110 1297 cum
1125 1252 1170 1296 res
1184 1252 1268 1311 pera-
1294 1234 1295 1239 ’

221 1324 315 1398 gendo
325 1324 508 1398 impossibilis
525 1324 638 1395 eradit,
655 1328 687 1382 ut
701 1324 744 1396 si,
761 1323 886 1398 exempli
900 1324 1001 1396 gratia,
1014 1338 1061 1382 res
1075 1323 1138 1396 ipsa
1153 1329 1263 1396 pereat,

220 1414 270 1467 aut
284 1409 424 1482 potentior
439 1408 482 1466 vis
496 1409 696 1467 executionem
710 1408 856 1481 impediat.
869 1406 1075 1467 Trrucccrlffitd
1086 1412 1202 1481 pactum
1212 1407 1266 1466 im·

219 1494 356 1567 plcnrlum
371 1494 433 1551 iure
454 1492 591 1565 adstringi
607 1508 728 1567 persona
747 1508 805 1551 non
818 1498 923 1566 potcst;
941 1492 1082 1566 siquidem
1098 1491 1178 1549 nulla
1192 1491 1263 1549 obli-

220 1580 296 1653 gatio
311 1580 455 1638 obiectum
468 1579 643 1653 impossibiie
656 1579 798 1653 respicere
813 1584 912 1653 potest.
928 1580 961 1636 lit
971 1579 996 1637 si
1006 1578 1148 1636 eiusmodi
1158 1578 1264 1651 impos

217 1665 341 1724 sibilitas
352 1666 438 1738 culpa
451 1666 615 1723 alterutrius
629 1664 719 1739 partis
734 1664 903 1738 paciscentis
918 1664 1071 1737 intercidit,
1085 1664 1156 1721 baec
1170 1663 1207 1721 ad
1222 1663 1263 1721 nl-

218 1756 310 1807 teram
323 1756 434 1823 parlcm
447 1748 503 1808 alio
517 1750 601 1807 modo
616 1750 860 1823 compensandam
874 1754 993 1807 tenetur.

257 1833 401 1907 Denique,
419 1848 457 1890 nc
477 1834 561 1909 plura
582 1840 741 1901 consecter,
759 1838 902 1893 contracta
925 1832 1046 1892 sotritm
1063 1832 1198 1906 obligatio
1214 1831 1263 1890 dc·

217 1917 296 1975 fectu
309 1915 477 1975 conditionis
491 1931 565 1989 quae
579 1915 615 1973 ab
636 1917 773 1975 alterutra
786 1923 866 1992 parte
881 1932 939 1976 non
955 1916 1116 1990 impleatur,
1132 1922 1161 1975 et
1175 1916 1260 1975 cuius

218 2001 350 2059 executio
373 2015 508 2074 expresse
522 2000 568 2059 rel
588 2000 703 2059 tacitea
722 2007 868 2060 contractu
889 2000 1086 2061 subaudiatur.
1103 2000 1132 2060 ld
1147 2000 1259 2074 potissi·

215 2100 298 2143 mum
311 2085 405 2143 locum
421 2083 506 2142 babet
519 2084 550 2143 in
563 2088 718 2144 'contractu
733 2084 890 2158 bilaterali,
908 2086 1018 2161 quoties
1034 2086 1168 2145 alteruter
1191 2100 1260 2145 con·

216 2170 332 2227 trahens
347 2168 436 2243 pactis
451 2168 538 2227 deest.
562 2170 638 2229 Tunc
654 2176 731 2229 certo
751 2186 817 2244 pars
831 2171 919 2229 altera
934 2169 1012 2229 omni
1033 2170 1204 2243 obligatione
1226 2169 1260 2228 li-

217 2253 350 2326 beratnr3
367 2258 441 2311 esset
451 2254 529 2312 enim
545 2254 681 2313 iniustum
695 2261 727 2313 ut
738 2272 795 2312 una
812 2262 921 2313 tantum
937 2270 1002 2327 pars
1018 2256 1098 2313 oneri
1108 2254 1258 2313 subiaceat

215 2337 247 2394 in
262 2337 387 2395 savorem
401 2337 491 2410 illius,
509 2354 582 2412 quac
602 2339 699 2397 datam
720 2339 836 2397 violavit
852 2340 946 2398 fidem.
962 2340 1050 2413 litque
1068 2340 1121 2397 bno
1140 2338 1256 2412 potissi-

184 2478 187 2481 .
214 2435 296 2478 mum
310 2420 443 2479 videntur
457 2436 568 2494 causac,
584 2422 613 2480 ri
628 2438 750 2496 quarum
766 2429 962 2482 contractuum
976 2423 1111 2495 obligatio
1125 2422 1255 2481 dissolri·

216 2512 270 2577 tur,
287 2522 358 2579 quas
373 2506 495 2565 breritcr
509 2507 638 2566 innuisse
653 2508 785 2567 sullrelat.
1148 2524 1154 2533 ·

252 2591 312 2649 tlt.
330 2591 425 2651 Potius
440 2591 652 2650 omittendabic
667 2594 787 2652 minime
802 2594 950 2667 estmagni
964 2594 1101 2653 momenti
1114 2594 1254 2669 quaestio,

213 2690 287 2749 quac
302 2691 360 2735 non
374 2691 477 2750 parum
491 2677 527 2735 ad
541 2692 634 2751 mores
648 2677 778 2735 interest:
797 2685 892 2737 utrum
907 2678 1038 2737 videlicet
1052 2695 1139 2737 usura
1154 2679 1257 2738 illicita

213 2762 258 2834 sit,
272 2776 372 2821 necne.
388 2763 546 2821 dstantem
563 2778 649 2821 usura
665 2764 785 2821 lucrant
795 2780 830 2823 rc
842 2772 948 2823 mutuo
959 2765 1137 2839 quaesitum,
1150 2780 1200 2823 sen
1215 2781 1256 2824 ex

210 2862 265 2904 usu
277 2846 423 2921 pecuniae,
439 2862 513 2921 quae
527 2846 608 2906 alteri
623 2849 828 2908 commodatur.
846 2849 922 2917 Quae
933 2850 1050 2923 quidem
1065 2848 1193 2923 quaestio
1208 2864 1241 2907 re

212 2930 283 2989 solvi
298 2933 405 3006 nequit,
421 2931 477 2991 nisi
491 2940 575 2992 autea
589 2933 645 2992 duo
655 2934 743 3009 probe
758 2934 965 3010 intelligantur:
982 2936 1049 3009 quid
1068 2935 1188 3009 pecunia
1203 2935 1252 3010 sit,

211 3019 240 3072 et
256 3014 287 3073 in
302 3032 358 3089 quo
371 3017 434 3075 eius
448 3033 518 3076 usus
531 3025 695 3092 reponatur.

244 3103 336 3174 Atque
349 3102 386 3159 ad
401 3101 616 3175 primumquod
639 3104 755 3178 attinet,
777 3106 867 3165 resin
889 3106 1061 3165 commercio
1075 3105 1187 3186 ¹positae
1204 3121 1252 3163 ca·

207 3184 361 3257 paritatem
375 3186 529 3259 quamdam
544 3186 651 3245 babent
664 3188 794 3248 utilitatis
804 3190 974 3263 afferendae,
987 3190 1015 3248 ri
1026 3189 1109 3249 cuius
1119 3189 1255 3249 homines

208 3270 244 3327 nd
258 3284 307 3328 eas
321 3286 386 3329 cunr
402 3270 488 3329 rebus
509 3271 573 3329 aliis
589 3271 716 3332 uicissim
737 3275 953 3333 commutandas
975 3274 1161 3333 inducuntur.
1177 3272 1253 3333 Hinc

207 3368 245 3411 cx
260 3354 406 3413 communi
421 3354 632 3415 existimatione
648 3357 836 3417 determinata
855 3359 995 3432 quaedam
1014 3360 1157 3433 quantitas
1172 3358 1251 3419 valo·

205 3438 247 3497 ris
260 3438 365 3513 cuique
377 3438 452 3499 inest
464 3440 506 3499 rei
516 3446 647 3514 respectu
665 3440 795 3515 aliarum,
815 3444 983 3516 quibuscum
1005 3443 1175 3503 commutari
1198 3459 1250 3518 po·

139 3553 141 3558 ·
209 3529 280 3595 test,
297 3538 372 3597 quae
383 3524 517 3598 pretium
530 3540 631 3583 earum
645 3526 840 3585 intrinsecum
862 3530 1035 3587 nominatur.
1051 3530 1085 3588 lt
1099 3529 1135 3587 sit
1156 3532 1251 3587 muta·

205 3606 282 3665 tione
292 3623 388 3667 rernm
404 3624 471 3667 cum
481 3608 576 3683 rebus,
589 3625 642 3684 ope
656 3610 744 3669 solius
756 3610 858 3671 raleris
873 3612 1028 3684 intrinseci,
1042 3612 1250 3672 commercium

203 3700 402 3766 exerceretur,
420 3694 606 3769 multiplicem
625 3696 822 3755 dillitultatem
843 3696 988 3757 obiiceret.
1012 3697 1152 3764 Principio
1168 3697 1250 3757 enim

203 3788 251 3831 res
265 3777 394 3848 singulae
404 3794 471 3836 cunr
481 3780 601 3852 singulis
610 3782 818 3854 comparandae
829 3791 937 3853 essent3
954 3790 1095 3841 utcarum
1112 3782 1245 3855 pretium,

204 3858 279 3927 quod
293 3874 330 3917 ex
344 3860 399 3917 bac
414 3865 627 3937 comparatione
642 3867 771 3939 emergit,
787 3867 985 3924 innotesceret.
1004 3867 1118 3939 llcinrlc,
1137 3867 1246 3924 nrultao

205 3945 272 4012 tull
286 3958 332 4016 res
347 3958 422 4033 quae
437 3948 575 4035 asportari
589 3958 745 4039 nequeunt,
763 3957 793 4010 ut
808 3950 932 4026 praedia,
949 3952 1069 4027 domus,
1086 3966 1119 4011 ac
1133 3952 1247 4027 rcllqua
