2767 4492
234 323 288 384 284
678 339 841 383 acaunum

236 425 314 484 victa
329 424 454 482 hnmano
467 421 618 482 stabilitate
633 423 813 496 gaudebunt,
830 427 916 495 atque
930 420 1037 481 idcirco
1051 420 1172 481 societas
1187 421 1226 480 ad
1244 421 1290 480 in·
1358 400 1359 461 i

244 511 359 568 teritum
382 524 497 582 prorsus
512 511 586 568 ruet.
603 507 665 566 Pari
681 508 758 566 enim
774 507 858 565 modo
873 521 921 564 ex.
937 522 980 580 gr.
997 506 1054 566 dici
1075 513 1171 580 posset
1185 507 1291 566 utilius

236 611 299 654 esse
313 595 495 669 reipublicae
510 600 542 652 ut
556 593 687 668 praedia,
704 608 779 666 orsae
793 608 870 650 tanus
883 597 934 650 aut
948 593 1019 650 altu·
1033 592 1173 666 possidet,
1191 591 1223 651 iu
1241 593 1288 650 bo

235 680 373 740 nestiores
390 680 606 754 egentioresoue
620 679 697 737 cives
711 677 890 751 dividantur3
907 683 996 752 utque
1009 678 1212 751 magistratus,
1228 694 1291 753 quo

236 767 283 825 bic
298 772 347 824 aut
361 766 409 826 ille
424 765 561 840 iungitur,
574 764 692 824 doctiori
708 770 737 823 et
751 764 928 839 prudentiori
939 764 1112 823 conteratur.
1125 764 1172 823 Sic
1187 765 1292 822 omnia

235 850 267 910 in
281 851 414 911 societate
429 851 581 924 nutabunt,
600 855 628 909 et
643 849 767 924 quisquc
787 849 992 924 expilationem
1011 848 1154 909 bonomm
1172 855 1225 908 aut
1249 850 1290 908 ia-

237 941 347 994 cturam
363 936 491 994 muneris
506 933 616 993 timebit
631 933 754 994 assidue.

271 1021 327 1082 Nec
342 1021 444 1080 inscite
466 1020 530 1094 quis
544 1018 661 1080 obiiciat
675 1019 813 1093 populum
827 1035 886 1078 non
907 1035 970 1080 esse
993 1019 1143 1093 praedium
1166 1020 1288 1095 aliquod
1358 1058 1359 1087 i

236 1112 286 1166 ant
301 1121 396 1180 pecus,
417 1104 465 1163 cui
480 1104 580 1163 eadem
602 1108 772 1178 argumenta
793 1105 1002 1165 accommodari
1021 1105 1149 1180 possint,
1163 1121 1242 1180 quae
1255 1107 1289 1164 st·
1358 1102 1359 1119 ³

236 1196 289 1250 unt
304 1191 338 1248 de
353 1189 439 1248 rebus
455 1190 490 1248 ad
505 1189 707 1264 proprietatem
723 1189 940 1264 pertinentibus.
958 1191 1028 1249 llam
1047 1188 1169 1248 hicnon
1185 1191 1222 1248 de
1237 1207 1288 1265 po·

236 1275 303 1350 pulo
318 1274 419 1348 agitur,
438 1274 487 1333 sed
502 1275 537 1332 de
551 1275 735 1348 auctoritate3
751 1290 826 1350 quae
841 1280 917 1333 certe
933 1275 978 1333 ius
988 1279 1040 1345 est,
1057 1280 1087 1332 et
1100 1275 1245 1349 possideri
1259 1282 1287 1334 et

237 1360 390 1420 transmitti
406 1365 434 1418 et
448 1359 623 1418 haereditate
638 1359 701 1433 capi
714 1365 814 1433 potest,
830 1360 915 1418 modo
925 1360 955 1417 id
969 1359 1095 1432 legitime
1104 1359 1156 1418 liat
1170 1375 1207 1418 ae
1222 1361 1287 1419 sine

237 1444 358 1503 aliorum
373 1444 488 1502 iniuria.
504 1443 604 1502 Fateor
618 1445 752 1518 equidem
766 1449 795 1502 et
810 1460 894 1517 saepe
908 1444 1066 1516 inculcari,
1080 1445 1288 1504 'atteteritatem
1358 1470 1359 1509 t

237 1543 296 1587 non
311 1544 372 1588 esse
387 1535 502 1603 propter
516 1529 623 1587 bonum
640 1529 701 1603 sui,
718 1528 768 1587 sed
782 1535 896 1602 propter
912 1528 1020 1586 bouum
1035 1529 1194 1602 societatis,
1211 1547 1289 1603 quac
1358 1550 1359 1553 ¹

238 1614 300 1672 cius
311 1615 397 1672 ductu
417 1615 447 1673 in
459 1614 588 1672 debitum
603 1613 690 1674 tinem
705 1612 865 1688 promoveri
881 1613 974 1671 debet.
991 1613 1031 1671 aa
1046 1613 1075 1672 id
1089 1629 1148 1671 uon
1163 1612 1290 1689 impedit
1358 1652 1359 1689 3

236 1699 388 1774 quominus
399 1700 545 1758 utbonum
554 1700 640 1758 etiarn
651 1698 782 1770 subiecti,
795 1698 831 1756 ad
841 1697 917 1772 quod
928 1698 1060 1772 pertinet,
1073 1699 1285 1774 consideretur,
1358 1712 1359 1781 t

236 1787 265 1841 et
275 1783 346 1842 iuris
357 1783 469 1857 proprie
480 1782 546 1842 dicti
557 1789 689 1841 naturam
698 1781 811 1855 habeat
825 1783 908 1841 modo
917 1783 991 1841 iusto
1003 1781 1082 1841 titulo
1091 1782 1287 1858 possideatur,

236 1866 354 1940 eiusque
368 1867 539 1925 exercitium
554 1883 610 1924 non
625 1867 662 1924 ad
676 1867 766 1926 solam
781 1867 932 1926 utilitatem
948 1867 1119 1941 possidentis
1134 1877 1288 1930 conserta·
1358 1874 1359 1889 ,

237 1957 298 2022 tur,
315 1951 364 2008 sed
381 1950 466 2008 totius
487 1951 613 2024 corporis
627 1951 741 2010 socialis
761 1951 869 2010 bonnm
884 1951 1033 2025 respiciat,
1050 1951 1082 2010 in
1096 1967 1155 2026 qno
1173 1954 1247 2012 finis
1262 1961 1292 2015 ct
1358 1898 1360 2013 i

234 2034 380 2093 obiectum
400 2034 463 2093 eius
477 2035 601 2108 positum
617 2039 669 2094 est.
688 2036 722 2095 Ut
742 2036 828 2110 igitur
843 2051 905 2096 rom
920 2037 1145 2103 concludamuS‚
1160 2041 1292 2098 conlun-

172 2197 174 2200 Υ
236 2119 329 2178 denda
343 2134 400 2178 non
415 2125 458 2178 cst
472 2119 580 2177 iustitia
594 2135 661 2179 cum
674 2120 813 2194 utilitate,
825 2121 934 2180 necilla
947 2121 991 2178 vel
1008 2120 1063 2180 levi
1077 2122 1192 2180 iactura
1206 2124 1292 2184 albei

235 2211 335 2280 potest,
352 2212 384 2262 ut
399 2205 468 2264 baec
479 2211 656 2280 procuretur,
674 2206 786 2265 etiamsi
797 2213 873 2266 certo
888 2213 1032 2281 appareat.
1046 2208 1210 2275 Quodnam
1221 2226 1293 2269 con-

237 2289 355 2348 trariam
371 2289 499 2348 dictitent
514 2291 563 2364 qui
579 2307 613 2350 es
631 2292 828 2365 epicureorum
843 2298 1002 2366 gregesunt
1016 2299 1044 2351 et
1058 2294 1157 2352 omnia
1170 2296 1291 2356 utilita-

235 2381 262 2434 to
277 2376 448 2449 metiuntur;
467 2378 580 2437 tolerari
595 2378 711 2452 quidem
727 2383 827 2452 potest.
843 2379 877 2436 tt
891 2379 967 2452 quod
981 2379 1058 2438 idem
1071 2386 1221 2455 repetant,
1238 2384 1296 2457 qui

234 2459 399 2520 usensismi
414 2476 502 2521 coeno
512 2478 542 2522 se
557 2462 682 2522 detersos
697 2463 813 2536 iactant,
826 2478 860 2520 ac
871 2479 1001 2522 normam
1011 2464 1150 2539 operandi
1165 2467 1297 2526 nonnisi

233 2543 264 2605 in
281 2553 419 2620 conceptu
440 2547 564 2606 iustitiae
585 2553 613 2606 ct
627 2548 740 2607 virtutis
759 2547 953 2606 collocandam
972 2565 1034 2608 esse
1055 2548 1242 2625 largiuntur,
1264 2553 1297 2611 id

234 2631 279 2690 vel
295 2637 406 2704 turpem
427 2632 600 2706 hypocrisim
616 2640 712 2708 sonat,
728 2634 774 2694 tel
789 2635 995 2694 inconstantiae
1009 2633 1152 2693 indicium
1175 2641 1237 2710 est,
1255 2655 1298 2698 ue

233 2713 327 2774 dicam
341 2715 510 2776 stoliditatis.

537 2919 540 2926 Α
649 2891 818 2952 Annicunus
833 2890 865 2953 tt.

502 3056 540 3122 De
557 3064 690 3139 supremi
705 3064 882 3140 imperantis
896 3065 1006 3141 efficite.

271 3226 331 3292 let.
348 3231 407 3302 Quo
422 3234 504 3293 altior
518 3241 561 3294 est
584 3251 764 3297 summorum
786 3237 991 3313 imperantium
1014 3238 1151 3312 dignitas,
1168 3255 1207 3300 eo
1223 3256 1296 3316 gra·

231 3316 310 3376 viora
329 3323 397 3376 sunl
411 3319 515 3394 olticia,
528 3321 884 3396 quibusergasocietatem
897 3323 1124 3396 adstringantur.
1141 3324 1219 3398 Nos,
1238 3330 1295 3401 qui
1358 3364 1359 3389 l

231 3402 399 3476 compendio
414 3403 570 3478 studemus,
587 3412 620 3464 ut
630 3407 669 3465 de
684 3407 772 3466 rebus
785 3407 850 3467 aliis
862 3407 993 3477 lecimus,
1010 3409 1052 3466 sic
1066 3407 1097 3465 in
1114 3414 1291 3485 praesenti,

232 3501 306 3560 quae
320 3488 474 3562 praecipua
487 3495 563 3562 sunt,
581 3489 671 3549 obiter
686 3491 886 3551 delibabimus.

267 3573 408 3647 Principio
429 3575 515 3649 igitur
531 3592 647 3635 necesse
669 3588 713 3636 est
732 3585 764 3636 ut
778 3578 911 3652 princeps
932 3579 986 3638 rite
1009 3578 1152 3653 intelligat
1175 3582 1234 3654 qui
1248 3584 1292 3642 sit

229 3657 361 3732 propriae
379 3659 555 3730 auctoritatis
575 3677 676 3736 sceptu
692 3668 722 3720 et
735 3679 793 3737 quo
813 3664 919 3722 circulo
934 3664 997 3722 citas
1012 3664 1076 3723 iura
1097 3665 1288 3739 spatientur,

229 3757 267 3800 no
282 3758 299 3799 a
313 3742 409 3801 deltito
424 3745 482 3803 line
496 3745 635 3805 desciscat
648 3752 699 3806 ant
714 3747 820 3806 limites
835 3765 852 3805 a
867 3754 969 3807 natura
983 3749 1115 3827 delinitos
1130 3751 1290 3810 transilire

229 3824 275 3882 vel
290 3826 354 3896 plus
368 3843 458 3900 aequo
473 3831 628 3902 producere
642 3837 761 3905 satagat.
778 3833 838 3891 Non
849 3833 926 3891 euim
939 3832 1136 3892 arbitrandum
1147 3839 1193 3892 est
1209 3851 1289 3896 cum

228 3905 412 3982 btacbtavelli,
429 3912 549 3986 aliisque
564 3915 696 3988 politicae
710 3916 847 3978 scientiae
861 3919 1088 3994 corruptoribus,
1105 3919 1286 3993 imperanti·
