2767 4492
509 393 589 441 runrs
607 392 755 440 uernans
916 399 922 410 ·
1101 385 1156 443 adt

110 482 223 555 cedunt,
239 483 267 542 et
286 479 374 541 simul
396 477 528 540 veritates
557 481 701 554 denegant
714 494 788 554 quae
803 479 867 539 eius
892 479 983 541 aciem
1003 483 1157 556 praeterla-

107 569 219 628 bantur.
241 567 330 636 Quam
352 566 605 626 contradictionem
628 581 684 624 nen
706 566 789 624 aliter
804 565 933 640 effugere
955 573 1082 641 possunt,
1099 568 1155 628 uisi

108 653 225 712 dicendo
241 659 289 711 aut
301 659 425 712 menum
441 658 568 710 nostram
583 665 645 708 esse
662 655 727 709 actu
743 650 896 722 infinitam,
912 661 963 710 aut
977 668 1078 712 verum
1092 670 1154 714 esse

108 735 229 797 linitum.
257 737 309 796 Sed
336 737 460 811 primum
482 735 601 794 includit
616 735 850 808 pantheismum,
875 736 1035 794 seeundum
1056 744 1153 797 autem

108 823 287 882 atheismum.
300 823 425 882 Primum
436 820 555 880 includit
565 820 789 894 pantlreismum,
801 820 869 893 truria
878 809 1018 879 rationem
1026 828 1154 882 nostram

107 921 173 966 eum
188 908 285 967 divina
307 906 468 979 contundit,
486 905 643 965 seeundum
659 905 779 964 includit
794 904 978 979 uttreismum,
1000 904 1068 979 quia
1082 907 1154 966 veri·

108 993 156 1052 tati
170 995 309 1054 obieetive
324 996 466 1067 spectatae
480 991 584 1049 limites
599 991 677 1064 adigi
697 997 852 1065 nequeunt,
869 991 940 1064 quin
958 990 1021 1048 eius
1035 990 1107 1050 ioati
1125 997 1154 1050 et

106 1077 254 1154 principio,
271 1093 373 1152 nempe
388 1077 454 1148 Deo,
470 1075 577 1149 pariter
591 1075 756 1148 alligantur.
777 1075 834 1132 Huc
849 1082 945 1134 autem
963 1074 1040 1133 idem
1058 1081 1101 1134 est
1118 1092 1153 1134 ae

105 1162 195 1222 Deum
210 1163 325 1222 omnino
344 1159 480 1234 inficiari,
504 1159 579 1218 Deus
600 1159 688 1233 enim,
709 1158 759 1233 qui
782 1159 921 1218 limitibus
940 1160 1073 1234 allicitur,
1090 1176 1149 1220 non

108 1254 151 1306 est
166 1248 249 1306 Deus.

141 1331 319 1404 Quamquam
331 1347 401 1405 opus
413 1347 469 1391 non
479 1335 522 1390 est
530 1329 708 1404 argumentis
718 1327 880 1404 obfirmare,
890 1330 964 1404 quod
974 1329 1087 1390 interna
1100 1347 1149 1390 ex·

105 1413 243 1486 perientia
254 1415 356 1488 cuiqne
368 1415 510 1488 patefacit.
524 1415 628 1483 Quotus
643 1415 722 1474 enim
731 1414 851 1488 quisque
860 1419 904 1473 est
916 1415 967 1488 qui
978 1414 1154 1474 imbecillita-

6 1517 7 1572 ᾗ
106 1503 163 1556 tem
177 1504 205 1556 et
218 1499 408 1572 ignorantiam
427 1505 554 1558 nostram
569 1501 646 1559 eirea
661 1499 730 1574 ipsa
748 1505 870 1557 naturae
883 1500 1081 1573 phaenomena
1095 1516 1153 1559 uon

106 1582 243 1642 fateatur?
258 1583 325 1652 Ouis
339 1593 435 1642 autem
450 1585 520 1643 adeo
537 1585 691 1658 impudens
706 1584 857 1658 reperitur,
874 1583 923 1657 qui
935 1583 1151 1656 intelligentiam

105 1683 188 1726 suam
202 1684 270 1726 cum
284 1669 382 1726 divina
393 1675 546 1743 comparet,
566 1675 597 1728 et
613 1669 720 1741 omnia,
733 1684 806 1741 quae
816 1668 889 1726 Deus
904 1668 1064 1740 cognitione
1078 1684 1155 1726 eom-

105 1753 246 1826 plectitur,
263 1771 293 1814 se
309 1755 395 1814 etiam
411 1755 562 1828 complecti
582 1753 756 1812 deblateret‘?
772 1754 799 1811 Si
814 1753 1062 1826 igiturinnumera
1076 1754 1155 1827 igne

105 1853 212 1911 ramus,
229 1845 257 1897 et
271 1838 436 1912 ignoremus
447 1855 563 1898 necesse
574 1845 635 1909 est,
652 1838 755 1912 poterit
766 1839 892 1911 proiecto
906 1836 980 1897 Deus
999 1838 1151 1896 nonnullas

106 1936 142 1978 ex
152 1921 196 1980 liis
208 1923 383 1996 veritatibus,
397 1924 433 1981 ad
444 1939 514 1997 quas
526 1924 553 1982 vi
564 1930 683 1982 naturae
696 1938 752 1980 uon
767 1921 953 1995 assurgimus,
965 1921 1049 1980 nobis
1063 1922 1152 1982 mani-

105 2006 207 2065 festare
218 2008 291 2065 adse
305 2009 466 2067 distinctius
482 2007 700 2080 declarandum,
715 2005 896 2080 actionesque
907 2012 1018 2066 nostras
1029 2007 1066 2066 ad
1074 2005 1154 2066 allio

104 2105 166 2151 rent
179 2092 309 2151 ordinem
323 2093 491 2152 evehendus.

141 2175 259 2234 Exstant
273 2182 428 2250 praeterea,
445 2183 477 2234 ut
492 2175 563 2248 dixi,
588 2173 661 2235 aliae
677 2175 821 2250 veritates,
835 2192 908 2249 quae
918 2175 1155 2237 natinalelumen

105 2275 164 2319 non
178 2267 361 2334 exsuperant,
378 2261 428 2319 sed
438 2260 567 2318 studioet
582 2260 826 2335 contemplatione
840 2267 957 2318 naturae
973 2260 1081 2320 hauriri
1091 2278 1154 2336 pos-

106 2349 185 2417 sent,
202 2350 231 2402 at
246 2343 432 2404 nibilominus
451 2352 673 2404 cousentaneum
690 2351 734 2403 est
749 2351 779 2404 ut
795 2361 812 2403 a
828 2345 883 2404 lieo
898 2345 1068 2405 revelentur.
1090 2347 1151 2406 Ete-

106 2427 168 2486 nim
183 2429 324 2502 veritates,
344 2446 417 2503 quae
435 2428 526 2488 ileum
541 2429 709 2504 respiciunt,
731 2429 818 2488 linem
839 2430 981 2500 ultimum,
998 2431 1150 2489 ordinatio-

105 2529 173 2572 uern
183 2515 266 2587 vitae,
279 2513 525 2588 iuturumaevum,
539 2516 686 2590 aliaequae
698 2515 871 2584 consimiles,
885 2515 1080 2586 maximopere
1092 2516 1151 2574 eui·

109 2616 164 2674 que
179 2600 287 2659 bomini
308 2610 376 2661 sunt
390 2603 575 2674 necessariae,
594 2619 646 2660 nee
665 2603 734 2660 satis
750 2615 907 2672 cougruunr
923 2607 966 2656 est
980 2607 1011 2656 ut
1027 2601 1153 2672 specula·

108 2685 177 2744 tioni
198 2693 307 2746 tanturn
329 2687 472 2747 humanae
488 2689 683 2761 assequendae
702 2688 911 2760 permittantur.
935 2684 969 2742 Ut
983 2684 1061 2741 enim
1076 2686 1154 2744 suili-

108 2768 215 2829 cleuter
237 2774 350 2846 proprio
366 2775 430 2831 nisu
449 2774 644 2845 obtineantur,
665 2773 758 2830 studio
778 2787 811 2828 ac
828 2771 923 2827 labore
938 2785 993 2826 non
1011 2768 1067 2827 levi
1082 2787 1153 2843 opus

108 2859 163 2924 est,
180 2856 261 2912 multi
282 2865 382 2920 autem,
393 2859 428 2914 ad
443 2855 649 2929 speculandum
671 2862 737 2912 suut
753 2854 851 2926 inepti,
868 2851 950 2910 multi
967 2869 1036 2910 eura
1050 2854 1092 2913 rei
1109 2855 1149 2912 ia-

108 2938 229 2996 miliaris
250 2939 460 3012 impediuntur,
483 2956 539 2998 non
560 2940 642 3012 paurci
664 2941 750 2996 etiam
772 2939 884 3012 pigritia
906 2938 1044 2996 laborant.
1061 2940 1150 2998 inimo

107 3038 175 3080 vero
186 3021 224 3079 illi
236 3023 330 3094 etiam,
341 3024 390 3098 qui
405 3023 617 3095 impedimentis
626 3023 765 3080 eiusmodi
779 3029 888 3096 vacant,
901 3023 1014 3081 nonnisi
1023 3031 1085 3096 post
1095 3024 1153 3082 ion-

106 3122 175 3179 gum
191 3113 301 3179 tempus
316 3108 351 3164 ad
370 3108 443 3163 trane
461 3107 610 3164 seientiam
629 3106 805 3179 devenirent,
825 3116 884 3164 tum
899 3113 1012 3181 propter
1027 3109 1153 3167 diversas

107 3191 289 3263 cognitiones,
307 3207 379 3264 quae
390 3191 584 3264 requiruntur,
604 3197 663 3248 tum
679 3207 793 3264 quoque
808 3201 921 3266 propter
937 3191 1153 3250 instabilitatem

107 3275 250 3347 iuventae,
268 3291 341 3348 quae
357 3275 536 3348 passionibus
546 3277 688 3348 exagitata
699 3277 767 3334 satis
777 3283 842 3349 apta
857 3292 912 3334 non
925 3275 1014 3334 estad
1029 3283 1086 3334 tarn
1097 3277 1154 3334 alta

107 3365 206 3434 pacate
225 3360 406 3434 speculanda.
425 3359 457 3418 Ut
473 3361 543 3418 nibil
553 3361 647 3417 dicam
662 3361 697 3417 de
712 3361 866 3431 erroribus,
878 3361 928 3432 qui
944 3360 1154 3433 investigationi

107 3443 196 3503 solius
215 3443 332 3502 rationis
360 3443 509 3502 admisceri
529 3443 629 3516 solent,
657 3443 693 3502 ob
713 3445 888 3502 debilitatem
910 3442 972 3504 eius
996 3444 1154 3517 ingenitam

22 3557 24 3562 v
107 3533 135 3588 et
151 3531 245 3588 lusum
263 3528 438 3602 phantasiae,
456 3529 699 3602 quemadmodum
715 3529 801 3587 etiam
820 3528 1071 3600 innocentissimis
1091 3529 1154 3602 plri-

107 3613 231 3688 losopbis
255 3614 390 3688 ploranda
413 3613 554 3671 babemus
577 3615 719 3686 exempla.
743 3615 940 3687 Opportunum
960 3620 1003 3670 est
1023 3614 1110 3686 igitur
1126 3619 1155 3673 et

108 3697 251 3758 humanae
262 3705 378 3758 naturae
394 3698 518 3755 maxime
534 3698 789 3771 accommodatum,
810 3704 839 3756 ut
853 3697 992 3758 eiusmodi
1009 3699 1150 3770 veritates,

107 3797 181 3855 quae
201 3784 324 3844 bominis
346 3799 525 3857 summopere
550 3784 710 3856 intersunt,
736 3782 833 3842 diviua
854 3781 1026 3841 revelatione
1053 3798 1153 3858 propo·

107 3869 223 3930 uantur.
