2767 4492
484 424 488 430 .
517 387 759 433 marcumunes
1094 374 1165 437 ‘aas

114 474 185 531 tunt.
203 472 243 533 lid
258 473 313 533 lroc
333 477 430 533 tamen
451 472 525 531 dune
546 472 723 533 conditiones
746 470 954 546 requiruntur:
979 474 1106 549 primum
1130 485 1162 535 ut

112 557 204 617 cessio
218 558 257 617 sit
269 558 401 618 absoluta
422 557 553 618 omnium
566 557 683 630 iurium,
706 571 788 616 secus
807 557 963 631 aequalitas
981 574 1040 619 non
1054 560 1164 633 vigeret

111 657 163 715 pro
182 643 335 718 omnihus;
361 643 464 703 deiude
483 648 516 701 ut
528 658 587 702 non
601 643 652 701 dat
663 640 800 716 peculiari
824 656 962 715 personae
984 649 1034 703 aut
1048 644 1161 719 coetui,

112 727 162 785 sed
176 733 286 787 mutum
300 728 428 803 integrae
442 728 649 787 communitati.

165 811 249 872 Porro
269 829 307 873 ex
325 813 380 872 hac
405 812 575 872 alienatione
599 811 707 871 iurium
728 815 758 871 et
771 809 949 871 voluntatum
971 812 1161 887 peculiarium

112 897 240 957 nascitur
250 897 295 958 ius
310 903 338 957 et
352 898 489 957 uolontas
502 896 648 971 poneretis
664 896 750 956 totius
764 896 907 956 sociatatis
922 902 1067 971 umquam
1078 898 1164 958 unius

96 996 249 1053 personae
265 982 391 1041 moralis.
408 982 439 1039 lu
453 981 507 1040 hac
524 981 630 1041 residet
643 996 800 1040 summum
817 981 980 1057 inoportuna
991 1000 1001 1054 ,·
1011 980 1087 1055 quod
1098 981 1164 1041 licut

113 1065 266 1138 asingutis
284 1066 466 1138 ellormetur3
483 1072 588 1139 tamen,
606 1071 690 1141 prout
704 1066 798 1125 nnius
813 1065 953 1140 quaedam
971 1070 1024 1140 εει,
1042 1066 1163 1139 singulis

113 1157 226 1223 praeest
241 1152 266 1208 t,
285 1150 343 1209 lloc
367 1164 514 1209 summum
535 1150 688 1224 imperium
706 1166 724 1209 a
739 1150 904 1209 collectione
922 1148 1028 1209 civium
1043 1149 1163 1209 alienari

113 1249 172 1293 non
187 1239 297 1308 potest3
325 1248 359 1293 ac
378 1234 496 1310 proinde
517 1234 638 1309 populus
653 1234 842 1295 essentialiter
861 1240 904 1293 εει
924 1234 1056 1310 princeps
1068 1234 1101 1309 (it
1114 1250 1163 1311 po,-

109 1317 176 1391 poto
193 1319 349 1393 soorono),·
373 1319 461 1379 immo
482 1319 544 1378 eius
558 1320 712 1379 auctoritas
737 1324 796 1379 tam
812 1334 894 1378 sacra
908 1324 970 1393 cst,
991 1324 1023 1378 ut
1043 1334 1096 1378 nec
1120 1317 1163 1379 di·

113 1402 185 1474 otdt',
202 1417 255 1460 nec
275 1402 493 1477 repraesentari
515 1419 570 1462 nec
585 1404 678 1462 limite
697 1403 773 1478 offici
791 1418 919 1476 unquam
934 1402 1036 1461 ualeat.
1054 1402 1099 1461 Sic
1113 1419 1162 1477 po-

113 1487 173 1561 puli
187 1487 379 1547 inalienabilis
392 1493 422 1547 et
436 1487 567 1547 absoluta
580 1489 715 1549 maiestas
730 1487 930 1561 constituitur,
950 1488 986 1546 ud
1004 1503 1091 1561 quam
1106 1492 1164 1547 toto

113 1570 276 1630 lloussearii
287 1572 415 1631 doctriua
429 1572 593 1646 reducitur,
614 1577 643 1631 ει
657 1572 686 1630 ri
701 1572 784 1631 cuius
799 1571 962 1647 principes,
984 1576 1119 1643 senatus,
1136 1576 1164 1631 et

114 1656 163 1714 ulii
177 1671 277 1715 omnes
291 1660 341 1731 qui
355 1658 552 1717 auctoritatem
566 1661 720 1728 exercent,
736 1671 795 1715 non
809 1654 887 1713 aliud
905 1670 1005 1713 rorera
1023 1660 1090 1713 sunt
1107 1653 1164 1715 nisi

114 1740 257 1814 simplices
271 1742 456 1815 magistratus
471 1742 568 1815 populi
582 1741 619 1799 ab
637 1740 700 1799 eius
716 1746 788 1799 nutu
807 1742 973 1814 pendentes.
991 1740 1081 1808 Quare
1096 1754 1164 1797 cum

115 1825 247 1899 populus,
259 1826 399 1885 seditione
409 1826 494 1898 taeta,
510 1826 574 1885 illos
588 1826 624 1884 de
639 1823 730 1897 gradu
745 1823 850 1897 delicit,
863 1824 977 1899 proprio
986 1824 1078 1883 utitur
1090 1824 1162 1897 iurc3

113 1910 290 1969 necrebellis
304 1910 490 1985 appellandus
500 1916 551 1982 εει,
568 1909 642 1967 sicut
652 1924 710 1967 non
725 1909 1008 1982 appellaturrebeilis
1018 1910 1161 1985 princeps,

115 1994 184 2067 quid
198 1994 399 2053 administrum
413 1994 538 2069 aliquem
556 2008 676 2052 munere
698 1993 834 2052 destituit.
860 1994 934 2052 llaec
959 1992 1164 2067 irrefragabilis

114 2087 234 2137 natume
248 2079 295 2136 lex
313 2085 373 2151 est,
399 2084 598 2150 contraquam
613 2076 673 2135 rim
686 2077 797 2136 nullam
812 2077 899 2137 hahet
913 2078 1030 2154 quaevis
1045 2078 1102 2136 alia
1115 2092 1165 2153 po·

114 2161 191 2220 litica
207 2161 381 2221 constitutio.
402 2161 447 2219 Sic
462 2160 590 2233 legitima
610 2159 736 2223 ettioitur
758 2161 939 2235 perduellio,
960 2162 1048 2221 immo
1067 2162 1099 2221 in
1118 2161 1164 2220 ius

115 2245 297 2318 convertitur,
313 2260 371 2318 quo
384 2244 427 2302 uti
436 2258 488 2317 pro
498 2242 588 2301 lubitu
603 2241 670 2301 licet
684 2242 863 2305 multitudini
879 2247 904 2305 ².

161 2414 172 2462 t
195 2405 211 2459 ι’
223 2417 242 2462 Δ
255 2415 356 2463 l’iustaut
369 2432 396 2463 au
412 2415 458 2463 lieu
474 2412 502 2462 de
515 2412 536 2461 la
550 2428 659 2478 Wsonue
674 2412 814 2477 particulitre
829 2412 954 2477 decisaque
969 2420 1117 2480 contractant,
1133 2420 1167 2464 cet

118 2511 127 2537 e
145 2497 192 2539 acte
206 2492 360 2539 d’associatiou
373 2492 463 2556 produit
476 2508 507 2538 uu
518 2507 581 2554 corps
591 2489 661 2537 moral
682 2496 704 2536 ai
719 2489 815 2536 collectis
823 2494 923 2553 compost
939 2492 1039 2538 d’antaut
1053 2492 1080 2539 de
1094 2508 1166 2539 mum·

118 2590 127 2612 ·
145 2568 195 2617 lorea
209 2586 251 2633 que
261 2568 397 2617 l'asaenaltlde
412 2586 425 2617 a
445 2567 550 2631 devoi13
570 2568 593 2615 la
607 2566 657 2629 quel
671 2566 741 2627 reqoit
754 2566 781 2613 de
796 2582 821 2613 ce
835 2572 906 2613 mame
920 2572 966 2613 acto
982 2584 1023 2613 suu
1038 2568 1108 2629 unitt,
1126 2580 1166 2613 sou

118 2665 128 2687 e
144 2646 188 2692 moi
200 2661 312 2709 commun,
334 2660 358 2691 aa
371 2645 407 2692 rie
421 2652 443 2692 ct
460 2660 484 2691 ee
497 2644 593 2690 voloutt.
609 2646 669 2689 Getta
683 2658 793 2706 pcnouue
806 2642 912 2705 pubtique
927 2642 964 2705 qui
985 2658 1008 2689 se
1025 2640 1094 2687 lorino
1109 2640 1165 2687 ainsi

119 2738 127 2763 a
144 2738 184 2784 par
200 2721 286 2768 l'uuiou
302 2722 329 2768 clu
343 2726 413 2769 tontes
429 2720 461 2767 tce
476 2726 548 2767 uutrca
558 2720 645 2783 prenait
658 2719 763 2767 autrefois
783 2718 804 2766 le
820 2734 871 2765 uom
882 2718 909 2765 de
920 2720 965 2764 crta
976 2724 997 2764 ct
1006 2716 1076 2781 prend
1092 2716 1166 2763 maiu-
1246 2766 1249 2772 ,

119 2816 128 2838 ι
145 2803 221 2843 ιειιιιιι
240 2797 297 2843 celui
312 2797 339 2843 de
359 2796 488 2858 republique
507 2811 536 2841 ou
550 2796 578 2843 ale
592 2811 655 2858 corps
669 2796 794 2858 potitique,
813 2794 837 2841 lo
858 2794 909 2856 quot
924 2801 957 2841 cst
971 2792 1056 2857 appetit
1077 2808 1116 2855 per
1131 2806 1165 2839 aaa

119 2890 128 2913 ι
145 2872 253 2921 membres
265 2868 321 2919 stat
336 2872 410 2934 quemi
421 2872 437 2917 il
452 2870 570 2933 catpassit,
586 2874 721 2918 Soceeeroe'o
737 2870 810 2933 quand
825 2868 841 2915 il
863 2874 896 2917 est
911 2870 964 2915 actii
968 2904 975 2933 ‚
991 2871 1117 2916 Putaaueace
1138 2884 1165 2915 au

118 2966 128 2989 a
145 2948 166 2992 le
181 2951 308 3009 comparant
322 2962 334 2993 a
349 2963 383 2994 ses
394 2946 532 2993 semblables.
550 2947 568 2993 Δ
582 2946 664 3007 t’aqart
675 2946 713 2993 des
729 2947 822 2993 aseocits
836 2945 864 2992 ils
875 2944 985 3009 prendant
994 2944 1166 2991 collectivcment

120 3044 129 3066 ι
146 3022 166 3070 lc
184 3039 236 3069 nom
250 3023 278 3068 de
286 3025 372 3083 peopte
386 3028 408 3069 et
426 3021 558 3085 s’appalleut
578 3037 606 3069 cu
627 3023 754 3085 particutier
769 3024 886 3082 Citopcsta,
903 3037 988 3068 comme
1001 3020 1136 3085 participans
1152 3021 1165 3065 t

119 3119 127 3140 ι
144 3099 253 3146 l’autoritt
267 3099 404 3162 souueraiue,
420 3103 443 3144 ct
451 3099 524 3156 cajeta
536 3112 621 3143 comme
634 3098 717 3145 mamis
737 3114 778 3145 eas
794 3098 838 3144 loir
852 3096 879 3145 de
893 3098 962 3145 l’ttar.
982 3118 991 3141 ι
1008 3100 1049 3144 Do
1063 3099 1165 3144 controct
1206 3126 1211 3135 ·

115 3176 188 3222 societ
202 3174 219 3220 l.
237 3174 261 3237 l,
278 3191 298 3221 c.
315 3176 338 3219 5.

164 3252 179 3297 2
195 3250 253 3297 Haec
279 3250 362 3298 ιιιεοιὶι
387 3248 447 3298 aliud
467 3266 512 3297 nou
528 3253 562 3298 eat
580 3248 700 3315 quidquam
716 3250 759 3299 uisi
775 3249 964 3315 protestantismue
985 3247 1058 3296 ordini
1077 3246 1165 3312 politico
1181 3258 1193 3275 ·

115 3326 244 3390 applicatus.
260 3327 367 3373 Audiatur
382 3327 452 3390 Stulet,
466 3328 530 3374 testie
543 3326 584 3374 trec
598 3328 623 3374 iu
639 3344 663 3375 re
676 3328 768 3378 minime
783 3332 904 3391 suspectus.
926 3347 935 3370 e
954 3328 983 3373 La
993 3326 1091 3373 llitorma
1107 3324 1165 3372 della

119 3425 127 3446 e
145 3403 222 3450 t'lsicaa
238 3402 274 3451 nel
288 3404 360 3450 secolo
374 3403 516 3451 docimoeceto
530 3420 620 3451 ιιιιιιιιι
635 3404 663 3450 ad
679 3418 710 3453 uu
726 3410 798 3467 tcnrpo
808 3419 883 3467 presso
898 3403 905 3449 i
921 3402 994 3466 pupuli
1009 3402 1072 3448 tutiui
1087 3400 1167 3448 suella

119 3500 128 3523 ι
145 3486 207 3543 parto
219 3480 331 3527 ritormata
348 3496 380 3526 uu
394 3485 499 3527 carattere
518 3480 686 3527 assolutamente
700 3480 797 3543 politico.
814 3480 853 3526 Sin
869 3479 905 3525 dal
919 3478 1028 3542 principio
1043 3477 1061 3523 ι’
1074 3476 1165 3538 inscqnd

118 3576 127 3599 ι
142 3557 200 3604 nella
209 3557 353 3604 Gostitsaioue
362 3556 421 3603 delta
431 3555 507 3603 Ctriesa
522 3562 599 3619 questa
614 3556 723 3604 dottriua:
740 3558 795 3621 clau,
812 3556 872 3620 ciet,
884 3553 977 3602 ucoudo
992 3570 1022 3601 un
1038 3552 1114 3600 ordine
1128 3552 1160 3598 di·

119 3651 129 3674 ι
146 3633 197 3679 rino
211 3633 348 3679 immutabile
364 3634 428 3690 (icere
443 3634 532 3689 dicim)
551 3631 573 3677 le
587 3648 722 3679 conruuaura
736 3632 855 3694 cristiana,
877 3631 970 3677 siccome
990 3629 1013 3676 Ιι
1032 3640 1166 3676 cumuuaoaa

120 3727 129 3750 a
147 3707 181 3755 de’
193 3710 260 3772 santi,
272 3708 345 3757 lasea
357 3723 420 3756 areae
434 3705 450 3752 il
461 3713 536 3770 potere
550 3722 652 3769 supremo
667 3708 725 3755 nelle
740 3723 789 3754 cose
805 3706 972 3754 ecclesiasticus.
989 3706 1006 3751 E
1023 3704 1041 3751 si
1051 3704 1109 3751 eudo
1120 3704 1164 3751 cosi

120 3801 129 3824 ι
148 3784 236 3830 innanzi
253 3786 277 3831 in
291 3785 365 3832 alcuni
380 3783 440 3847 parsi
455 3798 468 3829 e
488 3782 642 3846 speciatmeute
656 3782 711 3831 dunc
725 3783 747 3829 le
761 3786 845 3847 potcstt
860 3782 948 3846 politice
963 3780 981 3828 ai
996 3796 1108 3844 opponere
1122 3779 1165 3835 alla

120 3878 129 3901 ι
146 3858 235 3908 ritorma
249 3876 332 3925 oppure
346 3861 389 3907 alla
403 3858 500 3921 aiqnorie
514 3856 572 3907 atella
593 3859 727 3906 communiti
741 3858 904 3923 ecclesiastica,
920 3857 948 3905 da
964 3862 1074 3904 sosteneru
1088 3855 1128 3903 clae
1142 3856 1165 3917 tq

120 3954 130 3985 e
147 3936 280 4015 commppritp
296 3936 331 3992 ‹te'
342 3937 416 4016 panti³
431 3935 449 3983 il
463 3934 542 4011 popolo
561 3935 584 4005 di
598 3936 649 4005 oto,
664 3936 729 3990 abbia
744 3934 771 3990 tta
784 3935 816 3987 lui
831 3937 928 3991 cicorum
942 3933 959 3990 il
973 3949 1074 4013 ‘limittit
1090 3937 1167 4011 ι’θῑιῐι
