2767 4492
582 303 711 354 earnem-t
1134 293 1170 360 59

127 391 265 472 Diogenes
278 391 420 458 Zenonem
430 397 530 454 cenna
541 392 759 468 possibilitatem
769 395 864 452 motus
878 391 1054 468 loquentem,
1071 393 1170 454 mam·

129 479 258 542 omaudo
276 478 446 552 maintavit3
465 477 506 538 sio
523 475 662 538 libertatis
672 475 816 534 hnmanae
834 475 1047 552 impugnatores
1059 478 1171 539 retello·

128 582 159 626 re
181 565 301 640 quisque
321 563 423 638 poterit
442 561 619 622 contrarium
639 561 702 618 eius
729 559 805 634 quod
828 560 870 618 illi
890 561 996 621 uellent
1015 564 1169 635 operando.

128 651 217 724 utque
232 650 262 708 ld
282 648 358 724 quod
384 647 568 708 individualis
588 643 763 706 conscientia
783 649 921 720 testatur,
941 647 1111 708 universalis
1132 653 1173 708 to-

131 735 186 794 tius
203 733 318 807 generis
334 730 454 792 humani
474 730 625 790 consensio
645 729 804 788 confirmat.
821 727 894 796 Quid
914 729 991 788 enim
1006 731 1084 791 aliud
1105 739 1174 794 sunt

130 817 220 892 legas,
236 822 286 876 aut
300 816 441 876 bonorum
460 829 580 890 operum
599 813 698 872 laudes
717 819 766 872 aul
786 813 913 886 turpium
934 813 1171 892 vituperationem

131 901 201 978 quid
215 901 342 976 praemia
357 906 407 962 aut
421 914 530 972 poenae
541 913 592 972 pro
608 897 712 956 virtute
727 901 777 956 aut
786 896 855 956 vitio
870 896 946 970 apud
960 911 1060 956 omnes
1074 907 1173 972 gentos

132 987 193 1046 sive
206 985 298 1045 cultas
311 985 371 1045 slve
392 983 530 1042 barbaras
553 981 741 1055 constitutam
757 981 813 1040 nisi
834 980 950 1040 totidem
972 997 1054 1040 voces
1068 984 1174 1057 quibus

132 1071 292 1130 humanum
305 1084 396 1142 genus
420 1067 567 1126 acdouum
591 1065 754 1124 libertatem
768 1066 943 1139 proclamat?
957 1066 1017 1124 llon
1032 1066 1120 1139 igitur
1135 1083 1177 1140 ¹au

132 1155 249 1216 libertas
264 1154 309 1226 sit,
322 1152 397 1228 quod
412 1167 502 1227 perse
517 1158 607 1226 patet3
625 1151 676 1210 sed
685 1150 827 1224 quomodo
841 1149 879 1210 sit
894 1155 922 1209 et
936 1150 1011 1210 unde
1022 1151 1107 1210 ducat
1120 1153 1176 1212 ori·

132 1239 230 1314 ginem
245 1237 456 1312 philosophicae
472 1235 701 1309 investigationis
714 1239 758 1294 est
772 1234 929 1308 proprium.

170 1321 230 1388 Oua
243 1319 278 1378 de
292 1335 324 1378 re
338 1325 369 1377 ut
383 1318 491 1392 aliquid
505 1318 644 1390 ianuam,
660 1316 871 1376 observandum
885 1323 929 1376 est
942 1317 1082 1380 libertatis
1102 1319 1178 1380 radi·

134 1419 197 1462 cem
212 1402 242 1462 in
256 1402 365 1462 ratione
379 1402 464 1460 sitam
478 1417 550 1461 esse.
567 1401 638 1460 Nam
652 1415 719 1458 cum
735 1399 866 1459 uoluntas
890 1402 1025 1474 appetitio
1039 1404 1077 1462 sit
1090 1405 1178 1463 ratio·

91 1551 94 1558 ,
134 1487 217 1560 nolis,
233 1487 264 1546 in
278 1485 419 1546 obiectum
437 1486 524 1545 lertur
540 1490 623 1560 prout
637 1485 692 1558 ipsi
707 1484 848 1543 aratione
865 1486 1043 1560 proponitur.
1059 1487 1177 1556 Quoties

134 1573 230 1646 iraque
242 1573 314 1632 ratio
329 1571 467 1632 voluntati
482 1571 613 1646 proponit
626 1569 739 1630 obiecta
753 1569 965 1643 indifferentia,
980 1571 1119 1630 nimirum
1134 1579 1176 1631 ta·

133 1655 182 1729 lia,
198 1672 271 1731 quae
281 1671 334 1716 nec
345 1657 466 1715 felicitas
477 1657 534 1714 sint
547 1669 600 1714 nec
611 1669 678 1714 eum
688 1653 822 1713 felicitate
829 1655 989 1714 necessario
999 1655 1172 1730 iungentum

135 1746 229 1800 motus
244 1739 397 1800 voluntatis
416 1739 583 1799 iudillerens
604 1745 702 1798 manet
722 1739 817 1812 quoad
831 1738 881 1796 illa
896 1740 1054 1813 appetenda
1073 1739 1118 1798 uel
1136 1755 1180 1799 re·

136 1825 271 1900 spuendu.
288 1825 442 1898 Utrumque
458 1823 535 1882 euim
549 1839 566 1882 a
578 1824 689 1882 ratione
704 1823 848 1881 indicatur
861 1837 944 1896 posse
957 1822 1030 1895 beri,
1047 1829 1076 1883 et
1089 1825 1181 1883 uuin-

68 1965 72 1972 .
137 1925 193 1983 quc
206 1909 310 1970 obiecti
325 1909 447 1982 qualitas
461 1908 620 1982 appetitum
635 1907 753 1966 attrahit
763 1913 791 1966 et
800 1907 920 1980 repellit.
932 1907 1001 1967 Nam
1012 1923 1049 1966 ex
1059 1924 1093 1968 eo
1104 1907 1181 1982 quod

137 1993 168 2054 in
183 1992 292 2052 obiecto
307 1992 420 2052 bonitas
439 1991 536 2065 aliqua
556 1997 688 2066 apparet,
705 1991 844 2050 motivum
858 1991 939 2050 adest
953 1993 1119 2066 appetitioni
1133 2009 1182 2052 ex·

139 2077 269 2136 citandae
285 2076 435 2148 idoneum,
452 2091 489 2133 ex
505 2090 538 2142 eo
553 2081 649 2132 autem
664 2075 739 2148 quod
752 2075 866 2133 bonitas
881 2075 930 2132 illa
945 2075 1078 2134 linitaest
1088 2083 1116 2134 et
1130 2077 1181 2134 ali·

138 2176 195 2234 qua
209 2177 245 2219 ex
261 2165 339 2233 parte
354 2160 499 2230 deliciens,
516 2158 654 2218 voluntati
669 2159 836 2234 proponitur
852 2165 995 2234 umquam
1010 2175 1068 2219 nou
1083 2176 1181 2226 neces·

139 2243 223 2314 saria,
241 2249 269 2300 cl
283 2242 347 2302 tulis
361 2249 394 2301 ut
408 2243 509 2300 mento
524 2243 626 2310 omitti,
643 2248 680 2316 et,
696 2243 722 2301 si
737 2257 803 2302 cum
818 2243 894 2302 malo
908 2245 1100 2319 coniungitur,
1115 2245 1182 2304 odio

139 2327 225 2386 etiam
240 2325 340 2384 haberi
356 2327 452 2400 possit.
470 2325 542 2400 Ergo
557 2327 688 2384 voluntas
702 2326 733 2385 in
744 2326 884 2386 eiusmodi
898 2327 1181 2388 obiectanecessario

140 2409 208 2468 terri
223 2409 335 2484 nequit3
353 2425 386 2468 ac
399 2409 515 2484 proinde
524 2410 550 2470 si
561 2426 595 2470 ea
605 2410 693 2484 eligit,
706 2411 770 2470 ideo
784 2412 864 2485 eligit
873 2411 941 2486 qula
951 2413 987 2470 ad
998 2429 1086 2470 unam
1095 2413 1184 2554 opi!

140 2493 186 2552 nis
199 2499 309 2567 partem
325 2509 392 2568 prae
407 2493 463 2552 aliu
478 2509 508 2554 se
523 2494 643 2554 inclinat
664 2500 765 2568 sponte
780 2510 843 2554 sua.
861 2495 903 2552 Eu
917 2495 1028 2553 obiecto
1048 2495 1125 2552 euim
1165 2511 1182 2557 c

141 2579 281 2638 erutione
307 2579 449 2652 proposito
470 2579 548 2636 nrrllu
562 2578 592 2636 in
613 2579 706 2653 ipsam
730 2577 893 2637 necessaria
906 2577 1106 2637 determinatio
1120 2595 1184 2652 pro·

141 2661 290 2736 ficiscitur3
307 2662 449 2736 siquidem
462 2663 569 2722 nroliua
583 2678 656 2736 quae
671 2663 743 2720 torte
757 2662 837 2736 prins
851 2661 880 2723 in
892 2659 1095 2719 deliberatione
1105 2676 1185 2720 men·

144 2747 177 2804 tls
192 2747 431 2820 praeponderasse
446 2755 658 2821 supponuntur,
674 2745 818 2805 obiectum
835 2759 895 2802 non
908 2743 1111 2818 immutarunt,
1133 2746 1186 2804 sed

142 2835 174 2886 ut
185 2829 293 2888 bouum
309 2829 422 2888 linitum
436 2837 465 2888 et
479 2831 562 2888 nobis
577 2845 635 2887 nou
649 2829 845 2886 necessarium
859 2827 1046 2900 reliquerunt.

177 2909 304 2968 Libertas
319 2911 406 2983 igitur
420 2911 471 2968 dos
485 2912 625 2984 quaedum
641 2916 683 2968 est
698 2908 859 2981 uoluntatis,
873 2908 901 2967 vi
915 2907 997 2967 ciuus
1011 2910 1082 2970 baec
1096 2911 1187 2972 domi·

142 3009 181 3052 na
194 2993 318 3052 efficitur
333 3009 450 3052 suorum
468 2999 582 3052 actuum
598 2993 655 3066 sic,
672 3000 706 3050 ut
723 3007 772 3050 eos
786 3007 904 3052 exerere
918 2993 1008 3070 possit
1021 3000 1071 3055 ant
1091 3011 1185 3069 secus,

144 3084 193 3138 aut
207 3077 292 3136 etiam
309 3077 340 3134 iu
354 3077 511 3136 contrarios
525 3077 650 3136 flectere.

181 3161 225 3220 st.
241 3155 371 3219 ementur
382 3161 452 3220 binc
468 3167 498 3218 ut
512 3163 597 3220 bomo
608 3161 722 3236 proprie
737 3162 884 3221 ancmrsit
896 3162 1041 3224 aedanum
1055 3179 1188 3239 quassa·

145 3250 233 3318 ercet;
250 3252 335 3317 atque
349 3245 413 3304 ideo
432 3245 469 3303 ad
483 3246 578 3318 ipsum
592 3245 654 3304 iure
669 3245 791 3304 retertur
805 3247 880 3320 quod
891 3247 958 3306 illae
971 3255 1126 3308 exerantur
1140 3249 1188 3308 rel

144 3345 201 3390 non
217 3333 382 3387 exerantur.
398 3329 457 3388 Sub
472 3329 526 3388 boc
539 3335 670 3403 respectu
684 3328 757 3388 actio
772 3335 802 3388 et
815 3331 876 3390 elus
891 3331 1017 3405 omissio,
1029 3331 1188 3408 imputabi-

146 3415 185 3473 les
199 3413 341 3471 dicuntur.
359 3413 451 3481 Quare
473 3413 680 3488 imputabilitas
701 3415 824 3473 describi
839 3421 944 3487 potest:
961 3416 1118 3489 proprietas
1136 3415 1189 3474 illa

149 3501 177 3559 vi
192 3497 272 3557 cuius
287 3499 360 3555 actio
374 3503 424 3556 aut
438 3499 558 3557 audonis
571 3497 688 3558 omissio
701 3499 789 3558 alicui
803 3499 939 3558 tribuitur
960 3505 1107 3573 mmguam
1124 3515 1187 3574 pro·

147 3584 209 3658 prio
227 3583 334 3642 auctori
350 3589 378 3641 et
393 3597 505 3641 causae.
521 3583 606 3642 Porro
621 3583 847 3657 impatibilitatis
859 3583 1089 3657 tundamentum,
1104 3591 1189 3658 utex

148 3667 230 3724 dictis
245 3672 336 3741 patet,
352 3665 470 3725 libertas
491 3673 549 3740 est;
566 3681 599 3726 ac
614 3667 734 3742 proinde
748 3682 814 3726 cum
829 3667 894 3742 quis
907 3683 945 3728 ne
958 3667 1032 3728 actio
1046 3669 1189 3744 quaedam

148 3750 202 3824 ipsi
215 3751 480 3824 imputeturcavere
491 3750 607 3826 nititur,
622 3751 733 3811 nullam
747 3751 835 3810 aliam
853 3751 1067 3812 excusationem
1083 3752 1188 3814 affare

149 3833 228 3912 solet,
237 3833 386 3898 nisibeno:
399 3835 473 3916 quod
483 3833 596 3898 liberln
607 3835 856 3918 eaputrnudanou
866 3833 961 3904 tuerit.
972 3835 1043 3902 tam
1052 3836 1188 3926 quomod·
