2767 4492
225 7 323 85 J

232 331 286 393 tto
563 331 950 387 111111110101111111111

270 429 366 498 Quoad
380 429 501 488 alteram
515 426 711 486 difficultatem
726 425 761 482 de
775 423 913 482 libertatis
932 422 1059 494 iactura,
1075 431 1148 496 nego
1162 435 1280 497 prorsus

233 518 424 588 assumptum.
441 510 615 584 Principium
635 510 713 567 enim
733 509 804 567 illud
818 524 876 568 non
890 506 946 564 nisi
960 506 1015 564 hoe
1029 506 1171 566 affirmat:
1188 508 1280 582 posito

233 599 384 670 rationato,
400 590 563 671 ponendon‘r
577 609 640 652 esse
654 592 795 652 rationem
810 591 1008 650 sufficientem.
1026 591 1124 649 Utrum
1132 607 1215 666 -vero,
1231 609 1280 667 po·

234 684 289 743 sita
303 683 413 740 ratione
429 678 601 750 sufficienti,
618 677 721 735 debeat
738 676 805 750 poni
826 691 862 733 an
878 673 966 749 possit
980 674 1067 733 etiam
1080 690 1138 733 non
1152 676 1219 749 poni
1236 692 1280 736 ra·

186 803 195 814 ·
234 769 390 840 donatum,
406 765 436 824 id
451 781 487 822 ex
501 779 535 823 eo
548 763 652 837 pendet
666 761 742 835 quod
755 761 827 819 ratio
842 759 891 818 iila
905 758 1067 818 necessaria
1077 759 1167 818 situel
1177 759 1277 821 libera.

235 853 264 923 Si
276 852 355 911 enim
369 849 530 910 necessaria
543 854 595 915 est,
612 846 784 904 rationatum
800 844 959 904 necessario
974 844 1107 918 ponitnr3
1125 850 1223 904 contra
1233 862 1282 906 re

234 952 266 995 ro
281 937 305 995 si
321 941 363 994 est
376 934 475 992 libera.
492 931 570 991 Unde
587 930 741 1004 propositio
760 930 866 988 istaec:
883 929 975 1002 posita
995 929 1104 987 ratione
1126 930 1280 990 sufficienti

232 1020 300 1095 poni
315 1019 400 1077 debet
414 1018 599 1082 rationatnm,
616 1014 816 1088 distinguenda
832 1018 874 1072 est
888 1013 942 1071 hoe
957 1019 1058 1086 pacto:
1075 1013 1100 1072 si
1113 1013 1185 1072 ratio
1201 1015 1278 1074 sufii-

233 1105 313 1163 ciens
333 1105 370 1163 sit
388 1119 474 1162 eausa
493 1100 654 1159 necessaria
672 1099 768 1172 quoad
785 1099 957 1157 rationatum
973 1097 1157 1172 ponendum,
1177 1114 1253 1158 00110.
1268 1119 1279 1171 ,·

233 1189 279 1249 sin
293 1189 393 1261 libera,
410 1202 491 1260 rtcpo.

267 1275 323 1332 Nee
338 1288 404 1331 uero
418 1272 504 1331 instet
519 1269 672 1343 Begneiin,
690 1269 715 1327 si
730 1269 770 1328 ita
784 1269 875 1340 foret,
892 1268 951 1327 ianr
972 1268 1111 1326 rationem
1126 1267 1205 1326 illam
1220 1283 1278 1328 non

232 1372 294 1417 esse
310 1356 432 1431 amplius
447 1354 652 1426 sufficientem,
669 1359 819 1427 propterea
833 1353 908 1427 quod
923 1352 1016 1410 eidem
1031 1353 1141 1412 deesset
1159 1352 1276 1426 aliquid,

231 1442 308 1514 qrrod
321 1441 358 1498 ad
371 1439 542 1497 rationotum
557 1438 721 1513 ponendum
736 1437 906 1510 exquiritur.
923 1437 992 1496 darn
1007 1451 1074 1495 cum
1087 1438 1122 1495 de
1138 1437 1231 1494 causis
1246 1436 1279 1494 li-

229 1526 307 1585 beris
317 1526 418 1599 agitur,
430 1525 485 1583 hae
494 1540 553 1583 non
563 1525 626 1583 ideo
640 1523 676 1581 ab
691 1522 833 1596 operando
844 1521 996 1595 abstinent,
1010 1523 1077 1596 quia
1087 1522 1278 1595 complemen-

232 1615 259 1669 to
275 1610 369 1684 aliquo
386 1614 493 1681 carent,
509 1609 559 1666 sed
574 1606 709 1682 quoniam
724 1607 830 1666 liberae
845 1607 876 1664 in
891 1608 999 1680 agendo
1014 1611 1089 1678 sunt,
1106 1606 1278 1665 rationatum

232 1700 352 1768 possunt
364 1708 470 1767 ponere
485 1693 529 1750 vel
544 1707 601 1751 non
611 1706 724 1766 ponere
739 1707 777 1749 011
792 1691 905 1749 interna
917 1691 975 1750 sibi
988 1692 1092 1770 virtute
1108 1696 1194 1764 atque
1209 1691 1278 1750 aeti-

231 1779 328 1851 vitate,
344 1778 414 1850 quin
427 1777 519 1834 ullum
537 1776 579 1836 eis
594 1776 836 1849 complementum
855 1774 936 1834 desit.
954 1775 999 1834 Sic
1018 1773 1121 1833 accidit
1138 1775 1278 1834 voluntati

230 1863 384 1934 hnmanae,
397 1861 491 1934 quoad
505 1865 585 1920 actus
599 1861 705 1920 liberos
716 1859 883 1919 exerendos.
896 1859 935 1917 dd
945 1865 1113 1932 conceptum
1129 1865 1223 1918 autem
1234 1875 1278 1920 ra·

232 1946 317 2005 tionis
327 1947 495 2005 sufficientis
504 1946 607 2021 oppido
619 1946 738 2018 suffieit,
751 1951 782 2004 ut
793 1945 962 2018 completam
974 1945 1031 2002 rim
1041 1943 1144 2002 habeat
1153 1945 1278 2018 ponendi

231 2032 421 2104 rationatnm;
437 2031 503 2091 iicet
517 2031 688 2104 aliqnando,
707 2031 775 2104 quia
788 2030 879 2089 libera
894 2035 952 2103 est,
969 2031 1140 2089 rationatum
1155 2045 1213 2088 non
1226 2045 1277 2102 po-

231 2121 292 2174 nat.
307 2116 412 2174 Verum
426 2115 461 2175 de
474 2116 530 2174 hae
543 2130 593 2188 re,
609 2130 676 2175 eum
696 2115 730 2173 de
749 2114 879 2174 libertate
896 2129 1031 2189 agemus,
1047 2113 1139 2196 fusius
1154 2113 1208 2173 erit
1221 2113 1278 2173 dis

233 2198 395 2259 serendum.
414 2219 419 2226 ·

644 2372 813 2433 inmensus
832 2373 875 2433 lt.

273 2602 276 2606 .
309 2569 312 2578 ·
365 2546 466 2606 ductii
481 2546 595 2607 iudicio
607 2544 770 2620 spartariae
786 2546 917 2621 upripri
930 2546 1140 2622 repudiantur.

266 2714 311 2772 80.
328 2714 478 2775 Criticismi
493 2715 748 2775 transcendentalis
773 2721 869 2775 auctor
884 2716 957 2774 itant
975 2730 1049 2774 noun
1063 2713 1189 2774 obtrudit
1200 2713 1276 2773 iudi·

231 2798 284 2872 oia,
302 2815 374 2873 quae
388 2801 552 2876 sputheticu
567 2817 587 2858 0
599 2802 699 2876 priori
714 2801 850 2873 nominat,
867 2801 970 2874 quihus
985 2799 1074 2858 vetuti
1089 2799 1276 2857 fundamento

230 2883 378 2958 firmisque
392 2884 524 2957 nexibus,
541 2891 615 2943 totus
629 2890 808 2958 quantusque
824 2889 876 2957 est,
889 2883 1085 2942 detestabilem
1100 2898 1183 2941 snum
1197 2882 1275 2940 idea-

229 2969 346 3028 lismum
361 2970 559 3043 superstruxit.
573 2970 694 3028 Maxime
709 2970 796 3044 igitur
811 2969 928 3028 interest
938 2967 1125 3026 noramhanc
1141 2972 1169 3024 et
1182 2981 1277 3039 raper-

232 3056 290 3111 tnm
304 3055 461 3112 doctrinam
475 3055 510 3112 de
524 3055 618 3113 medio
633 3055 780 3128 repellere,
798 3069 871 3128 quae
885 3059 973 3111 totam
987 3052 1112 3111 hominis
1126 3051 1278 3109 seientiam

229 3139 266 3196 nd
280 3154 398 3197 caecum
413 3140 566 3212 quemdam
582 3139 751 3204 instinctum
766 3139 844 3198 01111
854 3138 996 3196 euidentia
1010 3137 1176 3196 destitutum
1191 3135 1275 3193 redu-

230 3228 315 3281 ceret.
339 3222 485 3297 Sedprius
499 3224 594 3282 Kantii
610 3219 780 3282 sententiam
795 3227 824 3280 et
839 3236 1003 3296 processum
1018 3221 1183 3279 innuamus.

264 3306 316 3365 Hic
330 3307 425 3380 itaque
435 3319 486 3380 par
496 3307 625 3365 criticam
635 3306 911 3366 transcendentalem
925 3306 1097 3378 investigare
1111 3310 1141 3362 et
1155 3303 1277 3361 definire

228 3392 390 3464 praestituit
404 3392 506 3464 fontes,
520 3392 660 3464 originem
674 3397 703 3449 et
717 3390 823 3449 limites
836 3391 954 3450 rationis
969 3406 1067 3464 purae,
1086 3406 1136 3447 seu
1151 3387 1277 3446 elemen-

230 3480 324 3536 torum
339 3476 524 3549 cognitionis,
543 3491 615 3548 quiae
632 3475 667 3532 ab
683 3474 861 3548 experientia
876 3489 933 3533 non
948 3475 1053 3548 pendet
1068 3476 1093 3530 ⁴.
1109 3470 1277 3531 Huiusmodi

232 3559 372 3633 analysim
386 3560 522 3634 periinere
532 3559 654 3617 intendit
663 3574 715 3632 per
725 3559 916 3630 coguitionem
929 3556 1212 3628 transcendentalem,
1225 3570 1279 3613 seu

232 3656 322 3714 uuae,
338 3658 396 3700 non
411 3649 470 3700 tam
484 3643 519 3700 de
533 3642 650 3700 obiectis
666 3641 804 3715 (quornm
821 3641 981 3700 realitatem
999 3647 1029 3700 nt
1043 3641 1132 3699 menti
1147 3640 1278 3697 inacces-

232 3737 294 3782 sam
307 3730 336 3783 et
348 3741 463 3798 prorsus
477 3725 651 3798 incognitam
664 3724 889 3799 praetermittit),
906 3741 992 3800 qnam
1005 3726 1099 3800 potius
1114 3725 1276 3796 occupetur

203 3917 209 3926 ·
239 3924 243 3931 ·
276 3903 289 3951 1
307 3905 398 3953 critico
413 3908 520 3956 1101101111
532 3920 609 3966 purae
624 3921 655 3957 ax
669 3909 775 3958 versione
789 3906 911 3956 Gorraon.
930 3907 1002 3954 Boou.
