2767 4492
261 291 298 352 aa
705 291 866 346 namma

261 389 335 456 titat,
359 384 472 463 singula
489 381 640 461 complecti
654 383 739 444 debet
752 385 841 444 veluti
856 382 999 459 quaedam
1020 377 1114 443 forma
1134 379 1291 442 comminis.

262 475 333 534 Hinc
348 475 490 534 enascitur
509 487 637 532 summae
663 470 851 546 simplicitatis
874 470 1048 543 necessitas3
1065 468 1214 544 siquidem,
1227 468 1295 527 utin

261 559 364 633 bogica
382 559 555 633 explicatum
568 563 620 629 est,
632 571 688 631 quo
699 556 861 630 generalius
880 561 926 616 est
939 555 1058 629 aliquid,
1075 570 1109 614 eo
1124 553 1223 613 maiori
1234 553 1295 612 sim·

261 645 385 719 plicitate
396 645 509 718 gaudet.
520 642 648 716 Denique
663 657 776 715 semper
785 641 986 716 obligatorium
1000 646 1057 714 est;
1073 645 1220 714 propterea
1228 637 1295 712 qnod

261 730 438 788 immutabile
463 729 636 788 elementum
650 726 795 801 exprimit,
812 726 888 802 quod
904 726 936 785 in
954 725 1057 786 ceteris
1075 723 1209 785 omnibns
1221 739 1295 798 prae·

261 816 349 890 ceptis
368 814 526 889 reperitur,
550 819 704 886 utcumque
728 827 829 870 eornm
849 810 974 870 materia
993 811 1134 884 varietur3
1150 825 1210 882 seu,
1225 809 1296 883 qnod

213 972 216 980 ‚
262 901 337 960 idem
352 907 441 972 sonat,
462 899 611 958 formalem
626 898 768 956 rationem
781 897 922 972 proponit,
933 912 971 956 en
982 911 1039 970 qaia
1052 896 1189 970 implicite
1204 894 1296 953 saltem

261 1000 417 1057 moremur,
442 985 510 1043 dnm
534 982 635 1042 ceteris
661 982 818 1056 praeceptis
846 981 1088 1055 obtemperamus.
1110 980 1201 1048 Ouare
1222 979 1296 1038 litut

261 1071 356 1130 omnia
371 1070 465 1130 ollicia
480 1086 514 1128 ex
531 1069 593 1142 ipso
608 1067 732 1126 derivari
747 1066 865 1140 possint.
928 1133 931 1137 ,
1040 1131 1046 1142 ‚

295 1155 338 1216 60.
356 1155 397 1214 Ex
411 1155 456 1213 bis
470 1153 552 1212 facile
567 1153 703 1212 sternitur
709 1153 769 1232 ,iter
784 1153 820 1211 ad
836 1151 1020 1227 principium,
1035 1151 1112 1227 quod
1126 1152 1294 1226 qumnmus,

260 1241 484 1314 designandum
504 1240 554 1300 sed
573 1243 637 1298 ante
653 1239 857 1298 nonnullorum
870 1239 906 1298 dc
923 1238 979 1297 bac
993 1254 1025 1300 re
1046 1237 1195 1312 opiniones
1212 1237 1297 1297 dison

262 1327 373 1386 tiendae
389 1325 471 1384 nobis
487 1329 562 1384 sunt.

292 1415 381 1486 litque
396 1416 537 1470 ntearum
556 1410 675 1484 aliquas,
692 1424 768 1484 quae
781 1408 953 1470 celebriores
973 1408 1138 1477 extiterunt,
1154 1409 1295 1483 atingani,

258 1495 371 1558 liobbes
395 1499 447 1556 boc
466 1500 620 1570 proposuit,
636 1502 784 1570 tamqnam
804 1496 875 1555 iuris
895 1496 1033 1556 namralis
1054 1495 1182 1555 universi
1199 1494 1297 1570 princi·

258 1583 356 1656 pium:
379 1581 582 1657 quaerendum
604 1597 661 1640 esso
682 1597 800 1656 pacem,
826 1581 853 1639 si
872 1581 976 1640 hubert
995 1581 1104 1656 possit,
1121 1588 1176 1640 out
1198 1581 1226 1638 si
1241 1596 1299 1637 uon

253 1669 354 1743 possit,
378 1668 580 1742 conopuronctu
602 1683 658 1726 esso
677 1667 796 1726 cecilia
816 1663 891 1726 belii.
917 1667 1023 1725 Verum
1041 1667 1095 1726 boc
1112 1665 1228 1725 effatum
1243 1681 1297 1725 non

255 1754 339 1812 modo
365 1759 442 1812 caret
460 1751 679 1826 proprietatibus
699 1752 784 1826 paulo
800 1757 866 1810 ante
881 1752 1065 1824 enumeratis,
1086 1752 1135 1810 sed
1155 1752 1240 1809 etiam
1258 1751 1301 1809 sic

255 1837 472 1896 indeterminate
486 1835 661 1910 propositum
677 1838 840 1912 aprincipii
858 1836 975 1896 moralis
989 1837 1105 1897 notione
1118 1836 1223 1894 delicit.
1239 1836 1300 1896 Non

257 1922 335 1980 enim
353 1922 389 1980 ad
405 1937 498 1980 mores
513 1921 710 1986 informandus
727 1921 812 1995 valet,
829 1923 879 1980 sed
894 1938 985 1995 aeque
999 1923 1151 1980 honestum
1168 1936 1202 1980 ac
1216 1925 1301 1995 turpe

254 2007 400 2081 praecipit,
418 2006 504 2066 modo
529 2007 699 2066 alterutrum
718 2007 754 2066 ad
768 2023 870 2081 pacem
889 2008 935 2064 rel
953 2006 1061 2065 ballum
1084 2006 1142 2064 vim
1163 2006 1297 2065 conterat.

256 2092 325 2150 lum
351 2091 437 2150 etiam
460 2091 637 2150 teterrimum
659 2092 818 2166 egoismnm
841 2093 963 2166 inducit3
990 2108 1044 2151 nac
1063 2092 1099 2150 ad
1121 2091 1217 2152 officia
1233 2106 1298 2165 arga

255 2175 344 2236 ileum
359 2177 418 2250 ulla
433 2177 542 2237 ratione
558 2178 725 2237 deducenda
739 2178 828 2236 iuvat.

252 2300 258 2308 ·
289 2262 454 2321 Tbuniasius
470 2262 523 2322 boc
538 2263 613 2322 aliud
629 2264 764 2322 adstruit:
781 2264 919 2336 faciendo
933 2280 990 2324 estc
1003 2279 1080 2339 poue
1092 2263 1191 2323 vitam
1205 2261 1299 2322 bomi-

253 2347 300 2406 nis
318 2347 446 2406 reddunt
462 2357 488 2407 ct
502 2350 634 2408 mucione
650 2349 830 2408 diuturnum
845 2358 871 2408 ct
880 2350 1098 2424 summosam·
1108 2349 1234 2410 citanda
1248 2364 1302 2424 pu·

252 2432 326 2492 riter
339 2432 377 2491 iis
387 2433 528 2508 opposito.
540 2435 574 2491 lt
584 2434 607 2492 si
622 2434 662 2492 ita
677 2440 759 2507 esset,
771 2434 862 2493 multa
876 2435 1000 2494 bominis
1011 2435 1107 2494 cilicia
1121 2436 1300 2505 corruerent,

252 2519 363 2584 nunties
377 2535 427 2592 pro
443 2519 478 2578 iis
499 2519 653 2592 implendis
672 2519 849 2594 pauperiem,
872 2535 1035 2594 aerumnas,
1051 2519 1127 2593 odia,
1145 2524 1300 2591 tormenta,

251 2609 373 2662 mortem
388 2605 479 2678 ipsam
493 2604 592 2663 subire
607 2609 757 2678 oporteret.
825 2597 828 2605 ’

288 2689 476 2748 cumberland
492 2689 717 2748 truculentium
726 2707 798 2765 erpo
808 2707 907 2752 omues
917 2693 1047 2766 protulit3
1064 2707 1138 2767 quae
1151 2689 1241 2750 nimis
1255 2689 1307 2748 in-

252 2773 438 2833 determinata
451 2779 502 2846 est,
516 2779 544 2833 et
558 2775 594 2834 ad
608 2775 716 2835 bouum
727 2792 761 2836 ac
774 2779 884 2836 malurn
901 2778 983 2837 tacite
999 2776 1144 2836 transferri
1154 2780 1265 2850 posset.

287 2859 435 2918 Grotiuset
449 2859 847 2938 Pudeudoriluspriocipium
864 2863 1037 2922 socialitatis
1054 2863 1239 2932 induxerunt,
1250 2859 1309 2920 bu

250 2943 322 3002 mini
343 2943 481 3002 nimirum
504 2951 642 3018 qnantum
658 2947 688 3006 in
705 2948 767 3022 ipso
784 2953 827 3006 est
841 2949 988 3006 colendam
1004 2961 1067 3008 esse
1081 2953 1110 3004 et
1124 2945 1307 3004 servandam

250 3027 423 3090 societatem.
435 3029 492 3088 Hoc
504 3035 609 3103 autem,
619 3037 651 3090 ut
665 3033 786 3106 quisque
796 3032 882 3102 videt,
894 3032 1018 3106 primum
1034 3048 1096 3090 esse
1107 3036 1135 3088 et
1149 3029 1306 3088 universa·

251 3113 391 3173 lissimum
406 3118 525 3174 naturae
544 3121 727 3192 praeceptum
751 3117 871 3176 minime
885 3122 986 3191 potest,
1003 3131 1069 3176 cum
1089 3116 1206 3174 aliunde
1229 3129 1309 3188 pen-

250 3199 314 3258 deat
329 3215 382 3258 nec
396 3199 432 3258 ad
447 3199 544 3258 omnia
560 3201 746 3274 protendatur
759 3202 864 3261 cilicia.
877 3203 916 3260 lla
930 3203 1017 3276 enim,
1034 3217 1108 3276 (prae
1126 3202 1213 3259 bomo
1231 3214 1312 3272 erga

252 3283 378 3358 seipsum
396 3299 430 3342 ac
444 3284 625 3359 potissimum
648 3301 716 3360 erga
731 3286 822 3345 Qum
844 3292 990 3360 praestare
1006 3291 1129 3358 tenetur,
1147 3283 1314 3342 manifeste
1377 3322 1378 3327 η

249 3385 305 3428 non
322 3371 460 3443 cuntiuut3
481 3386 555 3444 quae
578 3370 703 3446 quidem,
725 3377 757 3431 ut
773 3373 832 3431 rite
854 3372 974 3431 advertit
994 3371 1177 3441 ileiueccius,
1202 3369 1314 3427 locum
1377 3396 1378 3399 ¹

249 3453 395 3525 baberent,
413 3454 524 3514 etiamsi
538 3457 623 3515 bomo
639 3457 715 3516 solus
730 3461 760 3516 et
777 3462 861 3516 extra
874 3473 991 3516 omnem
1008 3457 1174 3516 societatem
1193 3453 1316 3513 buma-
1377 3482 1378 3523 ,

249 3554 317 3598 nam
330 3542 418 3597 vitam
433 3545 529 3614 ageret
544 3543 569 3598 t,

264 3657 266 3660 -
283 3625 316 3682 lt
328 3641 395 3684 varo
409 3641 461 3684 nec
477 3625 548 3684 illud
563 3629 638 3701 quod
652 3629 700 3688 bic
714 3635 812 3690 unctor
825 3630 982 3705 substituit,
999 3644 1133 3690 amaran
1145 3641 1262 3702 nempe
1282 3627 1318 3700 ²,

145 3755 148 3766 .
248 3724 333 3782 quem
357 3711 459 3772 deinde
477 3713 582 3787 triplex
602 3715 746 3776 obiectum
765 3724 894 3792 spectare
908 3718 992 3778 dicit:
1008 3718 1112 3789 Dmm,
1131 3721 1319 3795 nosipsos,

180 3875 181 3878 Ἴ
292 3897 303 3945 l
323 3899 694 3966 normannicarum
709 3904 725 3954 l.
741 3907 766 3973 l,
782 3917 830 3970 cap.
847 3906 871 3972 d,
886 3906 913 3972 8.
928 3905 969 3958 rs.
1051 3941 1055 3947 ·

292 3974 307 4018 2
323 3975 405 4023 ruinam
419 3977 445 4038 p.
461 3979 501 4027 ra.
