2767 4492
534 242 609 290 raas
627 244 749 293 arram
1130 237 1165 302 pq

96 342 150 470 salas
170 341 298 404 semper
314 328 353 389 ab
372 327 469 404 aliqua
486 327 658 402 generaliori
682 331 842 404 praemissa
861 345 944 394 suam
963 333 1168 398 deductionem

96 429 114 472 e
128 428 225 474 rcere.

484 584 719 645 Anrrcuuus
746 586 798 646 lll.
885 549 891 562 ’

520 753 559 812 lle
577 755 762 814 auctoritate.

131 923 187 981 51.
204 921 319 994 Plura,
335 935 409 996 qrrae
423 924 537 998 captum
550 929 681 998 postmm
695 928 850 1001 superant,
868 929 913 988 rel
935 929 1063 990 locorum
1078 931 1165 992 disso-

89 1006 193 1064 ciatio
206 1012 266 1080 aut
282 1011 438 1080 temporum
452 1009 550 1082 lapsus
563 1010 647 1068 nobis
661 1010 791 1068 absentia
806 1010 882 1082 lacit,
899 1013 971 1072 scire
983 1015 1097 1074 aliunde
1109 1031 1165 1076 nou

88 1105 288 1164 possumus,
307 1090 363 1150 nisi
379 1107 416 1150 ex
430 1093 573 1165 aliorum,
596 1095 645 1166 qui
660 1110 695 1152 ea
711 1095 864 1168 noverint,
883 1097 1050 1157 testimonio.
1073 1099 1164 1166 Quare

89 1174 191 1234 insita
206 1175 297 1236 nobis
313 1190 330 1233 a
344 1181 447 1234 natura
461 1181 506 1236 est
520 1178 671 1249 propensio
685 1179 828 1250 quaedam
848 1179 883 1236 ad
898 1181 985 1238 tidem
999 1183 1101 1240 ceteris
1115 1183 1164 1242 lro·

90 1259 242 1318 minibus
258 1259 441 1330 habendam,
457 1260 499 1318 ita
517 1265 550 1316 ut
563 1260 599 1316 de
613 1260 718 1332 rebus,
736 1277 837 1334 quaea
851 1264 1006 1322 scientibus
1020 1267 1167 1338 gravibus-

90 1358 159 1415 que
174 1343 260 1400 viris
273 1349 453 1413 enarrentur,
470 1341 589 1400 fidentia
597 1343 739 1414 quaedam
754 1359 787 1402 ac
802 1345 885 1403 firma
902 1347 992 1404 animi
1006 1348 1122 1408 conlisio
1137 1351 1169 1408 in

88 1425 192 1484 nobis
212 1431 356 1497 emergat.
372 1425 411 1482 lle
425 1425 480 1482 bac
496 1425 579 1484 tertia
594 1426 783 1500 acquirendae
798 1427 968 1502 cognitionis
982 1430 1029 1488 via
1042 1431 1073 1488 in
1088 1447 1169 1505 pree-

92 1525 173 1568 sens
190 1509 331 1567 dicemus
345 1508 479 1576 breviter,
494 1509 643 1582 ipsamque
658 1510 688 1567 in
704 1511 787 1569 certis
798 1527 895 1570 rerum
911 1512 1052 1572 adiunctis
1067 1515 1103 1572 ad
1113 1515 1169 1588 ple·

92 1609 172 1654 nam
189 1592 401 1653 cerlimdineur
415 1609 468 1651 nos
478 1593 619 1652 adducere
629 1599 796 1654 statuemus.
810 1595 864 1654 Sed
874 1601 940 1656 ante
955 1596 1092 1658 claritatis
1107 1614 1170 1674 gra-

97 1679 141 1737 tia
155 1692 273 1752 pauca,
291 1693 365 1751 quae
379 1677 436 1736 hue
450 1676 569 1751 faciunt,
586 1678 756 1752 explicanda
771 1686 846 1740 sunt.

136 1763 239 1822 Testis
254 1763 280 1822 is
294 1762 406 1831 dicitur,
418 1764 468 1835 qui
478 1763 587 1838 aliquid
603 1769 749 1836 tamquam
764 1781 781 1822 a
796 1781 826 1824 se
842 1765 987 1840 cognitum
1001 1767 1084 1826 alteri
1098 1784 1167 1842 quo·

97 1862 236 1920 eumque
257 1847 338 1920 signo
358 1849 536 1920 manilestat3
560 1855 604 1920 et,
624 1864 691 1908 cum
711 1850 746 1908 de
761 1849 843 1910 lactis
861 1850 973 1924 agitur,
994 1867 1056 1911 esse
1074 1857 1167 1927 potest

95 1932 146 1989 rel
161 1934 319 2004 coartatus,
336 1931 361 1990 si
375 1948 438 1992 rem
452 1932 573 2006 propriis
587 1933 677 1992 oculis
692 1935 855 2008 usurpavit3
872 1935 917 1992 rel
934 1935 1073 2010 auritus,
1090 1937 1113 1996 si
1128 1954 1166 1996 ex

98 2015 232 2075 aliorum
250 2018 362 2090 excepit
376 2018 548 2076 narratione.
571 2019 648 2098 llctio
663 2035 750 2092 vero,
768 2035 824 2093 qua
838 2035 900 2078 rem
916 2024 1049 2094 testatur,
1068 2023 1166 2098 testifi-

96 2101 180 2158 catio
201 2100 257 2160 rel
275 2100 476 2160 testimouium
491 2101 603 2160 dicitur.
629 2103 677 2162 llis
697 2103 842 2177 denique,
871 2118 957 2176 quam
974 2105 1167 2162 testimonium

96 2183 203 2257 babet,
221 2200 278 2244 seu
292 2186 387 2258 ipsum
402 2185 596 2246 testimonium
605 2193 689 2260 prout
698 2187 725 2245 vi
736 2187 896 2261 praeditum
911 2193 953 2248 est
962 2203 1014 2248 nos
1031 2189 1164 2247 morendi

99 2269 139 2326 ad
150 2284 312 2330 assensum
326 2269 368 2328 rei
383 2276 516 2341 assertae,
529 2271 691 2330 auctoratus
703 2271 797 2343 audit;
817 2287 889 2345 quae
899 2271 996 2330 divina
1005 2288 1067 2330 esse
1076 2277 1167 2346 potest

98 2354 148 2412 vel
163 2355 311 2426 bumana,
327 2361 412 2427 prout
425 2355 499 2414 Deus
514 2354 559 2413 rel
574 2355 660 2415 bomo
675 2355 781 2429 estqui
799 2361 924 2414 testatur.
956 2393 960 2402 -

138 2439 214 2498 Cum
243 2438 437 2499 testimonium
455 2444 578 2512 nequeat
599 2440 636 2498 ed
660 2455 809 2500 mausum
823 2439 990 2512 impellere,
1010 2437 1067 2496 nisi
1088 2439 1166 2497 testis

101 2522 264 2586 manuam
278 2528 384 2582 certam
400 2523 505 2584 babeat
518 2525 578 2597 rei,
598 2538 687 2597 quarn
703 2531 831 2596 enarrat,
849 2528 877 2582 et
892 2537 980 2580 verax
995 2521 1026 2579 in
1047 2521 1167 2581 dicendo

102 2607 156 2680 sit;
174 2603 219 2668 ex'
233 2608 353 2666 scientia
368 2613 396 2667 et
411 2608 562 2671 veracitate
579 2607 657 2666 testis
672 2609 843 2678 auctoritas,
861 2623 948 2680 quarn
962 2606 1025 2666 eius
1041 2608 1165 2667 testimo-

102 2691 189 2752 nium
204 2691 315 2766 babet,
333 2692 522 2752 constituitur.
547 2693 608 2753 lam
622 2707 690 2750 vero
704 2692 858 2764 adhaesio,
881 2708 968 2766 quam
983 2690 1026 2750 rei
1041 2698 1165 2750 assertae

104 2776 284 2836 adhibemus
297 2782 412 2851 propter
425 2777 623 2836 auctoritatem
638 2776 784 2844 testantis,
806 2774 875 2846 [ades
889 2775 1013 2845 dicium,
1028 2790 1100 2846 quae
1116 2775 1164 2831 de·

104 2859 187 2920 finiri
202 2867 318 2935 posset:
335 2877 489 2932 assensus,
509 2876 565 2932 quo
583 2867 716 2916 tenemus
735 2871 805 2914 vera
822 2872 903 2926 esse,
924 2869 997 2926 quae
1012 2854 1163 2926 dicuntur,

103 2945 361 3018 propteruicentts
375 2944 582 3002 auctoritatem⁴
598 2940 650 2998 llic
665 2953 800 2996 assensus
813 2952 876 2994 esse
890 2942 982 3010 potest
999 2934 1047 2994 rel
1057 2942 1167 2996 tantum

105 3027 284 3101 probabilis,
300 3025 447 3083 raedam
461 3029 555 3080 certus
567 3067 574 3094 ,
590 3019 807 3096 prout'dubium
819 3033 902 3078 omne
916 3019 1043 3080 excludit
1057 3021 1102 3078 vel
1117 3020 1166 3079 ali·

106 3112 190 3186 quod
204 3109 350 3181 relinquit.
372 3107 426 3166 Sed
440 3107 578 3166 certitudo
593 3104 732 3163 eiusmodi
749 3119 806 3164 non
821 3105 927 3164 estnisi
942 3103 1071 3176 moralis,
1088 3105 1167 3180 quip

109 3211 147 3269 pe
163 3209 235 3254 curn
257 3207 314 3254 noo
327 3193 359 3252 in
381 3191 511 3252 absoluta
525 3193 566 3250 rei
586 3190 773 3266 necessitate,
795 3189 845 3250 sed
866 3189 898 3252 in
916 3188 1045 3264 legibus,
1062 3189 1166 3264 quibus

111 3295 211 3342 mores
226 3280 392 3343 testantium
405 3277 576 3352 dirimantur,
592 3275 730 3339 innitatur
744 3278 770 3336 ⁴.

159 3491 170 3536 l
191 3491 249 3538 ffino
264 3495 298 3538 est
312 3495 337 3538 at
353 3491 371 3538 ai
388 3488 449 3537 testis
464 3489 493 3535 ait
508 3488 632 3550 eiusmodi,
650 3493 675 3534 nt
690 3487 738 3534 eius
754 3485 847 3534 seientia
862 3457 1043 3548 0t⁰veriloqutum
1061 3501 1104 3532 non
1121 3485 1168 3549 laga

114 3565 187 3628 tllqua
200 3583 256 3630 qaas
271 3569 418 3630 operationem
438 3567 560 3629 gaborum,
576 3565 615 3612 sed
631 3564 757 3612 omnimoda
773 3564 867 3626 oppositi
883 3565 1028 3626 repugnantia
1044 3561 1165 3626 landetur3

115 3642 167 3688 tuac
182 3645 230 3690 aira
246 3643 395 3690 enimenim
409 3642 517 3691 indirecte
533 3642 610 3692 sdan
625 3639 779 3689 certitudinem
795 3642 853 3702 parit
868 3639 1046 3702 metaphysicanr.
1060 3639 1084 3684 ld
1094 3639 1168 3686 evenit

117 3712 145 3758 ds
157 3716 231 3764 divino
247 3719 389 3779 testimoni03
407 3732 458 3762 nam
474 3716 531 3777 quod
548 3718 606 3764 Deus
617 3717 691 3763 omnia
707 3716 770 3780 reiut,
787 3720 808 3764 at
819 3715 907 3763 mentiri
924 3721 1024 3779 aequom,
1037 3715 1067 3762 iu
1083 3719 1166 3762 eertum

119 3793 153 3833 eet
166 3797 191 3838 ut
204 3794 326 3857 oppositum
341 3793 431 3841 omniuo
446 3798 559 3854 repugnat.
