2767 4492
248 234 303 308 lli
576 247 969 300 murmuramus
1055 239 1059 244 ’

246 339 440 406 connectere?
452 337 494 399 lh
512 337 606 397 inutili
630 337 718 411 lgihrr
731 336 902 396 sansadonia
915 333 1081 397 delinitione
1101 339 1296 422 summutas

246 428 387 508 monsedo
401 426 495 502 potius
509 423 652 483 ohiectum
667 422 788 498 attingat
804 427 833 481 et
847 435 907 503 pua
918 422 1029 484 tadone
1042 435 1096 486 nos
1111 424 1148 487 sd
1163 425 1294 488 eiusdem

228 593 233 602 ⁸
246 513 456 595 perceptionem
470 509 622 576 transierat
636 508 851 584 investigemus.

745 679 791 743 lt.

372 851 714 934 deputationum
730 853 770 914 od
787 859 979 914 cutenorum
990 855 1169 917 otiosum

523 955 533 972 ·
563 939 705 1001 notitiam
717 955 770 1000 tros
786 940 980 1015 transferunt.

282 1116 326 1177 te.
349 1115 425 1174 lnter
447 1113 598 1189 peregrina
615 1113 792 1172 instauratae
806 1113 1004 1189 philosophiae
1026 1113 1145 1173 intenta
1157 1127 1216 1174 non
1230 1115 1295 1176 ulti·

243 1215 325 1262 mum
339 1199 434 1260 locum
448 1198 534 1257 hahet
549 1197 677 1272 quaestio
692 1195 728 1256 dc
740 1205 838 1273 ponta,
851 1202 883 1258 ut
892 1199 982 1272 aiunt,
996 1212 1052 1273 quo
1067 1213 1105 1257 ex
1119 1199 1243 1259 saihsto
1258 1199 1294 1258 ad

244 1287 387 1347 othotam
402 1283 570 1355 transimus,
587 1297 638 1340 seu
653 1297 710 1356 quo
726 1297 764 1342 ex
782 1284 1007 1357 sensationihus,
1024 1297 1095 1358 quas
1110 1297 1188 1342 mere
1202 1284 1295 1343 suhie·

243 1373 333 1431 siivas
345 1373 455 1444 putant,
468 1368 504 1426 ad
523 1367 725 1426 certitudinem
741 1369 911 1428 existentiae
921 1382 1082 1443 corporum,
1101 1384 1174 1442 quae
1184 1369 1294 1428 obiecta

243 1455 438 1516 sensationum
448 1457 524 1526 sunt,
538 1447 745 1526 progredimur.
763 1451 834 1512 llrnc
844 1454 880 1512 ad
890 1455 1043 1512 transitum
1057 1452 1135 1512 hunc
1145 1452 1291 1527 explican-

247 1539 316 1599 dum
336 1537 464 1613 plerique
488 1536 670 1611 hypothesim
686 1537 859 1612 imaginum
874 1539 1027 1612 induxere3
1044 1544 1185 1613 quatenus
1198 1538 1295 1597 existi·

245 1629 357 1684 merent
371 1621 558 1696 impressione
569 1621 747 1680 obiectorum
767 1622 909 1696 imagines
927 1623 1065 1694 quasdam
1080 1624 1111 1681 in
1122 1623 1296 1697 nohis-g‘gui

158 1749 160 1756 ·
245 1712 274 1768 et
289 1708 324 1766 ad
339 1707 489 1766 cerebrum
504 1707 607 1765 deferri
624 1707 764 1780 celeriter,
776 1723 849 1782 ques
864 1706 996 1782 proxime
1012 1709 1154 1780 attingens
1168 1709 1292 1780 animus,

248 1808 286 1852 ex
294 1799 332 1851 ‘ee
341 1793 521 1867 perceptione
532 1789 567 1849 ad
578 1795 699 1850 externa
709 1789 820 1851 obiecta
830 1791 1067 1868 deprehendenda
1076 1792 1231 1868 perteniat.
1247 1790 1298 1851 lle

249 1891 316 1936 rum
341 1877 510 1936 sententiam
531 1875 605 1933 hauc
623 1876 654 1932 in
676 1876 878 1935 commentitiis
900 1877 1061 1935 hahendam
1079 1891 1140 1935 esse
1160 1874 1297 1950 perlacile

244 1959 488 2022 animadvertitur.
509 1961 579 2018 Nam
599 1959 653 2018 hoc
678 1959 739 2019 loco
753 1967 859 2020 numen
878 1961 979 2036 imago
995 1967 1045 2020 aut
1057 1961 1177 2038 proptio
1191 1959 1296 2034 accipi·

244 2050 300 2119 tur,
318 2050 367 2104 aut
380 2045 586 2122 metaphorica.
609 2045 638 2104 Si
653 2045 791 2120 accipitur
809 2047 933 2122 proprie,
950 2051 1092 2120 quatenus
1107 2045 1249 2118 significet
1261 2041 1293 2103 fi·

244 2146 345 2206 guram
360 2131 485 2204 aliquam
500 2129 603 2188 obiecti
618 2130 649 2188 in
661 2131 787 2190 sensorio
802 2131 960 2205 depictam3
977 2131 1039 2189 eius
1054 2128 1164 2188 falsitas
1182 2127 1295 2188 euiden-

248 2215 360 2275 tissima
375 2219 427 2274 est.
444 2213 589 2274 Eiusmodi
604 2216 681 2273 enim
697 2216 838 2290 imagines
853 2217 884 2275 in
903 2223 1025 2291 quatuor
1038 2212 1180 2287 sensibus,
1201 2213 1297 2273 odora·

246 2301 278 2358 hr
303 2299 452 2371 nimirum,
469 2299 584 2371 olfactu,
603 2303 680 2357 tachr
701 2303 729 2358 et
743 2304 829 2374 gustu
846 2301 941 2359 nullae
966 2314 1083 2374 prorsus
1103 2300 1239 2357 existunt.
1255 2299 1296 2358 hn

242 2400 311 2444 reru
326 2385 390 2459 orris
405 2400 435 2444 se
450 2385 578 2458 cogitare
594 2399 677 2458 posse
692 2385 798 2444 dixerit
817 2385 938 2458 liguram
958 2385 1061 2459 odoris,
1078 2386 1200 2461 liguram
1219 2397 1298 2458 sapo

243 2469 293 2540 ris,
311 2467 434 2541 figuram
458 2469 521 2528 seui
536 2469 631 2542 gratis
652 2474 703 2528 aut
718 2471 803 2542 acuti,
821 2469 1004 2544 aliorumque
1018 2469 1133 2544 generis
1154 2467 1298 2528 eiusdem?

242 2553 364 2611 Prolarri
380 2554 496 2628 quidem
513 2555 566 2614 hae
583 2567 665 2612 voces
680 2555 744 2612 sine
760 2560 854 2614 mente
863 2560 995 2630 possunt,
1009 2559 1037 2613 at
1052 2553 1220 2628 congruenti
1234 2567 1296 2612 sen·

245 2636 335 2695 tentia
349 2637 499 2698 informari
513 2653 571 2697 nou
586 2643 715 2712 possunt.
732 2639 764 2698 lu
773 2639 838 2698 risu
855 2645 967 2699 mutum
981 2640 1077 2714 imago
1092 2638 1232 2713 qrraedam
1246 2654 1297 2697 ex·

243 2727 309 2796 stat,
327 2739 400 2796 quae
416 2723 543 2797 pingitur
558 2724 587 2782 iu
603 2725 697 2784 retina
711 2723 747 2783 ah
761 2725 849 2783 radiis
863 2725 946 2799 lucis,
963 2725 1014 2799 qui
1025 2725 1056 2782 iu
1067 2725 1149 2783 illam
1168 2738 1206 2782 ex
1220 2723 1295 2781 uhic-

244 2811 289 2866 eto
313 2807 525 2882 proficiscentes
551 2809 724 2884 impingunt.
751 2810 857 2868 lerum
877 2809 972 2884 imago
992 2809 1064 2868 haec
1090 2809 1127 2867 ad
1146 2805 1295 2868 cerebrum
1369 2850 1370 2879 ,

244 2893 400 2954 transmitti
411 2893 524 2966 nequit,
541 2899 691 2967 propterca
706 2894 782 2967 quod
797 2895 948 2954 cerebrum
963 2894 1027 2953 luce
1047 2894 1220 2962 destituitur,
1237 2892 1300 2951 sine

249 2990 311 3049 qua
325 2975 421 3049 imago
437 2993 496 3036 non
510 2977 646 3051 pingitur.
666 2979 723 3038 Nec
738 2995 844 3038 neruus
859 2979 978 3053 opticus,
994 2983 1091 3053 utpote
1101 2979 1151 3052 qui
1164 2977 1302 3054 opacitate

248 3059 365 3119 omuino
385 3062 503 3136 gaudet,
527 3063 564 3120 ad
585 3061 666 3136 illem
690 3063 930 3123 transvehendum
952 3069 995 3122 est
1019 3061 1148 3123 idoneus.
1170 3063 1301 3122 Ceterum

247 3148 358 3204 tanturn
370 3146 459 3219 abest,
471 3151 504 3204 ut
513 3146 627 3205 animus
636 3147 851 3222 imagunculam
862 3147 1079 3222 contempletur,
1090 3163 1197 3223 perque
1207 3147 1303 3220 ipsam

242 3227 387 3290 obiectum
413 3231 544 3304 attingat,
562 3236 594 3290 ut
609 3247 645 3290 ne
659 3233 791 3292 conscius
806 3233 922 3309 quidem
943 3232 1020 3292 illius
1035 3234 1071 3292 sit
1090 3233 1143 3290 etsi
1164 3233 1303 3291 accurata

246 3319 344 3374 utatur
355 3317 520 3398 attentione,
538 3331 628 3390 eaque
644 3333 661 3376 a
675 3317 795 3394 lleplero
808 3319 934 3393 primum
949 3315 1164 3377 detectaiuerit.
1177 3312 1218 3372 lu
1237 3328 1302 3372 rem
1364 3314 1366 3405 ,'

249 3399 343 3460 lictor
358 3401 478 3460 cousin:
499 3423 510 3452 u
528 3400 707 3462 conditiones
721 3403 776 3461 hae
792 3418 891 3462 omnes
907 3404 1087 3462 necessariae
1097 3403 1176 3472 suut,
1193 3396 1247 3457 sed
1257 3410 1302 3456 re·
1364 3406 1365 3435 t

251 3500 348 3544 ruera
372 3486 546 3546 conveniunt
570 3486 651 3560 ipsae
676 3489 707 3546 iu
723 3488 923 3562 phaenomena
947 3486 1118 3560 cognitionis
1142 3483 1306 3542 formarum
1363 3462 1364 3547 l

250 3568 450 3632 «obiectorum
465 3571 675 3630 externorum?
689 3571 765 3632 llihil
779 3573 904 3645 prolecto
923 3571 1029 3636 minus.
1046 3570 1188 3644 Principio
1202 3567 1306 3627 notitia
1362 3582 1363 3657 p

247 3671 260 3702 u
277 3650 410 3726 imaginis
430 3655 566 3716 inretina
592 3655 723 3730 depictae
739 3656 821 3731 louge
841 3657 979 3732 posterior
998 3655 1139 3734 quaedam
1155 3651 1307 3728 acquisitio
1360 3672 1362 3769 ⁴

249 3754 261 3786 ι
278 3739 323 3794 est
337 3737 529 3812 experientiae
539 3741 568 3802 e't
587 3741 789 3816 physiologiae.
806 3741 915 3803 Priores
929 3743 1070 3815 homines,
1086 3739 1136 3815 qui
1149 3738 1227 3798 certe
1238 3737 1307 3812 ligu-

258 3825 350 3883 srata
365 3838 483 3898 corpora
505 3831 571 3890 ante
587 3841 618 3887 se
633 3825 779 3894 obsecrari
795 3827 989 3903 crcfflderunt,
1005 3829 1146 3902 imagines
1160 3823 1193 3887 in
1214 3821 1309 3885 retina
