2767 4492
455 357 530 402 PARS
543 357 636 404 1³1th
644 373 656 385 ·
665 356 854 404 cosnoeodts

540 530 710 588 irmeneus
724 527 767 588 lll.

204 685 211 692 ’
274 698 422 758 roomo
436 700 557 773 eiusque
571 698 734 758 mamiato
748 697 888 770 insertum
902 713 963 756 ooo
979 713 1034 758 esse

556 784 752 844 conuincitur.

168 952 213 1012 10.
234 953 313 1022 Ouod
335 955 417 1013 nobis
439 956 585 1029 superiore
606 953 727 1014 articulo
742 957 804 1012 erat
817 955 1011 1030 propositum,
1032 953 1173 1014 mundum

131 1036 328 1096 discriminari
342 1054 459 1113 prorsus
473 1055 491 1097 a
504 1039 572 1111 lieo,
584 1039 663 1112 satis,
675 1044 708 1097 ut
717 1039 827 1112 opinor,
840 1055 877 1098 ex
891 1045 957 1098 ante
971 1039 1055 1098 dictis
1070 1038 1100 1097 in
1116 1053 1180 1113 por-

129 1121 239 1194 spicnis
259 1121 389 1182 babetur.
406 1123 440 1184 Ut
453 1124 551 1199 itaque
573 1124 655 1182 cuius
676 1121 848 1181 conditionis
866 1122 914 1182 ille
929 1123 966 1182 sit
979 1123 1083 1182 melino
1101 1127 1180 1196 pate-

129 1204 190 1278 fiat,
202 1221 389 1281 errorumque
404 1208 596 1266 discutiantur
609 1206 744 1279 nebulae3
764 1205 943 1280 probandum
957 1221 1035 1265 nunc
1044 1212 1179 1266 estmun·

129 1288 201 1347 dnm
216 1290 277 1348 sive
291 1291 320 1348 in
336 1306 368 1348 se
383 1291 444 1348 sive
458 1291 490 1348 in
504 1290 635 1361 materia,
648 1305 705 1362 quo
719 1294 839 1362 constat,
852 1304 910 1348 non
925 1303 988 1348 esse
1002 1289 1110 1362 aliquid
1125 1289 1178 1347 im·

127 1373 317 1447 productum3
335 1379 421 1447 atque
435 1374 500 1433 ideo
513 1372 670 1448 indiguisse
685 1374 781 1448 alique
796 1388 892 1446 causa,
904 1372 980 1432 unde
995 1372 1179 1431 existentiam

130 1458 283 1516 sortiretur
297 1461 323 1516 t.

166 1541 198 1598 ld
212 1548 307 1600 antem
328 1541 369 1600 ita
387 1557 450 1602 esse
469 1543 649 1619 apertissima
670 1543 744 1602 ratio
765 1547 794 1602 et
814 1543 916 1602 reritm
939 1543 1001 1617 ipse
1022 1542 1174 1602 convincit.

128 1624 203 1684 Nam
213 1626 238 1684 si
252 1627 377 1685 mundns
389 1627 488 1686 eiusre
502 1627 622 1686 materia
637 1627 745 1685 nullam
760 1641 877 1685 causum
892 1624 1060 1684 habuissent
1073 1631 1180 1684 essent·

130 1723 188 1782 qne
203 1725 254 1768 ens
268 1711 411 1784 quoddam
426 1711 580 1783 iniectum;
596 1711 722 1785 proiecto
738 1711 901 1770 extitissent
914 1715 1014 1785 sponte
1029 1725 1082 1768 sua
1098 1714 1179 1768 nant·

128 1808 252 1867 raeque,
268 1809 355 1868 qnam
366 1794 523 1869 possident,
539 1795 719 1854 necessitate.
738 1795 772 1852 b't
785 1794 863 1854 enim
878 1793 1121 1868 contralteguelin
1131 1793 1180 1852 do-

128 1879 352 1937 monstravimus
367 1880 400 1951 2,
416 1878 489 1938 nibil
509 1879 619 1952 turpius
643 1878 810 1953 philosopho
826 1883 882 1952 est,
898 1893 985 1952 quem
1000 1883 1032 1936 ut
1046 1877 1179 1952 opinetur

128 1975 213 2033 posse
227 1961 291 2020 lieri
305 1961 429 2035 aliquid,
447 1963 509 2020 sine
525 1962 584 2020 ulla
601 1977 699 2022 causa.
716 1961 808 2030 Quare
826 1961 964 2036 quidquid
979 1961 1099 2026 minime
1114 1977 1179 2036 pro-

129 2044 249 2103 ductum
266 2051 323 2116 est,
343 2059 394 2102 seu
410 2045 549 2119 quidquid
567 2045 607 2103 ita
620 2050 715 2104 exstat
735 2045 861 2104 utnulla
879 2059 1066 2118 causaeque
1081 2045 1179 2118 gigne·

129 2134 210 2186 retur
224 2127 349 2200 eguerit3
365 2127 394 2185 id
411 2127 473 2185 sine
485 2127 573 2186 dubio
589 2129 688 2202 nequit
702 2143 764 2187 esse
783 2128 951 2203 contingens
966 2129 1016 2188 sed
1031 2135 1179 2204 tamquam

129 2225 182 2269 ens
195 2210 390 2269 necessarium
405 2209 505 2269 baberi
519 2211 612 2270 debet.
625 2211 736 2271 Etenim
751 2213 776 2272 si
790 2227 873 2272 secus
882 2217 970 2286 esset,
987 2213 1177 2272 ratiotionem

128 2295 315 2354 induceretur
324 2294 387 2352 sine
400 2294 516 2354 ratione
529 2295 692 2370 sufficienti,
704 2296 841 2356 nimirum
854 2287 1053 2356 determinatio
1068 2297 1105 2354 ad
1119 2295 1179 2354 exi·

129 2380 265 2438 stentiam
278 2379 310 2437 in
328 2384 394 2436 ente
407 2378 471 2452 illo,
492 2379 554 2438 sine
567 2380 709 2454 probabili
724 2380 974 2440 determinationis
986 2395 1083 2438 censa.
1104 2379 1179 2438 llaec

128 2463 207 2521 enim
222 2461 261 2520 ab
275 2462 427 2536 eliorepeti
443 2470 620 2538 nonposset3
632 2465 775 2539 siqnidem
785 2481 847 2538 ens,
864 2462 1077 2537 demergitur,
1099 2477 1179 2522 une-

127 2550 206 2608 mine
216 2549 349 2624 progigni
360 2550 486 2623 lingitur.
499 2550 594 2609 liestat
608 2551 696 2624 igitur
711 2557 742 2610 ut
752 2553 824 2612 ratio
839 2551 888 2613 illa
897 2553 1041 2624 repetatur
1054 2548 1092 2608 ab
1106 2549 1180 2610 eius

127 2631 194 2691 dem
215 2634 291 2692 entis
316 2639 434 2708 natura3
455 2648 529 2708 quae
551 2635 670 2708 proinde
689 2635 913 2709 contingentiam
933 2652 951 2694 n
972 2652 1002 2695 se
1020 2641 1177 2709 respueret.

127 2715 232 2790 Nequit
242 2732 310 2790 ergo
320 2718 446 2776 mundus
460 2732 524 2776 esse
539 2733 592 2776 ens
606 2716 833 2790 imprudentum,
853 2719 922 2790 quin
937 2720 991 2777 ltoc
1005 2719 1067 2791 ipso
1077 2717 1114 2776 sit
1127 2732 1180 2775 eus

127 2800 340 2872 necessarium,
357 2816 409 2860 eeu
423 2807 527 2860 nutura
545 2815 598 2859 sua
611 2800 832 2858 determinatum
846 2800 882 2858 nd
897 2799 1087 2860 existentiam.

171 2945 182 2988 l
203 2943 287 2990 ldilitst
303 2941 356 2986 bsec
372 2941 501 3002 disceptatio
517 2945 593 2988 eontra
608 2956 646 2987 eos
662 2933 741 2990 omnes
754 2943 882 3005 generatim,
895 2944 932 3005 qui
947 2958 1083 3006 quiscumque
1096 2943 1181 2991 ratione

124 3018 242 3064 ιιιιιίειίιιιι
257 3021 369 3061 salernem
385 3021 406 3062 et
421 3030 467 3062 non
482 3016 610 3077 productam
626 3031 726 3077 poenae.
745 3019 776 3064 Er
792 3017 869 3064 borum
885 3035 976 3066 nurnero
992 3021 1124 3082 Leucippus,
1139 3021 1180 3064 lte-

125 3092 250 3153 moeritns,
268 3091 375 3153 Epicurus
391 3088 483 3137 iniectae
499 3095 582 3138 stemus
598 3098 711 3138 oeternum
728 3093 751 3139 in
769 3092 856 3140 intuito
872 3110 940 3142 renuo
954 3096 1070 3144 volitantes
1091 3094 1179 3140 sdstrn-

127 3167 226 3230 ιιιιιιιι,ι
242 3180 268 3213 es
284 3175 377 3228 qustum
392 3165 489 3212 iortnitis
504 3167 637 3214 coitionibus
652 3168 761 3216 mnndum
777 3169 835 3216 bunc
851 3172 964 3218 emersisse
980 3171 1022 3218 reti
1038 3174 1090 3216 suut
1106 3170 1177 3232 (vit.

126 3243 197 3290 hert.
215 3243 232 3288 l.
251 3243 265 3286 9
282 3246 304 3288 et
319 3241 369 3304 to).
388 3241 515 3290 Platorem
531 3242 634 3290 iniectam
649 3244 779 3308 materiem,
797 3245 835 3292 sesi
851 3247 896 3293 lieo
913 3246 1033 3293 subiectans
1049 3244 1151 3306 induxit3
1167 3259 1179 3289 ι

127 3331 169 3377 qno
186 3318 224 3364 ills
241 3333 286 3364 nou
301 3317 389 3379 quidem
405 3323 492 3380 oreste,
509 3318 548 3365 sed
564 3318 587 3364 in
604 3319 705 3366 ordinem
721 3325 806 3368 tuntum
823 3321 910 3368 retinete
926 3321 1010 3383 luerit,
1028 3336 1091 3382 segre
1107 3325 1180 3366 temen

127 3405 167 3438 nee
183 3399 290 3455 mentum
299 3393 382 3439 Artifex
393 3399 490 3456 cuperet,
502 3393 529 3440 ob
545 3396 649 3442 meterius
665 3395 754 3444 insitum
770 3397 914 3461 pervicaciam
929 3412 954 3444 so
970 3396 1057 3444 (lisinec
1072 3394 1180 3442 voluntati

128 3465 268 3516 obsistentem
284 3468 398 3515 melitium.
417 3469 458 3524 Qut
475 3469 571 3533 denique
584 3471 630 3520 sive
646 3472 758 3533 opinionis
774 3488 855 3536 errore,
868 3473 914 3520 sire
931 3488 955 3518 se
970 3471 1095 3518 ostentandi
1110 3471 1179 3530 gretie

129 3541 257 3590 etheismum
272 3544 364 3606 professi
381 3551 441 3606 sunt,
459 3546 572 3592 meusium
588 3563 600 3593 s
616 3563 640 3594 ss
656 3553 776 3595 exstantem
792 3548 968 3596 introduxerunt.
986 3547 1045 3602 tiseos
1061 3547 1118 3593 inter
1134 3547 1178 3592 im-

129 3617 298 3673 pudentissimus
319 3625 393 3665 unctor
413 3623 540 3682 Spstemstis
559 3627 651 3670 nstnrse
666 3623 765 3671 eamdem
780 3659 786 3686 ‚
804 3639 870 3687 quem
888 3623 940 3669 olim
957 3623 1077 3686 Epicurei,
1098 3623 1179 3670 recoxit

131 3691 245 3756 etenim,
256 3701 321 3756 etque
336 3695 368 3740 sie
383 3710 438 3758 opns
454 3711 518 3744 suunt
533 3697 678 3754 slucnbrsril,
689 3704 714 3745 nt
730 3699 790 3746 eliud
806 3714 883 3748 revers
897 3714 942 3744 non
959 3697 1042 3761 iecerit,
1060 3700 1104 3745 nisi
1120 3699 1178 3760 qnod

130 3768 206 3820 pedum
220 3769 314 3815 Lueretii
329 3769 425 3816 solutum
441 3772 538 3818 numeris
553 3773 692 3821 restitueret:
712 3779 735 3818 ut
751 3775 836 3834 egregie
852 3773 948 3820 ostendit
964 3773 1077 3822 Velsecebi
1093 3774 1116 3818 in
1134 3787 1176 3818 sn-

130 3850 166 3884 m
181 3855 258 3902 opere:
277 3847 311 3891 Le
325 3847 433 3904 Religion
444 3847 577 3894 vincite-ire.

175 3914 259 3966 erest.
277 3935 297 3964 r.
314 3920 338 3980 l,
355 3925 396 3966 ert.
416 3921 438 3970 ὅ.

932 4003 965 4069 2!
