2767 4492
427 281 503 330 ama
514 278 865 332 mnam-sermomou
1113 252 1169 328 'titi

126 373 217 446 Atque
226 365 256 429 id
264 367 393 429 maxime
402 383 558 428 consonum
569 373 612 427 est
626 369 781 428 conditioni
794 365 999 443 intelligentiae
1012 365 1167 441 humanae,

126 469 217 531 quae,
234 469 301 513 curn
315 453 397 512 linita
411 453 466 526 sit,
483 467 541 512 non
556 453 653 512 statim
667 453 764 512 omnia
778 464 851 526 quae
873 452 1045 527 cognoscere
1058 455 1165 526 potest,

124 540 219 614 primo
233 543 298 598 aeta
314 537 515 613 apprehendit·
532 537 582 596 sed
595 537 770 611 pedetentim
781 551 812 596 ss
826 536 996 610 quibusdam
1011 535 1097 595 veluti
1106 550 1169 612 gra·

124 623 210 683 dibus
225 622 261 681 ad
275 623 411 682 scientiae
426 622 629 697 perfectionem
644 619 768 681 adducit.

162 707 268 766 Deinde
283 721 350 765 eum
366 706 434 766 huic
449 705 535 766 etiam
550 706 686 767 relativae
704 704 860 780 cognitioni
878 704 1001 763 abactio
1014 703 1064 762 illa
1079 702 1168 778 appli-

127 795 225 864 catur,
242 790 424 850 distinctione
438 790 556 864 indiget.
573 791 644 851 liam
658 791 683 851 si
697 789 753 848 trac
773 787 1006 862 interpretatione
1020 793 1166 860 sumetur,

126 881 160 934 ut
175 874 244 934 ordo
262 875 431 948 cognitionis
450 876 621 950 respondere
639 874 742 934 debeat
759 873 853 933 ordini
870 887 968 931 rernm
987 872 1079 946 quoad
1096 871 1170 930 olic-

127 955 237 1018 ericam
253 958 483 1034 perceptionem,
500 963 640 1038 quatenus
655 958 733 1017 idem
747 957 816 1016 ordo
830 956 963 1030 cognosci
984 955 1101 1027 debeat,
1120 954 1169 1027 qui

127 1057 229 1120 reapse
243 1044 318 1102 inest
331 1044 362 1101 in
377 1044 473 1117 rebus,
493 1059 561 1103 vera
576 1048 618 1103 est
632 1043 801 1118 propositio·;
818 1046 848 1100 at
861 1041 932 1100 nihil
947 1039 1056 1100 auctori
1069 1038 1171 1097 suifra-

128 1133 220 1201 gatur.
238 1127 286 1186 Sin
301 1132 397 1187 eutem
407 1128 448 1186 ita
461 1127 629 1204 intelligitur
642 1127 799 1204 propositio
812 1125 871 1198 illa,
886 1129 920 1182 ut
932 1124 1061 1183 ordinem
1075 1123 1171 1196 cogni·

129 1211 215 1270 tionis
230 1211 446 1270 assimilandum
461 1212 530 1271 velit
543 1212 637 1271 ordini
651 1226 749 1270 rerum
763 1209 856 1285 quoad
875 1208 1066 1267 societiuom
1084 1206 1172 1282 optt-

127 1295 289 1365 eutioncm
312 1294 384 1353 laisa
398 1299 442 1353 est
462 1297 491 1353 et
505 1294 699 1370 experientiae
721 1309 807 1367 saepe
824 1292 1000 1352 mnnadictt.
1015 1292 1076 1352 lion
1093 1292 1171 1350 enim

127 1391 243 1451 semper
265 1378 455 1451 cognoscendi
470 1382 566 1452 actis,
583 1379 695 1438 obiecta
709 1379 805 1452 aliqua
828 1375 1031 1450 respicientes,
1049 1375 1172 1433 eundem

129 1475 294 1536 processum
309 1460 340 1519 in
355 1475 407 1520 sua
425 1462 523 1535 genesi
545 1466 677 1535 serrant,
700 1462 842 1536 quirigat
859 1460 890 1520 iu
907 1460 994 1518 rebus
1014 1459 1085 1534 ipsis
1099 1473 1172 1533 quae

131 1549 351 1619 cognoscuntur.
369 1543 430 1618 Sic,
447 1561 494 1604 ex.
510 1561 570 1620 ga,
590 1545 658 1606 licet
670 1549 750 1621 prius
773 1551 816 1605 εει
839 1545 899 1618 sol,
916 1559 1002 1619 quam
1016 1542 1068 1602 lur
1082 1543 1119 1602 ab
1140 1556 1173 1603 eo

129 1635 296 1706 propagata3
313 1631 419 1706 optime
434 1636 530 1692 tamen
548 1633 629 1714 prius
651 1631 778 1708 gignitur
801 1631 915 1692 intuitio
928 1630 1020 1704 lucie,
1037 1630 1171 1704 deinceps

133 1715 210 1776 solis.
226 1715 351 1790 Itemque
366 1716 432 1775 licet
445 1717 525 1792 prins
539 1717 576 1776 sit
589 1721 683 1792 pater,
700 1731 787 1792 quam
801 1715 894 1790 tilius3
912 1715 1018 1790 optime
1033 1713 1174 1773 tamenin

132 1799 292 1875 cognitione
306 1799 455 1874 utriusque
468 1802 617 1861 inversum
630 1802 686 1861 iter
700 1801 835 1874 habetur,
851 1806 880 1859 at
897 1801 977 1874 prius
995 1800 1174 1874 cognoscitur

7 1873 8 1902 ³
131 1883 216 1957 iilius,
231 1884 338 1943 deinde
348 1889 438 1959 pater.
455 1884 615 1945 Generatim
630 1885 697 1944 licet
710 1883 790 1960 prins
804 1883 862 1944 sint
875 1897 988 1957 causae,
1005 1898 1093 1957 quem
1107 1883 1174 1943 elie·

132 1972 207 2042 ctus3
225 1973 322 2027 temen
335 1967 366 2026 hi
380 1968 460 2042 prius
475 1970 668 2044 attinguntur,
687 1985 774 2044 quam
793 1967 875 2043 iliae3
892 1968 1035 2043 siquidem
1049 1983 1087 2027 ex
1106 1967 1174 2028 elie·

131 2057 231 2111 ctuum
244 2053 482 2127 contemplatione
496 2055 533 2112 ad
547 2054 713 2113 eorumdem
727 2054 869 2128 principia
888 2052 1045 2127 deaegenda
1062 2067 1175 2128 progne

131 2137 236 2196 ffimur.
255 2136 356 2205 Quidni
371 2139 458 2212 igitur
476 2138 617 2198 consimili
635 2139 755 2211 ratione,
773 2138 826 2197 etsi
841 2139 878 2198 sit
891 2139 971 2212 prius
985 2138 1070 2212 lleus,
1087 2152 1175 2212 quam

134 2224 191 2279 tota
204 2225 319 2295 natura;
337 2227 433 2281 tamen
447 2236 530 2280 mens
544 2222 669 2282 hominis
683 2222 759 2281 hauc
770 2227 855 2282 antea
865 2223 1080 2297 contempletur,
1096 2222 1174 2282 deiu-

132 2301 198 2378 csps
213 2305 320 2364 Deum?
334 2305 430 2380 Neque
439 2306 508 2365 hinc
522 2307 581 2366 alia
597 2307 727 2382 exsurgit
741 2306 859 2381 falsitas,
871 2307 955 2367 modo
964 2306 995 2367 id
1004 2309 1080 2382 quod
1094 2309 1175 2382 prius

136 2389 324 2463 cognoscitur,
336 2404 395 2449 non
409 2389 489 2466 prius
503 2405 566 2450 esse
580 2395 732 2465 asseratur,
748 2392 799 2451 sed
813 2393 982 2466 cognitionis
994 2407 1129 2465 processu
1143 2392 1175 2451 in

134 2485 168 2532 eo
181 2473 279 2533 ordine
292 2473 434 2535 obiectire
446 2473 607 2550 collocetur,
625 2491 712 2552 quem
726 2491 826 2550 reapse
843 2475 900 2551 ipsi
917 2479 1078 2548 competere
1091 2488 1175 2534 mens

135 2557 279 2632 perspicit.
885 2565 890 2572 ’
974 2567 1007 2599 '·

168 2641 202 2700 tlt
215 2642 320 2717 lnquit:
337 2643 362 2702 si
376 2643 416 2703 ite
431 2644 488 2714 liet,
506 2648 574 2705 tunc
588 2645 665 2705 notio
680 2645 732 2705 Dei
746 2659 783 2704 ex
796 2645 912 2704 notione
926 2645 1121 2705 ematururum
1135 2639 1175 2718 gi·

134 2726 246 2798 gnendn
260 2726 329 2800 erit3
341 2727 417 2800 quod
427 2733 486 2787 tem
499 2730 676 2804 impossibile
686 2734 739 2802 est,
751 2743 837 2801 quam
846 2727 937 2786 ileum
946 2742 984 2785 ex
997 2724 1084 2785 rebus
1099 2741 1175 2785 crea·

133 2807 168 2868 tis
180 2810 269 2882 gigni.

168 2893 251 2964 Resp.
277 2892 352 2949 Haec
374 2892 495 2952 obiectio
518 2895 550 2952 in
574 2885 670 2952 cresse
695 2892 819 2966 quadam
841 2893 952 2952 mdone
975 2892 1113 2951 fundetur
1130 2893 1175 2952 in·

133 2973 279 3045 telligandi
290 2973 510 3035 abstractionem
523 2977 663 3036 idearum.
677 2975 815 3035 subaudit
825 2978 903 3036 enim
912 2983 1046 3052 mentam,
1061 2978 1174 3054 qnando

133 3058 230 3117 ideam
244 3055 369 3130 alianam
384 3073 402 3117 a
415 3059 665 3133 rebusahstrehit,
679 3059 761 3133 quasi
775 3062 956 3135 superficiem
971 3064 1124 3137 quamdam
1139 3061 1176 3120 al)

132 3141 190 3202 iilis
204 3142 365 3218 decerpere,
377 3157 451 3217 quae
465 3143 599 3220 deinceps
613 3142 804 3203 diversimode
818 3144 962 3206 elaborata
977 3147 1041 3206 aliis
1056 3145 1176 3206 obiectis

133 3225 299 3304 applicetu.
317 3225 370 3299 Qui
384 3229 538 3288 materialis
557 3227 737 3304 concipiendi
751 3222 852 3289 modus
866 3228 1056 3305 perridiculus
1070 3234 1132 3302 εει,
1148 3231 1177 3288 ει

134 3313 282 3372 arenata
297 3311 417 3373 alienus.
432 3313 588 3374 Absuamio
610 3313 687 3375 enim
703 3313 735 3374 in
749 3311 803 3374 hoc
825 3318 974 3378 exercetur
997 3314 1073 3388 quod
1094 3328 1177 3374 mens

135 3395 171 3456 ab
185 3396 296 3458 obiecto
310 3397 487 3460 conditones
501 3414 602 3460 omues
616 3399 772 3474 praesidat,
788 3398 893 3474 quintu
907 3399 988 3472 illud,
1002 3398 1177 3474 proutreale

134 3483 163 3540 et
172 3486 337 3542 concretum
346 3487 399 3557 est,
410 3483 548 3560 elicitum
560 3488 645 3559 atqua
659 3482 767 3544 idcirco
781 3483 979 3559 qoidditotem
993 3484 1118 3558 aliquam
1127 3483 1177 3542 ah·

135 3563 234 3624 solute·
243 3567 394 3642 concipiat.
410 3569 487 3630 ilaec
501 3573 598 3630 eutem
610 3570 774 3645 qtddditas,
792 3569 846 3628 troc
860 3570 923 3643 ipso
937 3569 1014 3642 quod
1035 3567 1177 3628 ειιειεεειε

134 3651 193 3718 εει,
209 3648 340 3709 lemnon
354 3652 477 3726 amplius
492 3653 605 3728 adres,
622 3669 659 3713 ex
674 3653 779 3728 quibus
799 3653 942 3712 abstracta
955 3657 1017 3726 εει,
1032 3653 1174 3728 retertur3

135 3730 185 3787 ssd
194 3731 340 3806 tamquam
349 3735 529 3812 intelligibile
538 3737 681 3812 quoddam
689 3753 742 3813 per
751 3752 782 3796 se
791 3743 820 3796 et
829 3739 860 3796 in
871 3737 1093 3812 chmecteribus,
1105 3752 1176 3812 quos

7 3849 8 3854 =
136 3811 274 3889 mauolt,
292 3821 405 3884 anum
423 3819 584 3897 inspicitur.
601 3823 686 3888 Posse
701 3826 797 3886 auem
819 3827 948 3889 mentun
967 3821 1176 3889 hominemex
