2767 4492
533 301 742 372 subsecuisse
1121 287 1158 347 dd

103 379 230 446 ιιιιιιιιιι
250 381 426 458 affectionis,
441 385 496 444 alia
509 384 704 459 indigeremus
717 384 910 457 conscientia;
927 387 956 442 et
970 397 1022 458 pro
1037 383 1094 441 bac
1108 384 1159 442 ite

102 485 173 528 rum
188 470 268 539 alia,
286 476 371 544 atque
385 470 425 528 ita
441 485 605 544 progressus
624 471 728 530 instrui
747 477 842 546 pomet
857 471 917 530 siue
932 470 1000 528 tine.
1019 469 1058 525 Ne
1072 467 1160 540 igimr

102 554 134 612 in
149 555 317 614 absurdum
333 555 472 614 eiusmodi
486 555 672 630 delabamur,
688 555 843 615 dicendum
856 563 901 614 est
914 554 1009 628 potius
1023 566 1158 612 nonense

100 640 305 699 consuentiae
320 640 475 698 fidendum.

135 725 229 797 desp
248 723 376 783 obiectio
390 724 420 784 in
436 724 506 783 laiso
521 725 575 784 boc
590 723 776 784 laudamento
794 727 908 791 nititur,
925 724 1000 798 quod
1018 721 1158 797 quidquid

97 823 158 866 non
182 809 419 882 demonstratur,
436 809 465 867 id
480 809 597 868 minime
613 809 650 867 ιιι
663 817 790 883 certnm;
806 825 862 883 quo
876 809 994 883 quidem
1015 808 1087 866 nibil
1106 806 1157 866 ab

61 943 67 954 .
95 893 223 952 surdius
240 894 299 951 dici
315 900 414 967 potest.
432 893 464 952 Ut
482 895 559 952 enim
582 894 764 953 ostendemus
784 894 922 964 interius,
938 893 996 951 nisi
1017 892 1158 966 quaedem

95 985 205 1036 essent
216 979 352 1036 veritates
367 979 406 1036 ita
420 983 607 1052 persenniae
622 985 650 1037 et
664 985 769 1049 certae,
779 984 810 1036 ιιι
819 979 1033 1036 ratiocinatione
1048 975 1158 1034 firmari

94 1076 163 1119 non
186 1067 310 1134 egeant·
328 1078 361 1120 ne
376 1062 598 1121 demonstrando
617 1063 732 1135 quidem
748 1063 818 1119 certi
831 1062 978 1135 quidpiam
992 1059 1089 1120 adsrri
1103 1073 1155 1117 un

94 1159 193 1217 quam
220 1151 324 1218 posset.
346 1145 456 1204 Etenim
477 1147 681 1205 demonstratio
702 1145 843 1218 principia
863 1145 996 1204 subaudit
1016 1141 1155 1216 indubie,

93 1243 177 1300 quae
194 1229 317 1288 aliunde
332 1230 452 1288 minime
467 1229 654 1288 deducantur.
665 1229 726 1286 iam
735 1243 803 1286 vero
817 1230 847 1286 in
860 1227 964 1287 bomm
977 1243 1098 1287 numero
1109 1229 1157 1285 be

91 1313 163 1371 beri
181 1313 277 1370 debet
288 1297 481 1372 eonscientiae
495 1313 691 1369 testinronium
693 1328 770 1385 ,quo
780 1311 862 1370 nobis
871 1313 944 1370 nibil
959 1318 1003 1370 est
1016 1311 1157 1384 intimius,

91 1394 179 1454 nibil
204 1395 380 1454 evidentius.
406 1395 511 1460 Quare
519 1395 594 1467 quod
617 1409 673 1452 non
695 1396 921 1464 demonstretur
937 1396 967 1452 id
988 1411 1025 1452 ex
1047 1409 1160 1451 summa

93 1479 201 1552 ipsius
225 1477 320 1535 oritur
343 1478 562 1551 perspicuitate,
580 1491 652 1551 quae
673 1478 787 1537 aliunde
808 1479 932 1537 derivari
950 1493 1007 1535 non
1026 1478 1158 1550 posutat

93 1563 158 1622 Nec
176 1561 254 1619 inde
269 1562 425 1635 quidquam
441 1562 503 1620 eius
519 1562 644 1621 firmitati
660 1563 833 1635 detrabitur3
846 1562 1088 1636 quemadmodum
1103 1575 1161 1621 non

94 1649 264 1718 tenuatur,
281 1646 330 1704 sed
345 1647 561 1704 commendatur
582 1647 673 1720 potius
688 1647 757 1705 solis
771 1648 901 1714 claritas,
919 1647 994 1720 qnod
1016 1647 1074 1704 alia
1096 1645 1174 1716 tuoe,

97 1744 160 1788 non
185 1729 380 1789 collustretur.
403 1729 449 1790 Sis
467 1731 554 1804 igitur
572 1731 736 1806 distiopuet
758 1732 942 1790 ontoeedtms:
965 1730 1159 1789 Conscientiae

97 1816 252 1874 veracites
266 1816 456 1874 demonstrari
471 1830 528 1873 non
543 1821 644 1889 potest,
655 1817 873 1889 quianoneget,
886 1821 981 1890 utpote
990 1815 1157 1874 immediate

97 1904 219 1972 patens,
238 1915 337 1972 oooo.;
352 1913 419 1958 cum
435 1906 526 1972 egeat,
542 1915 624 1974 nepo.

90 2013 93 2020 ·
133 1984 177 2042 dd
195 1985 323 2042 atterum
336 1999 457 2057 repones
472 1985 676 2043 conscientiam
693 1991 753 2043 tram
768 1987 813 2044 sui
830 1992 890 2043 tum
905 1985 1025 2044 aliarum
1037 1985 1156 2044 inculta·
1251 2027 1256 2036 .

100 2071 165 2124 tum
179 2077 266 2126 actus
282 2068 435 2141 testificari,
448 2082 502 2126 neo
511 2067 630 2142 proinde
646 2070 739 2128 alieno
752 2085 836 2142 egere
850 2069 985 2129 subsidio.
998 2071 1067 2128 Cum
1077 2070 1156 2127 euim

98 2152 146 2209 vis
162 2153 312 2225 quaedam
327 2152 364 2210 sit
377 2153 557 2225 reflectendi,
574 2159 603 2212 et
617 2169 667 2227 pro
682 2155 792 2212 obiecto
806 2155 911 2221 habeat
923 2156 1083 2228 quamlibet
1096 2153 1156 2212 ani·

97 2235 145 2292 mi
168 2235 374 2307 affectionem
397 2235 426 2293 in
435 2243 555 2310 ¹semet,
574 2237 709 2310 quamdiu
730 2237 826 2306 iubet,
844 2239 938 2296 redire
960 2245 1051 2313 potest
1071 2243 1157 2311 atque

98 2317 204 2390 ipsum
221 2333 308 2378 suum
327 2319 488 2378 consciendi
511 2327 606 2391 actum
627 2321 731 2380 itemm
752 2321 913 2394 itemmque
934 2324 1105 2396 pertingere.
1123 2317 1158 2378 dt

98 2401 195 2474 igitur
211 2403 250 2460 de
265 2403 436 2462 conscientia
450 2405 521 2463 certi
536 2406 636 2477 simus,
648 2421 705 2465 non
720 2421 796 2465 nora
808 2421 880 2480 opus
895 2410 939 2464 est
953 2406 1096 2475 laenitate,
1107 2401 1157 2460 sed

100 2499 182 2543 novo
198 2487 352 2545 dumtaxat
366 2487 492 2548 eiusdem
508 2488 649 2548 facultatis
668 2497 742 2549 actu.

139 2569 235 2630 Obiic.
255 2571 297 2628 Vl.
315 2571 490 2632 Conscientia
505 2589 558 2632 nec
573 2574 757 2633 affectionum
771 2575 949 2634 internarum
968 2586 1085 2644 musas,
1102 2583 1156 2630 nec

100 2654 226 2712 modum
240 2671 320 2728 ,quo
333 2657 515 2729 excitantur,
531 2673 585 2715 nec
602 2659 683 2716 cuius
697 2668 817 2718 naturae
837 2660 914 2732 sint,
930 2675 984 2718 nec
1004 2655 1154 2730 sanguinis

102 2737 327 2799 circulationem
340 2747 369 2798 et
387 2742 444 2800 alia
462 2741 602 2799 eiusmodi
623 2744 796 2801 manifestat.
811 2743 884 2815 Ergo
898 2759 955 2801 non
970 2749 1013 2802 est
1027 2741 1156 2800 medium

103 2822 175 2879 satis
190 2823 331 2882 idoneum
346 2825 539 2897 assequendae
555 2824 691 2882 veritatis.

136 2905 369 2980 Respondemus,
389 2923 423 2964 ea
438 2923 511 3000 quae
527 2907 701 2963 obiiciantur
715 2911 798 2961 extra
812 2906 1002 2962 eonscientiae
1012 2904 1157 2960 obiectum

99 2992 239 3061 reperiri.
257 2989 434 3046 Conscientia
448 2989 526 3044 enim
541 2989 656 3044 nonnisi
672 2986 855 3043 existentiam
870 2987 990 3044 subiecti
1009 2984 1159 3058 cogitantis

100 3085 137 3127 ae
154 3070 407 3128 modificationem
427 3070 491 3126 eius
510 3069 632 3140 attingit.
656 3069 763 3125 Horum
784 3083 851 3126 vero
865 3077 1017 3140 naturam,
1035 3083 1155 3143 causas,

101 3153 287 3224 discrimen,
308 3152 438 3224 genesim
453 3151 597 3224 explicare
611 3151 730 3211 radonis
744 3159 802 3226 est;
820 3169 893 3228 quae
906 3153 1047 3211 eiusmodi
1060 3167 1106 3211 res
1120 3165 1158 3211 ex

102 3237 239 3297 indubiis
247 3236 386 3295 edisserat
397 3235 553 3310 principiis,
566 3243 706 3310 notarum,
718 3239 794 3298 tunde
804 3239 948 3298 obiectum
958 3241 1077 3310 constat,
1090 3251 1156 3297 mn·

104 3322 295 3398 temptatione
311 3321 431 3396 aliisque
447 3322 528 3381 tactis
543 3322 653 3382 innixa.
673 3324 825 3396 Sanguinis
835 3329 932 3383 autem
942 3322 1088 3382 circulatio
1098 3337 1156 3383 non

107 3408 219 3467 adverti
235 3407 339 3467 dicitur
352 3423 370 3466 a
384 3409 545 3476 nonnuliis,
568 3409 636 3483 quia
655 3411 869 3468 assuetudinem
883 3413 1009 3482 generat.
1026 3409 1096 3467 Nam
1110 3421 1156 3466 ae·

106 3492 234 3564 quabiiis
248 3507 360 3566 semper
375 3501 418 3554 est
432 3501 460 3555 et
474 3493 625 3567 coninua,
650 3510 684 3552 no
699 3494 787 3552 simili
802 3497 862 3554 tere
877 3509 990 3569 semper
1002 3493 1089 3551 modo
1104 3505 1155 3551 nos

108 3575 251 3635 alliciens.
268 3577 302 3636 tu
315 3583 410 3638 autem
424 3581 547 3639 sensatio
563 3579 716 3654 peculiaris
724 3579 838 3652 obiecti,
855 3580 930 3652 quod
945 3580 1090 3637 internum
1102 3581 1154 3652 est,

111 3657 285 3733 advertetur,
302 3661 376 3722 banc
387 3665 578 3724 conditionem
590 3664 734 3738 postulat:
752 3669 784 3722 ut
797 3664 1030 3738 interrumpatur,
1046 3667 1096 3720 aut
1109 3675 1156 3720 ra·

110 3739 220 3816 risun,
241 3749 272 3802 ιιι
286 3745 328 3804 sic
341 3747 466 3808 discerni
485 3764 502 3807 a
522 3749 624 3808 ceteris
643 3749 741 3822 possit.
760 3747 846 3808 Secus
863 3753 959 3807 notam
982 3746 1157 3807 discriminis

112 3823 223 3892 nubam
236 3827 361 3894 obiiciat.-
384 3831 457 3894 Hine
475 3837 519 3898 eat
539 3837 572 3894 ut
593 3831 618 3896 si
638 3833 752 3907 quando
765 3838 860 3897 motus
873 3833 1022 3908 engonis
1035 3831 1156 3894 ιιιιιιιιι
