2767 4492
235 351 272 412 ‘rt
413 384 416 388 ·
564 351 794 410 impresseram
809 361 955 408 sracnars

234 438 526 524 composita-indulta
539 452 569 508 et
581 447 734 508 terminata
747 446 967 520 limitibusque
980 450 1009 507 et
1023 449 1182 523 multiplex,
1196 456 1281 526 aquo
1375 445 1376 458 ¹

214 669 216 673 .
233 620 351 695 quidem
366 620 508 680 sententia
520 618 646 677 mundus
659 633 698 676 ex
712 633 771 678 nna
783 622 865 691 parte
877 616 1003 676 mundus
1016 632 1079 677 esse
1093 631 1152 677 non
1166 619 1279 694 desinit,

184 710 186 713 ’
233 720 272 765 ex
284 705 341 764 alia
357 721 374 764 a
388 705 461 777 Deo,
474 703 514 762 ad
528 703 719 762 substantiam
734 702 835 762 saltem
850 700 925 775 quod
940 700 1050 774 attinet,
1066 717 1124 761 non
1140 701 1277 763 differret.

233 790 317 849 Notas
332 789 419 862 igituir
431 792 461 847 ct
471 787 611 847 ‘atnibuta
624 787 790 860 susciperet,
803 799 877 859 qnae
891 784 1005 844 divinae
1019 791 1185 859 competrmt
1197 788 1280 848 reali·

233 872 297 945 tati,
313 871 534 946 proprietatibus
547 870 665 930 retentis
679 885 752 944 quas
766 869 873 930 mundo
888 869 1004 943 quidem
1022 868 1117 928 inesse
1131 870 1280 944 experien-

233 957 273 1015 tia
285 957 416 1031 ratioque
432 956 585 1016 convincit.
601 955 632 1014 ld
646 970 715 1014 vero
729 955 865 1029 importat
880 953 1029 1012 cumdum
1042 953 1124 1014 illum
1138 956 1281 1016 conbadi·

232 1041 369 1114 otionum,
384 1056 470 1114 quem
483 1041 615 1115 proxime
630 1040 862 1099 commemorari.
949 1047 958 1055 ‘

267 1127 305 1184 le
324 1141 413 1198 sane,
430 1126 548 1184 nomine
567 1124 618 1184 liei
641 1139 693 1184 ens
717 1122 831 1198 aliquod
854 1139 1020 1198 supremum
1038 1130 1067 1184 et
1080 1127 1277 1187 necessarium

196 1212 205 1222 ‘
232 1215 396 1284 usurpatur,
412 1210 489 1284 quod
501 1214 602 1283 suapte
616 1208 646 1267 vi
659 1209 701 1269 ita
714 1213 818 1281 exstat,
835 1213 867 1267 ut
880 1208 908 1268 ei
921 1223 980 1268 non
994 1213 1108 1270 exstme
1125 1217 1275 1286 repugnet.

231 1295 288 1356 Nec
302 1310 370 1354 vero
383 1294 478 1369 quoad
498 1293 589 1352 solam
606 1293 791 1353 existentiam
804 1296 883 1352 tanta
896 1293 1053 1352 necessitas
1067 1293 1109 1352 1111
1123 1295 1275 1369 competit3
1375 1353 1376 1374 ,

223 1379 281 1437 sed
294 1379 381 1436 etiam
395 1378 489 1451 quoad
508 1377 697 1452 proprietates
715 1391 815 1437 omnes
829 1383 858 1437 et
870 1377 1013 1437 existendi
1032 1379 1150 1447 modos,
1171 1379 1278 1452 quibus

229 1464 291 1537 ipse
304 1479 356 1537 pro
370 1467 457 1537 captu
469 1466 567 1521 nostro
579 1462 657 1521 allici
666 1462 835 1537 concipitur.
849 1461 991 1536 Quidquid
1005 1462 1083 1521 enim
1095 1463 1128 1521 in
1143 1477 1176 1521 eo
1190 1461 1276 1536 inest,

228 1561 296 1606 cum
309 1545 346 1604 ab
361 1550 483 1605 externa
500 1560 587 1604 cause
604 1546 756 1620 provenire
777 1551 919 1620 nequeat;
938 1549 1026 1604 restat
1039 1551 1072 1604 nt
1090 1545 1127 1604 ab
1146 1545 1277 1605 eiusdem

228 1635 332 1690 natura
353 1630 492 1690 dimanet.
515 1631 549 1688 lt
570 1630 710 1705 quidquid
724 1646 742 1690 a
755 1635 859 1690 natura
877 1629 1087 1704 proficiscitur,
1102 1630 1133 1688 id
1147 1629 1277 1690 subiecto

229 1715 393 1774 necessario
413 1715 506 1787 inest,
522 1718 552 1773 et
565 1716 702 1788 quamdiu
718 1715 769 1774 illa
785 1720 952 1788 permanet,
969 1714 1006 1773 ab
1021 1729 1055 1774 eo
1069 1715 1198 1789 separari
1215 1729 1276 1774 non
1375 1771 1376 1778 ,

228 1803 331 1872 potest.
354 1799 427 1872 lngo
445 1812 496 1857 ens
514 1799 728 1872 necessarium,
743 1814 848 1873 nempe
869 1799 962 1873 Dens,
978 1799 1104 1858 inomni
1126 1799 1275 1874 realitate,

229 1897 316 1956 quam
329 1881 426 1956 habet,
438 1883 602 1941 omnimoda
617 1883 723 1941 innitar
738 1883 969 1957 necessitatene
982 1888 1014 1942 ut
1027 1883 1155 1956 undique
1168 1883 1277 1943 immu-

228 1967 316 2025 tabile
330 1967 367 2025 sit
381 1981 436 2026 nec
449 1968 476 2025 ei
492 1966 648 2041 quidquam
662 1967 730 2026 addi
743 1967 833 2042 possit
847 1973 897 2027 aut
910 1967 1030 2026 detrahi.
1047 1968 1117 2026 Tum
1131 1967 1219 2026 etiam
1237 1983 1276 2027 ex

227 2050 393 2109 huiusmodi
409 2051 552 2110 existendi
565 2051 744 2125 necessitate,
757 2057 789 2111 ut
798 2051 989 2126 inlheologie
1002 2051 1274 2126 demonstrabimus,
1375 2121 1376 2132 p

228 2135 356 2194 clumam
370 2150 484 2194 summa
497 2136 593 2194 unitas
608 2136 761 2209 derivatur,
779 2136 947 2210 simplicitas
960 2137 1097 2210 maxima,
1116 2137 1243 2196 vacuitas
1258 2151 1277 2195 a

227 2217 387 2292 limitibus,
404 2224 489 2293 atque
508 2218 582 2278 aliae
595 2219 625 2277 id
639 2235 730 2293 genus
751 2219 940 2294 perfectiones
956 2220 1134 2280 innumerae.
1154 2221 1275 2280 Mundus

226 2302 324 2378 itaque
334 2303 359 2362 si
369 2304 443 2364 Deus
453 2309 537 2378 esset,
548 2304 744 2366 inexistentia
757 2311 786 2364 et
798 2305 1058 2365 modificationibus
1072 2305 1275 2364 necessitatem

217 2387 395 2461 includeret,
404 2388 478 2447 nulli
494 2387 600 2447 actioni
614 2387 812 2462 subiiceretnr,
823 2388 989 2448 mutationis
1003 2393 1079 2448 esset
1092 2389 1209 2448 omnino
1223 2404 1274 2448 ex·

224 2485 302 2544 pers,
312 2472 422 2530 unitate
438 2470 569 2530 maxima
585 2486 619 2530 ac
635 2472 816 2545 simplicitate
832 2472 959 2546 polleret,
971 2476 1008 2545 et,
1020 2472 1097 2546 qnod
1109 2486 1168 2531 uno
1182 2471 1273 2532 serbo

225 2556 324 2614 omnia
346 2555 563 2628 complectittn,
584 2555 788 2628 perlectionem
807 2555 967 2616 absolutam
987 2571 1005 2615 a
1023 2555 1165 2624 limitibus
1182 2555 1272 2616 conti-

227 2644 317 2698 neret.
371 2653 375 2662 ·
699 2675 700 2680 .

259 2723 345 2796 Atqui
359 2723 487 2782 vicissim
501 2739 587 2784 nemo
600 2739 658 2784 non
672 2725 751 2784 ridet
764 2725 906 2784 mundum
926 2727 1029 2786 instrui
1049 2725 1273 2802 proprietatibus

224 2807 377 2866 contrariis
390 2809 508 2868 omnino
516 2809 563 2878 iis,
576 2823 647 2882 quas
659 2809 866 2869 recensuimus.
878 2810 909 2868 ln
920 2810 1021 2884 primis
1035 2811 1113 2869 enim
1127 2809 1272 2868 mnndum

170 2964 174 2974 Ι
224 2891 437 2966 contingentem
452 2907 524 2966 esse,
535 2908 594 2952 non
603 2893 808 2962 necessarium,
819 2907 888 2968 prae
898 2894 961 2953 luce
975 2895 1039 2969 ipsa
1053 2893 1180 2953 collucet.
1192 2893 1273 2960 Quae

223 2977 304 3036 enim
312 2977 546 3050 repugnantiam
559 2977 661 3036 mundi
674 2992 824 3052 nunquam
838 2978 987 3037 existentis
1000 2979 1115 3038 notione
1130 2977 1272 3051 conspici-

224 3061 291 3119 tur‘l
304 3062 358 3118 lut
372 3076 445 3133 quae
460 3061 640 3135 absurditas,
656 3062 682 3120 si
696 3061 808 3135 aliquae
823 3061 885 3122 eius
898 3066 993 3136 partes
1013 3062 1165 3122 demantur
1178 3066 1208 3121 et
1220 3075 1272 3134 pc·

223 3148 322 3217 reant;
341 3144 455 3218 quando
471 3160 571 3204 omnes
589 3145 721 3204 eamdem
739 3153 858 3205 neumae
875 3145 1067 3205 conditionem
1086 3144 1211 3218 habent,
1228 3148 1271 3216 at·

223 3245 279 3303 que
293 3230 357 3288 ideo
373 3229 497 3302 quotide
510 3229 632 3303 singulis
648 3230 763 3302 dicitnr,
781 3229 816 3288 de
833 3234 890 3290 toto
904 3229 992 3289 etiam
1007 3229 1191 3289 iudicandum
1205 3229 1271 3288 est?
1375 3267 1376 3272 .

222 3313 279 3372 lieo
291 3313 388 3372 minus
402 3313 627 3386 ‹emungennam
635 3313 792 3386 praesefert
800 3313 832 3372 in
841 3313 1115 3387 modificationibus;
1127 3311 1270 3386 siquidem

221 3414 281 3458 non
295 3413 411 3457 omnem
424 3398 593 3472 malitatem,
609 3398 691 3457 estius
706 3403 749 3457 est
763 3397 915 3472 aliqnando
930 3413 1031 3480 capax,
1049 3397 1267 3472 actu'possidet,
1375 3431 1376 3434 =

222 3486 254 3541 ut
269 3483 343 3542 entis
356 3481 512 3541 necessarii
526 3483 675 3557 proprium
687 3497 751 3542 esse
766 3488 924 3558 oporteret3
938 3499 992 3542 nec
1007 3483 1100 3542 modis
1114 3480 1267 3552 omnibus,

222 3581 294 3639 qnos
313 3571 497 3640 suscepturos
518 3572 579 3639 est,
602 3581 731 3639 unquam
754 3566 887 3626 allicitur.
907 3567 1014 3626 Deinde
1037 3564 1219 3625 multitudine
1238 3569 1272 3621 et

222 3651 425 3724 compositione
439 3650 581 3709 coalescit.
602 3642 779 3710 llultitudiuo
798 3651 931 3724 quidem,
946 3651 1016 3725 quia
1030 3650 1116 3709 rebus
1134 3646 1207 3718 mire
1223 3645 1271 3704 di-

223 3734 313 3792 versis
327 3740 555 3809 coagmentatum
571 3736 775 3810 compositione
789 3751 865 3810 uero,
877 3737 946 3811 quia
959 3739 988 3794 et
1001 3734 1132 3810 partibus
1144 3731 1219 3790 inter
1233 3743 1271 3788 se

223 3817 330 3876 dissitis
343 3823 372 3877 et
385 3821 471 3880 rebus
485 3814 606 3880 materia
622 3820 761 3880 concretis
777 3821 915 3895 exstugit.
926 3819 1018 3880 Tertio
1032 3813 1183 3892 mutationi
1197 3811 1269 3872 sub-

223 3900 317 3973 dituri
335 3903 566 3979 quandoquidem
589 3905 769 3967 successione
792 3905 928 3967 continue
945 3902 1118 3978 parteseius
1133 3898 1205 3959 aliae
1220 3896 1269 3956 iu-

117 604 119 609 ,
234 535 299 594 aliis
318 535 432 609 generis
454 534 582 594 eiusdem
602 532 797 606 pugnantibus
819 531 892 592 ideis
917 532 1090 592 coalescens.
1117 533 1228 594 Etenim
1246 551 1282 596 ca
1375 553 1376 556 ¹
