2767 4492
225 297 282 369 282
670 305 832 356 uueuuutu

260 400 291 460 ld
308 399 434 458 diximus
444 395 480 458 ad
490 411 616 457 errorem
626 395 821 470 repellendum
835 393 959 468 illorum,
976 392 1026 469 qui
1040 393 1155 469 pruritu
1169 391 1273 456 nascio

226 499 283 558 quo
298 490 413 557 pacatos
427 484 478 542 bos
493 482 622 541 homiues
644 487 672 538 et
689 480 831 538 modestos
852 479 1028 553 vituperant,
1046 481 1129 554 quasi
1156 480 1278 540 laedant

228 569 404 643 societaten13
425 583 512 643 ortam
530 567 624 642 potius
635 565 689 640 ipsi
707 564 876 639 perturbant
890 571 918 623 et
932 564 1121 624 dehonestant
1136 571 1196 624 tum
1221 567 1279 626 bac

226 655 366 714 iniuriosa
380 653 523 712 calumnia
534 653 621 712 bonos
630 652 708 710 cives
719 649 870 721 inurendo,
884 653 944 708 tum
954 649 1110 708 insatiabili
1119 651 1280 726 cupiditate

228 739 368 798 bonorum
383 744 411 797 et
425 739 565 814 pecuniae
580 736 685 811 quibus
701 734 784 793 unice
799 734 920 808 inhiant,
931 734 1050 794 obtentu
1063 734 1132 793 boni
1148 751 1280 795 commu-

228 825 284 884 nis.
300 824 489 884 Nihilominus
504 823 602 896 negari
613 819 804 895 nequitlouge
818 819 964 879 nobilibus
973 820 1069 879 ollicio
1079 820 1179 880 sociali
1189 828 1220 881 et
1231 838 1282 896 pa·

229 911 300 969 triae
315 909 449 968 charitati
466 909 629 968 satisfacere
639 922 697 979 eos,
714 906 763 980 oui
774 904 891 977 privatis
902 905 1053 965 virtutibus
1064 921 1164 965 curam
1174 907 1281 967 adiun-

229 1000 302 1068 gunt
318 993 484 1068 perficiendi
501 994 586 1052 etiam
603 991 673 1050 alios
692 997 721 1049 et
741 991 826 1050 totius
844 990 987 1049 societatis
1008 991 1233 1066 amplitudinem
1252 1000 1283 1052 et

231 1080 409 1154 splendorem
425 1078 604 1153 procurandi.
622 1078 681 1145 Qua
696 1082 792 1135 tumen
807 1076 837 1133 in
851 1091 883 1134 re
897 1075 1047 1149 diligenter
1056 1077 1223 1136 curandum
1238 1083 1285 1136 est

233 1170 264 1224 ut
276 1165 307 1223 hi
321 1164 436 1224 dotibus
454 1164 509 1223 iltis
524 1167 733 1236 auteornetur,
751 1176 824 1235 quae
839 1161 875 1218 ad
888 1160 1029 1220 eiusmodi
1039 1162 1205 1221 exercenda
1216 1177 1285 1220 mn·

231 1265 302 1310 nera
316 1251 509 1324 requiruntur,
526 1255 554 1308 et
569 1248 604 1307 ad
619 1247 811 1322 peculiaribus
824 1246 1055 1321 obligationibus,
1072 1262 1144 1320 miae
1159 1246 1286 1307 indedi-

232 1341 361 1409 mauant,
376 1336 498 1395 fideliter
514 1341 668 1408 sancteque
683 1332 926 1392 satisfaciendum.

272 1421 332 1480 192.
340 1422 491 1494 Postremo,
503 1426 632 1494 respectu
643 1419 818 1477 auctoritatis
827 1418 1087 1492 primumolltcium
1094 1423 1138 1479 est
1146 1419 1287 1480 obedien·

234 1505 274 1565 tia
288 1506 458 1580 praestanda
473 1506 582 1579 legibus
596 1511 625 1564 et
640 1504 897 1578 praeceptionibus,
916 1521 988 1578 quae
1000 1521 1017 1563 a
1029 1505 1180 1579 Superiora
1196 1507 1289 1580 proti·

235 1589 389 1650 ciscuntur.
407 1591 464 1652 Etsi
484 1592 562 1650 enim
576 1590 748 1665 quandoque
770 1590 863 1663 leges,
880 1605 953 1663 quae
968 1590 1004 1648 ab
1020 1591 1189 1650 auctoritate
1204 1607 1289 1652 mere

235 1676 311 1735 cirili
326 1677 465 1750 teruntur,
482 1676 616 1750 poenales
630 1675 687 1733 sint
701 1676 850 1734 dumtaxat
860 1675 1009 1750 (quatenns
1025 1691 1061 1734 es
1076 1675 1224 1735 voluntate
1240 1677 1287 1736 le·

236 1760 376 1834 gislatoris
386 1761 426 1820 ita
435 1761 655 1832 constituuntur,
666 1767 698 1818 ut
708 1776 765 1818 non
776 1761 913 1819 moralem
924 1761 1037 1834 culpam
1052 1761 1175 1818 atterant
1188 1766 1289 1819 trans·

236 1847 423 1919 gressoribus,
436 1847 485 1904 sed
496 1852 604 1904 tuntum
615 1861 736 1919 poenam
746 1845 871 1919 aliquam
883 1846 1049 1919 praesertim
1060 1845 1288 1920 pecuniariam);

237 1931 334 1982 tamen
350 1941 400 1998 per
414 1941 444 1983 se
460 1931 488 1982 et
502 1925 659 1997 generatim
674 1927 877 1998 obligationem
891 1927 978 1984 etiam
992 1926 1134 1985 internam
1148 1927 1293 2000 pariunt,

237 2010 278 2068 ita
288 2015 320 2067 ut
329 2009 446 2068 violator
461 2025 518 2067 non
534 2010 616 2069 ruodo
630 2013 746 2084 poenae,
759 2027 845 2084 quam
855 2012 904 2072 lex
913 2011 1123 2084 interminatur,
1133 2012 1187 2071 sed
1197 2013 1295 2072 etiam

239 2095 338 2168 culpae
353 2094 667 2155 moraliobnoxiustlat.
678 2097 707 2154 ld
717 2096 874 2155 clarissime
885 2105 961 2170 patet
971 2097 1105 2170 primum,
1116 2096 1197 2170 quia,
1208 2097 1238 2155 si
1250 2114 1297 2156 se
1358 2134 1359 2211 1

240 2195 290 2237 cus
301 2185 383 2252 esset,
391 2181 544 2241 auctoritas
555 2181 646 2240 civilis
657 2197 714 2240 uon
726 2183 795 2240 satis
806 2182 951 2256 providere
963 2187 1058 2254 posset
1067 2181 1142 2239 bono
1157 2195 1299 2241 commu·

239 2265 279 2336 nl;
296 2279 362 2322 cum
378 2263 462 2324 timor
475 2268 624 2326 exterioris
635 2268 712 2341 mali,
732 2268 807 2341 quod
822 2267 905 2325 lacile
918 2267 1002 2325 vitari
1018 2272 1117 2340 potest,
1131 2281 1191 2324 non
1207 2269 1299 2326 srrtti·
1358 2292 1359 2297 ¹

241 2348 363 2407 cientem
373 2349 431 2408 viru
443 2352 588 2410 babeatnd
601 2351 730 2426 homiues
740 2351 920 2409 coercendos.
932 2351 1048 2423 Deinde,
1058 2350 1127 2424 quia
1136 2351 1186 2408 ius
1197 2351 1301 2426 impe·

241 2433 333 2506 randi,
350 2450 401 2494 serr
415 2437 524 2495 idoneis
540 2437 650 2510 legibus
667 2437 703 2494 ad
717 2437 825 2494 bonum
840 2451 993 2496 commune
1006 2435 1164 2508 dirigendi,
1181 2436 1216 2494 in
1232 2439 1305 2511 ipsa

241 2519 365 2579 essentia
381 2522 525 2594 potestatis
533 2522 695 2580 includitur.
710 2521 779 2578 [tum
789 2521 876 2594 igitur
885 2521 980 2579 omnis
991 2527 1112 2594 potestas
1122 2537 1139 2578 a
1149 2519 1273 2594 Deosit;
1283 2539 1304 2582 a
1358 2520 1359 2599 t

242 2603 298 2663 Deo
313 2607 400 2664 etiarn
410 2607 505 2679 aliquo
520 2606 603 2664 modo
618 2612 686 2664 sunt
701 2606 796 2678 leges,
814 2621 887 2680 qnae
901 2605 975 2665 iuste
989 2605 1025 2664 ab
1040 2605 1213 2665 auctoritate
1230 2623 1306 2682 pro·
1358 2604 1359 2673 l

243 2691 358 2750 cedunt.
375 2691 465 2759 Quare
485 2691 534 2764 qrri
553 2691 588 2751 iis
613 2691 805 2749 obedientiam
820 2692 960 2765 denegat,
982 2692 1098 2750 dinnao
1114 2690 1306 2752 ordinationi
1358 2684 1359 2759 l

242 2770 357 2828 resistit.
375 2771 452 2830 Unde
466 2771 613 2844 llpostolus
629 2777 725 2845 aperte
735 2770 792 2829 ait:
809 2771 876 2830 Ideo
894 2772 1060 2830 necessitate
1072 2770 1189 2830 subditi
1206 2779 1328 2831 estote·
1358 2766 1359 2835 l

243 2869 303 2913 ttort
317 2857 415 2914 solutu
427 2864 548 2931 propter
563 2857 655 2931 irum,
667 2856 940 2932 sedetiompropter
949 2857 1155 2916 conscientium
1172 2858 1198 2913 l.

279 2941 425 2999 Praetereo
441 2942 516 3000 cives
530 2957 634 3015 magua
648 2942 808 3001 reverentia
822 2949 850 3001 et
868 2943 1018 3002 dilectione
1033 2942 1235 3003 observasset
1251 2959 1306 3003 co·
1358 2966 1359 3013 ,

243 3026 303 3086 lere
319 3031 448 3084 tenentur
463 3043 528 3100 eos,
546 3029 619 3101 apud
637 3043 708 3101 quos
725 3043 860 3100 suprema
883 3033 1006 3102 potestas
1020 3026 1134 3086 residet.
1152 3026 1304 3088 Venerari

245 3111 361 3184 quidem
376 3126 503 3171 summos
518 3113 691 3186 imperantes
707 3113 939 3187 adstringuntur,
957 3113 1024 3186 quia
1041 3111 1070 3169 bl
1086 3125 1187 3169 sacrae
1203 3112 1306 3171 veluti

245 3211 383 3270 personae
393 3203 469 3256 sunt.
482 3198 550 3256 Cum
565 3199 785 3274 enimpotestas,
800 3203 1051 3273 quaerornautur,
1063 3195 1180 3254 divinae
1196 3203 1307 3256 aucto-

245 3281 1167 3358 ritatisvelutisitparticipatio3divinitatisvelutlsimilitudinem
1176 3289 1303 3356 gerunt,
1358 3298 1359 3301 ¹

246 3377 280 3420 ac
294 3362 412 3437 proinde
425 3379 524 3424 eorum
540 3380 660 3438 persona
670 3380 729 3423 non
745 3365 828 3424 modo
841 3362 1014 3422 inviolabilis
1028 3371 1080 3433 est,
1091 3376 1195 3420 rerum
1206 3363 1307 3422 etiam

247 3447 334 3522 digna
348 3454 380 3508 nt
395 3450 529 3510 omnibns
549 3449 692 3523 obsequiis
714 3450 878 3508 bonoratur.
903 3448 1020 3507 Dileclio
1035 3453 1131 3508 autem
1146 3446 1184 3505 lis
1198 3447 1307 3508 debita

247 3538 298 3606 est,
319 3541 467 3608 propterea
481 3535 556 3609 quod
575 3534 599 3594 si
621 3534 765 3608 diligenda
779 3540 823 3592 est
842 3533 971 3606 societas,
989 3531 1114 3590 maxime
1129 3530 1309 3604 diligendus
1358 3562 1359 3605 p

214 3645 217 3652 ⁴
247 3624 291 3677 est
303 3619 338 3691 is,
355 3621 405 3694 qul
422 3621 453 3680 in
469 3619 627 3694 illecapitis
640 3633 760 3677 munere
774 3617 912 3691 iungitur,
928 3630 1051 3691 eamqrie
1061 3622 1101 3675 tot
1113 3615 1195 3674 curis
1208 3618 1310 3677 muti

247 3702 349 3764 nistrat
359 3711 443 3780 atque
452 3707 624 3766 moderatur.
637 3705 811 3779 Quapropter
820 3704 880 3778 ,iuri
888 3709 1008 3763 naturas
1022 3707 1187 3778 repugnant
1201 3709 1235 3764 st
1246 3703 1313 3764 rat·

293 3881 355 3932 ted
368 3889 432 3934 dom.
449 3901 497 3952 esp.
513 3887 553 3952 ts,
