<?xml version="1.0" encoding="UTF-8"?>
<!DOCTYPE html PUBLIC "-//W3C//DTD XHTML 1.0 Transitional//EN"
    "http://www.w3.org/TR/xhtml1/DTD/xhtml1-transitional.dtd">
<html xmlns="http://www.w3.org/1999/xhtml" xml:lang="en" lang="en">
 <head>
  <title>
</title>
<meta http-equiv="Content-Type" content="text/html;charset=utf-8" />
  <meta name='ocr-system' content='tesseract 3.04.00' />
  <meta name='ocr-capabilities' content='ocr_page ocr_carea ocr_par ocr_line ocrx_word'/>
</head>
<body>
  <div class='ocr_page' id='page_1' title='image "./institutionesph00libegoog_0375.png"; bbox 0 0 2767 4492; ppageno 0'>
   <div class='ocr_carea' id='block_1_1' title="bbox 417 311 1159 378">
    <p class='ocr_par' dir='ltr' id='par_1_1' title="bbox 417 311 1159 378">
     <span class='ocr_line' id='line_1_1' title="bbox 417 311 1159 378; baseline 0.003 -2"><span class='ocrx_word' id='word_1_1' title='bbox 417 323 493 376; x_wconf 80' lang='lat' dir='ltr'>rum</span> <span class='ocrx_word' id='word_1_2' title='bbox 506 323 645 375; x_wconf 79' lang='lat' dir='ltr'>mrem·</span> <span class='ocrx_word' id='word_1_3' title='bbox 650 323 858 377; x_wconf 80' lang='lat' dir='ltr'>rsrueoaoem</span> <span class='ocrx_word' id='word_1_4' title='bbox 1109 311 1159 378; x_wconf 73' lang='lat' dir='ltr'>tat</span> 
     </span>
    </p>
   </div>
   <div class='ocr_carea' id='block_1_2' title="bbox 112 408 1162 645">
    <p class='ocr_par' dir='ltr' id='par_1_2' title="bbox 112 408 1162 645">
     <span class='ocr_line' id='line_1_2' title="bbox 112 408 1162 489; baseline 0.005 -18"><span class='ocrx_word' id='word_1_5' title='bbox 112 408 225 472; x_wconf 77' lang='lat' dir='ltr'>reducit</span> <span class='ocrx_word' id='word_1_6' title='bbox 244 409 473 487; x_wconf 78' lang='lat' dir='ltr'>multitudinem,</span> <span class='ocrx_word' id='word_1_7' title='bbox 497 411 637 473; x_wconf 89' lang='lat' dir='ltr'>nimirum</span> <span class='ocrx_word' id='word_1_8' title='bbox 651 413 762 474; x_wconf 83' lang='lat' dir='ltr'>obiecta</span> <span class='ocrx_word' id='word_1_9' title='bbox 773 416 888 476; x_wconf 77' lang='lat' dir='ltr'>diceres</span> <span class='ocrx_word' id='word_1_10' title='bbox 908 425 983 489; x_wconf 83' lang='lat' dir='ltr'>quae</span> <span class='ocrx_word' id='word_1_11' title='bbox 995 410 1056 476; x_wconf 85' lang='grc'><strong>11111</strong></span> <span class='ocrx_word' id='word_1_12' title='bbox 1069 415 1162 476; x_wconf 78' lang='lat' dir='ltr'>mend</span> 
     </span>
     <span class='ocr_line' id='line_1_3' title="bbox 112 496 640 645; baseline 0.009 -89"><span class='ocrx_word' id='word_1_13' title='bbox 112 496 312 560; x_wconf 74' lang='lat' dir='ltr'>obversantur</span> <span class='ocrx_word' id='word_1_14' title='bbox 615 581 640 645; x_wconf 71' lang='grc' dir='ltr'>Π</span> 
     </span>
    </p>
   </div>
   <div class='ocr_carea' id='block_1_3' title="bbox 168 749 1105 914">
    <p class='ocr_par' dir='ltr' id='par_1_3' title="bbox 168 749 1105 914">
     <span class='ocr_line' id='line_1_4' title="bbox 168 749 1105 830; baseline 0.006 -18"><span class='ocrx_word' id='word_1_15' title='bbox 168 749 276 815; x_wconf 74' lang='lat' dir='ltr'>hesua</span> <span class='ocrx_word' id='word_1_16' title='bbox 290 750 416 829; x_wconf 72' lang='lat' dir='ltr'>septae</span> <span class='ocrx_word' id='word_1_17' title='bbox 432 751 627 830; x_wconf 67' lang='lat' dir='ltr'>apprehensio</span> <span class='ocrx_word' id='word_1_18' title='bbox 640 765 755 829; x_wconf 79' lang='lat' dir='ltr'>scheper</span> <span class='ocrx_word' id='word_1_19' title='bbox 771 753 927 830; x_wconf 75' lang='lat' dir='ltr'>praecedet</span> <span class='ocrx_word' id='word_1_20' title='bbox 941 753 1105 829; x_wconf 55' lang='lat' dir='ltr'>aeaeae</span> 
     </span>
     <span class='ocr_line' id='line_1_5' title="bbox 279 838 993 914; baseline 0.001 -15"><span class='ocrx_word' id='word_1_21' title='bbox 279 854 321 900; x_wconf 81' lang='lat' dir='ltr'>oo</span> <span class='ocrx_word' id='word_1_22' title='bbox 334 847 439 900; x_wconf 80' lang='lat' dir='ltr'>contro</span> <span class='ocrx_word' id='word_1_23' title='bbox 453 838 563 900; x_wconf 81' lang='lat' dir='ltr'>dentur</span> <span class='ocrx_word' id='word_1_24' title='bbox 576 839 691 900; x_wconf 78' lang='lat' dir='ltr'>iudicio</span> <span class='ocrx_word' id='word_1_25' title='bbox 704 853 767 900; x_wconf 83' lang='lat' dir='ltr'>oca</span> <span class='ocrx_word' id='word_1_26' title='bbox 779 840 993 914; x_wconf 72' lang='lat' dir='ltr'>waeperotioo.</span> 
     </span>
    </p>
   </div>
   <div class='ocr_carea' id='block_1_4' title="bbox 103 1007 1161 2438">
    <p class='ocr_par' dir='ltr' id='par_1_4' title="bbox 108 1007 1161 1505">
     <span class='ocr_line' id='line_1_6' title="bbox 147 1007 1159 1084; baseline 0.001 -16"><span class='ocrx_word' id='word_1_27' title='bbox 147 1008 192 1069; x_wconf 82' lang='grc'>69.</span> <span class='ocrx_word' id='word_1_28' title='bbox 209 1008 249 1069; x_wconf 85' lang='lat' dir='ltr'>hh</span> <span class='ocrx_word' id='word_1_29' title='bbox 264 1009 365 1068; x_wconf 88' lang='lat' dir='ltr'>eodem</span> <span class='ocrx_word' id='word_1_30' title='bbox 380 1008 531 1084; x_wconf 88' lang='lat' dir='ltr'>principio,</span> <span class='ocrx_word' id='word_1_31' title='bbox 549 1007 624 1084; x_wconf 88' lang='lat' dir='ltr'>qnod</span> <span class='ocrx_word' id='word_1_32' title='bbox 634 1008 719 1084; x_wconf 89' lang='lat' dir='ltr'>paulo</span> <span class='ocrx_word' id='word_1_33' title='bbox 733 1012 800 1067; x_wconf 88' lang='lat' dir='ltr'>ante</span> <span class='ocrx_word' id='word_1_34' title='bbox 808 1007 1010 1084; x_wconf 86' lang='lat' dir='ltr'>meminimus,</span> <span class='ocrx_word' id='word_1_35' title='bbox 1025 1009 1159 1071; x_wconf 86' lang='lat' dir='ltr'>resolutio</span> 
     </span>
     <span class='ocr_line' id='line_1_7' title="bbox 109 1092 1160 1170; baseline 0.002 -18"><span class='ocrx_word' id='word_1_36' title='bbox 109 1092 199 1153; x_wconf 89' lang='lat' dir='ltr'>huius</span> <span class='ocrx_word' id='word_1_37' title='bbox 213 1093 293 1154; x_wconf 90' lang='lat' dir='ltr'>duhii</span> <span class='ocrx_word' id='word_1_38' title='bbox 311 1095 449 1154; x_wconf 83' lang='lat' dir='ltr'>clarescit.</span> <span class='ocrx_word' id='word_1_39' title='bbox 467 1095 539 1155; x_wconf 83' lang='lat' dir='ltr'>liam</span> <span class='ocrx_word' id='word_1_40' title='bbox 553 1095 578 1153; x_wconf 87' lang='lat' dir='ltr'>si</span> <span class='ocrx_word' id='word_1_41' title='bbox 593 1094 753 1153; x_wconf 87' lang='lat' dir='ltr'>intellectus</span> <span class='ocrx_word' id='word_1_42' title='bbox 768 1101 879 1168; x_wconf 86' lang='lat' dir='ltr'>noster,</span> <span class='ocrx_word' id='word_1_43' title='bbox 894 1100 990 1170; x_wconf 79' lang='lat' dir='ltr'>utpme</span> <span class='ocrx_word' id='word_1_44' title='bbox 1004 1096 1160 1169; x_wconf 87' lang='lat' dir='ltr'>procedens</span> 
     </span>
     <span class='ocr_line' id='line_1_8' title="bbox 110 1179 1161 1254; baseline 0.001 -18"><span class='ocrx_word' id='word_1_45' title='bbox 110 1179 149 1238; x_wconf 88' lang='lat' dir='ltr'>de</span> <span class='ocrx_word' id='word_1_46' title='bbox 163 1179 289 1252; x_wconf 89' lang='lat' dir='ltr'>potentia</span> <span class='ocrx_word' id='word_1_47' title='bbox 303 1180 332 1237; x_wconf 90' lang='lat' dir='ltr'>in</span> <span class='ocrx_word' id='word_1_48' title='bbox 344 1183 452 1251; x_wconf 83' lang='lat' dir='ltr'>schum,</span> <span class='ocrx_word' id='word_1_49' title='bbox 468 1179 550 1252; x_wconf 88' lang='lat' dir='ltr'>prins</span> <span class='ocrx_word' id='word_1_50' title='bbox 565 1179 695 1252; x_wconf 88' lang='lat' dir='ltr'>pervenit</span> <span class='ocrx_word' id='word_1_51' title='bbox 707 1179 737 1236; x_wconf 94' lang='lat' dir='ltr'>in</span> <span class='ocrx_word' id='word_1_52' title='bbox 752 1179 1058 1254; x_wconf 89' lang='lat' dir='ltr'>actuminoompletum</span> <span class='ocrx_word' id='word_1_53' title='bbox 1072 1193 1161 1254; x_wconf 75' lang='grc'><strong>11111111</strong></span> 
     </span>
     <span class='ocr_line' id='line_1_9' title="bbox 109 1261 1160 1338; baseline 0.001 -17"><span class='ocrx_word' id='word_1_54' title='bbox 109 1261 143 1321; x_wconf 90' lang='lat' dir='ltr'>in</span> <span class='ocrx_word' id='word_1_55' title='bbox 166 1269 260 1322; x_wconf 91' lang='lat' dir='ltr'>actum</span> <span class='ocrx_word' id='word_1_56' title='bbox 276 1264 463 1337; x_wconf 67' lang='lat' dir='ltr'>completum</span> <span class='ocrx_word' id='word_1_57' title='bbox 479 1277 597 1321; x_wconf 89' lang='lat' dir='ltr'>necesse</span> <span class='ocrx_word' id='word_1_58' title='bbox 621 1267 664 1320; x_wconf 89' lang='lat' dir='ltr'>est</span> <span class='ocrx_word' id='word_1_59' title='bbox 677 1267 709 1320; x_wconf 93' lang='lat' dir='ltr'>ut</span> <span class='ocrx_word' id='word_1_60' title='bbox 722 1263 802 1336; x_wconf 89' lang='lat' dir='ltr'>prius</span> <span class='ocrx_word' id='word_1_61' title='bbox 824 1263 989 1336; x_wconf 87' lang='lat' dir='ltr'>simpliciter</span> <span class='ocrx_word' id='word_1_62' title='bbox 1004 1264 1160 1338; x_wconf 89' lang='lat' dir='ltr'>apprehen·</span> 
     </span>
     <span class='ocr_line' id='line_1_10' title="bbox 108 1345 1160 1421; baseline 0.002 -17"><span class='ocrx_word' id='word_1_63' title='bbox 108 1345 173 1419; x_wconf 90' lang='lat' dir='ltr'>dat,</span> <span class='ocrx_word' id='word_1_64' title='bbox 189 1347 293 1405; x_wconf 92' lang='lat' dir='ltr'>deinde</span> <span class='ocrx_word' id='word_1_65' title='bbox 307 1347 421 1404; x_wconf 86' lang='lat' dir='ltr'>iudicet.</span> <span class='ocrx_word' id='word_1_66' title='bbox 440 1345 568 1420; x_wconf 81' lang='lat' dir='ltr'>Simplex</span> <span class='ocrx_word' id='word_1_67' title='bbox 584 1347 661 1404; x_wconf 89' lang='lat' dir='ltr'>euim</span> <span class='ocrx_word' id='word_1_68' title='bbox 677 1347 865 1421; x_wconf 79' lang='lat' dir='ltr'>apprehensio</span> <span class='ocrx_word' id='word_1_69' title='bbox 879 1354 923 1405; x_wconf 92' lang='lat' dir='ltr'>est</span> <span class='ocrx_word' id='word_1_70' title='bbox 935 1347 1023 1405; x_wconf 80' lang='lat' dir='ltr'>veluti</span> <span class='ocrx_word' id='word_1_71' title='bbox 1037 1347 1160 1420; x_wconf 78' lang='lat' dir='ltr'>cognitio</span> 
     </span>
     <span class='ocr_line' id='line_1_11' title="bbox 108 1430 1126 1505; baseline 0.001 -18"><span class='ocrx_word' id='word_1_72' title='bbox 108 1430 245 1489; x_wconf 88' lang='lat' dir='ltr'>inchoata</span> <span class='ocrx_word' id='word_1_73' title='bbox 260 1435 289 1489; x_wconf 90' lang='lat' dir='ltr'>et</span> <span class='ocrx_word' id='word_1_74' title='bbox 302 1431 481 1504; x_wconf 83' lang='lat' dir='ltr'>imperiecta3</span> <span class='ocrx_word' id='word_1_75' title='bbox 498 1431 738 1504; x_wconf 90' lang='lat' dir='ltr'>quemadmodum</span> <span class='ocrx_word' id='word_1_76' title='bbox 753 1431 784 1490; x_wconf 94' lang='lat' dir='ltr'>in</span> <span class='ocrx_word' id='word_1_77' title='bbox 793 1431 896 1505; x_wconf 81' lang='lat' dir='ltr'>logica</span> <span class='ocrx_word' id='word_1_78' title='bbox 910 1431 1085 1489; x_wconf 79' lang='lat' dir='ltr'>ostendimus</span> <span class='ocrx_word' id='word_1_79' title='bbox 1101 1434 1126 1488; x_wconf 82' lang='grc'>1.</span> 
     </span>
    </p>

    <p class='ocr_par' dir='ltr' id='par_1_5' title="bbox 103 1513 1161 2267">
     <span class='ocr_line' id='line_1_12' title="bbox 146 1513 1161 1588; baseline 0.001 -16"><span class='ocrx_word' id='word_1_80' title='bbox 146 1514 224 1574; x_wconf 91' lang='lat' dir='ltr'>ldem</span> <span class='ocrx_word' id='word_1_81' title='bbox 234 1515 366 1588; x_wconf 80' lang='lat' dir='ltr'>infertur</span> <span class='ocrx_word' id='word_1_82' title='bbox 378 1513 402 1573; x_wconf 93' lang='lat' dir='ltr'>si</span> <span class='ocrx_word' id='word_1_83' title='bbox 412 1521 515 1574; x_wconf 81' lang='lat' dir='ltr'>naama</span> <span class='ocrx_word' id='word_1_84' title='bbox 524 1515 698 1575; x_wconf 90' lang='lat' dir='ltr'>iudiciorum</span> <span class='ocrx_word' id='word_1_85' title='bbox 707 1523 869 1575; x_wconf 88' lang='lat' dir='ltr'>nostrorum</span> <span class='ocrx_word' id='word_1_86' title='bbox 878 1515 1081 1574; x_wconf 86' lang='lat' dir='ltr'>consideretur</span> <span class='ocrx_word' id='word_1_87' title='bbox 1090 1515 1161 1573; x_wconf 81' lang='lat' dir='ltr'>liam</span> 
     </span>
     <span class='ocr_line' id='line_1_13' title="bbox 109 1599 1160 1676; baseline -0.002 -18"><span class='ocrx_word' id='word_1_88' title='bbox 109 1599 308 1670; x_wconf 75' lang='lat' dir='ltr'>iudiciumne</span> <span class='ocrx_word' id='word_1_89' title='bbox 322 1615 406 1673; x_wconf 86' lang='lat' dir='ltr'>saepe</span> <span class='ocrx_word' id='word_1_90' title='bbox 421 1600 562 1673; x_wconf 83' lang='lat' dir='ltr'>diximus,</span> <span class='ocrx_word' id='word_1_91' title='bbox 580 1602 666 1659; x_wconf 89' lang='lat' dir='ltr'>situm</span> <span class='ocrx_word' id='word_1_92' title='bbox 682 1601 763 1660; x_wconf 89' lang='lat' dir='ltr'>estin</span> <span class='ocrx_word' id='word_1_93' title='bbox 774 1599 985 1676; x_wconf 83' lang='lat' dir='ltr'>perspicientia</span> <span class='ocrx_word' id='word_1_94' title='bbox 990 1599 1160 1658; x_wconf 84' lang='lat' dir='ltr'>convenien-</span> 
     </span>
     <span class='ocr_line' id='line_1_14' title="bbox 109 1681 1160 1766; baseline 0 -24"><span class='ocrx_word' id='word_1_95' title='bbox 109 1683 167 1742; x_wconf 91' lang='lat' dir='ltr'>tiae</span> <span class='ocrx_word' id='word_1_96' title='bbox 191 1683 237 1742; x_wconf 86' lang='lat' dir='ltr'>vel</span> <span class='ocrx_word' id='word_1_97' title='bbox 251 1681 458 1758; x_wconf 87' lang='lat' dir='ltr'>discrepantiae</span> <span class='ocrx_word' id='word_1_98' title='bbox 478 1684 599 1742; x_wconf 89' lang='lat' dir='ltr'>duarum</span> <span class='ocrx_word' id='word_1_99' title='bbox 616 1686 764 1766; x_wconf 75' lang='lat' dir='ltr'>idearum,</span> <span class='ocrx_word' id='word_1_100' title='bbox 791 1703 825 1744; x_wconf 92' lang='lat' dir='ltr'>ac</span> <span class='ocrx_word' id='word_1_101' title='bbox 839 1685 958 1759; x_wconf 90' lang='lat' dir='ltr'>proinde</span> <span class='ocrx_word' id='word_1_102' title='bbox 972 1683 1160 1757; x_wconf 80' lang='lat' dir='ltr'>comparatio</span> 
     </span>
     <span class='ocr_line' id='line_1_15' title="bbox 107 1755 1159 1844; baseline 0.001 -18"><span class='ocrx_word' id='word_1_103' title='bbox 107 1783 177 1826; x_wconf 91' lang='lat' dir='ltr'>nem</span> <span class='ocrx_word' id='word_1_104' title='bbox 196 1767 320 1841; x_wconf 91' lang='lat' dir='ltr'>aliquam</span> <span class='ocrx_word' id='word_1_105' title='bbox 335 1765 390 1826; x_wconf 90' lang='lat' dir='ltr'>sibi</span> <span class='ocrx_word' id='word_1_106' title='bbox 403 1768 540 1844; x_wconf 87' lang='lat' dir='ltr'>implicat</span> <span class='ocrx_word' id='word_1_107' title='bbox 558 1755 659 1843; x_wconf 89' lang='lat' dir='ltr'>Nequit</span> <span class='ocrx_word' id='word_1_108' title='bbox 673 1770 753 1828; x_wconf 91' lang='lat' dir='ltr'>enim</span> <span class='ocrx_word' id='word_1_109' title='bbox 767 1769 864 1828; x_wconf 86' lang='lat' dir='ltr'>animo</span> <span class='ocrx_word' id='word_1_110' title='bbox 882 1768 1004 1844; x_wconf 86' lang='lat' dir='ltr'>perspici</span> <span class='ocrx_word' id='word_1_111' title='bbox 1024 1767 1095 1825; x_wconf 86' lang='lat' dir='ltr'>duas</span> <span class='ocrx_word' id='word_1_112' title='bbox 1109 1781 1159 1827; x_wconf 81' lang='lat' dir='ltr'>no</span> 
     </span>
     <span class='ocr_line' id='line_1_16' title="bbox 106 1852 1159 1926; baseline -0.001 -15"><span class='ocrx_word' id='word_1_113' title='bbox 106 1853 199 1912; x_wconf 90' lang='lat' dir='ltr'>tiones</span> <span class='ocrx_word' id='word_1_114' title='bbox 214 1852 287 1910; x_wconf 91' lang='lat' dir='ltr'>inter</span> <span class='ocrx_word' id='word_1_115' title='bbox 302 1867 333 1910; x_wconf 90' lang='lat' dir='ltr'>se</span> <span class='ocrx_word' id='word_1_116' title='bbox 347 1867 504 1926; x_wconf 84' lang='lat' dir='ltr'>congruere</span> <span class='ocrx_word' id='word_1_117' title='bbox 514 1853 559 1911; x_wconf 87' lang='lat' dir='ltr'>uel</span> <span class='ocrx_word' id='word_1_118' title='bbox 569 1853 725 1922; x_wconf 89' lang='lat' dir='ltr'>dissidere,</span> <span class='ocrx_word' id='word_1_119' title='bbox 736 1854 792 1913; x_wconf 84' lang='lat' dir='ltr'>nisi</span> <span class='ocrx_word' id='word_1_120' title='bbox 786 1853 893 1912; x_wconf 86' lang='lat' dir='ltr'>altera</span> <span class='ocrx_word' id='word_1_121' title='bbox 904 1867 970 1911; x_wconf 88' lang='lat' dir='ltr'>cum</span> <span class='ocrx_word' id='word_1_122' title='bbox 985 1852 1074 1910; x_wconf 85' lang='lat' dir='ltr'>altera</span> <span class='ocrx_word' id='word_1_123' title='bbox 1083 1865 1159 1910; x_wconf 86' lang='lat' dir='ltr'>com·</span> 
     </span>
     <span class='ocr_line' id='line_1_17' title="bbox 104 1937 1159 2012; baseline 0.001 -17"><span class='ocrx_word' id='word_1_124' title='bbox 104 1941 241 2010; x_wconf 89' lang='lat' dir='ltr'>ponatur,</span> <span class='ocrx_word' id='word_1_125' title='bbox 258 1941 343 2011; x_wconf 87' lang='lat' dir='ltr'>atque</span> <span class='ocrx_word' id='word_1_126' title='bbox 357 1943 478 2011; x_wconf 89' lang='lat' dir='ltr'>utraque</span> <span class='ocrx_word' id='word_1_127' title='bbox 493 1937 619 1996; x_wconf 82' lang='lat' dir='ltr'>vicissim</span> <span class='ocrx_word' id='word_1_128' title='bbox 637 1938 725 1997; x_wconf 85' lang='lat' dir='ltr'>veluti</span> <span class='ocrx_word' id='word_1_129' title='bbox 749 1939 896 2012; x_wconf 87' lang='lat' dir='ltr'>eregione</span> <span class='ocrx_word' id='word_1_130' title='bbox 911 1937 1071 1996; x_wconf 87' lang='lat' dir='ltr'>collocetur.</span> <span class='ocrx_word' id='word_1_131' title='bbox 1088 1937 1159 1996; x_wconf 89' lang='lat' dir='ltr'>ilinc</span> 
     </span>
     <span class='ocr_line' id='line_1_18' title="bbox 105 2020 1158 2101; baseline 0 -21"><span class='ocrx_word' id='word_1_132' title='bbox 105 2035 173 2080; x_wconf 82' lang='lat' dir='ltr'>uero</span> <span class='ocrx_word' id='word_1_133' title='bbox 188 2021 371 2101; x_wconf 87' lang='lat' dir='ltr'>consequitur</span> <span class='ocrx_word' id='word_1_134' title='bbox 384 2023 508 2096; x_wconf 88' lang='lat' dir='ltr'>primam</span> <span class='ocrx_word' id='word_1_135' title='bbox 523 2024 719 2098; x_wconf 85' lang='lat' dir='ltr'>operationem</span> <span class='ocrx_word' id='word_1_136' title='bbox 735 2024 841 2083; x_wconf 87' lang='lat' dir='ltr'>mentis</span> <span class='ocrx_word' id='word_1_137' title='bbox 850 2037 999 2096; x_wconf 90' lang='lat' dir='ltr'>nunquam</span> <span class='ocrx_word' id='word_1_138' title='bbox 1009 2037 1071 2080; x_wconf 88' lang='lat' dir='ltr'>esse</span> <span class='ocrx_word' id='word_1_139' title='bbox 1085 2020 1158 2080; x_wconf 92' lang='lat' dir='ltr'>iudi·</span> 
     </span>
     <span class='ocr_line' id='line_1_19' title="bbox 105 2105 1159 2183; baseline 0 -19"><span class='ocrx_word' id='word_1_140' title='bbox 105 2105 199 2179; x_wconf 91' lang='lat' dir='ltr'>cium,</span> <span class='ocrx_word' id='word_1_141' title='bbox 224 2105 274 2164; x_wconf 89' lang='lat' dir='ltr'>sed</span> <span class='ocrx_word' id='word_1_142' title='bbox 296 2107 456 2180; x_wconf 87' lang='lat' dir='ltr'>simplicem</span> <span class='ocrx_word' id='word_1_143' title='bbox 480 2109 752 2182; x_wconf 67' lang='lat' dir='ltr'>apprehensionem</span> <span class='ocrx_word' id='word_1_144' title='bbox 774 2112 921 2183; x_wconf 88' lang='lat' dir='ltr'>nequeunt</span> <span class='ocrx_word' id='word_1_145' title='bbox 938 2107 1016 2165; x_wconf 90' lang='lat' dir='ltr'>enim</span> <span class='ocrx_word' id='word_1_146' title='bbox 1039 2105 1114 2165; x_wconf 88' lang='lat' dir='ltr'>inter</span> <span class='ocrx_word' id='word_1_147' title='bbox 1127 2119 1159 2165; x_wconf 90' lang='lat' dir='ltr'>se</span> 
     </span>
     <span class='ocr_line' id='line_1_20' title="bbox 103 2190 852 2267; baseline 0.005 -19"><span class='ocrx_word' id='word_1_148' title='bbox 103 2191 282 2264; x_wconf 86' lang='lat' dir='ltr'>comparari,</span> <span class='ocrx_word' id='word_1_149' title='bbox 301 2190 361 2248; x_wconf 88' lang='lat' dir='ltr'>nisi</span> <span class='ocrx_word' id='word_1_150' title='bbox 376 2206 497 2267; x_wconf 88' lang='lat' dir='ltr'>eaquae</span> <span class='ocrx_word' id='word_1_151' title='bbox 512 2197 578 2250; x_wconf 87' lang='lat' dir='ltr'>anto</span> <span class='ocrx_word' id='word_1_152' title='bbox 588 2198 722 2267; x_wconf 79' lang='lat' dir='ltr'>percepta</span> <span class='ocrx_word' id='word_1_153' title='bbox 736 2193 852 2252; x_wconf 87' lang='lat' dir='ltr'>luerint.</span> 
     </span>
    </p>

    <p class='ocr_par' dir='ltr' id='par_1_6' title="bbox 104 2273 1158 2438">
     <span class='ocr_line' id='line_1_21' title="bbox 141 2273 1158 2353; baseline 0.002 -21"><span class='ocrx_word' id='word_1_154' title='bbox 141 2273 244 2332; x_wconf 76' lang='lat' dir='ltr'>Contra</span> <span class='ocrx_word' id='word_1_155' title='bbox 259 2273 334 2332; x_wconf 92' lang='lat' dir='ltr'>hanc</span> <span class='ocrx_word' id='word_1_156' title='bbox 351 2275 510 2335; x_wconf 86' lang='lat' dir='ltr'>doctrinam</span> <span class='ocrx_word' id='word_1_157' title='bbox 522 2276 590 2335; x_wconf 84' lang='lat' dir='ltr'>Reid</span> <span class='ocrx_word' id='word_1_158' title='bbox 601 2277 743 2351; x_wconf 86' lang='lat' dir='ltr'>inprimis</span> <span class='ocrx_word' id='word_1_159' title='bbox 754 2278 850 2337; x_wconf 87' lang='lat' dir='ltr'>docuit</span> <span class='ocrx_word' id='word_1_160' title='bbox 863 2277 958 2353; x_wconf 88' lang='lat' dir='ltr'>aliqua</span> <span class='ocrx_word' id='word_1_161' title='bbox 970 2291 1033 2336; x_wconf 88' lang='lat' dir='ltr'>esse</span> <span class='ocrx_word' id='word_1_162' title='bbox 1051 2275 1158 2335; x_wconf 89' lang='lat' dir='ltr'>iudicia</span> 
     </span>
     <span class='ocr_line' id='line_1_22' title="bbox 104 2358 1154 2438; baseline 0 -20"><span class='ocrx_word' id='word_1_163' title='bbox 104 2373 165 2418; x_wconf 89' lang='lat' dir='ltr'>non</span> <span class='ocrx_word' id='word_1_164' title='bbox 188 2358 381 2430; x_wconf 85' lang='lat' dir='ltr'>comparativa</span> <span class='ocrx_word' id='word_1_165' title='bbox 406 2361 455 2419; x_wconf 87' lang='lat' dir='ltr'>sed</span> <span class='ocrx_word' id='word_1_166' title='bbox 477 2377 514 2420; x_wconf 86' lang='lat' dir='ltr'>ex</span> <span class='ocrx_word' id='word_1_167' title='bbox 537 2361 673 2422; x_wconf 87' lang='lat' dir='ltr'>instinctu</span> <span class='ocrx_word' id='word_1_168' title='bbox 695 2365 817 2438; x_wconf 89' lang='lat' dir='ltr'>quodam</span> <span class='ocrx_word' id='word_1_169' title='bbox 842 2365 946 2422; x_wconf 77' lang='grc'><strong>11111111</strong></span> <span class='ocrx_word' id='word_1_170' title='bbox 965 2362 1154 2435; x_wconf 87' lang='lat' dir='ltr'>emergentia,</span> 
     </span>
    </p>
   </div>
   <div class='ocr_carea' id='block_1_5' title="bbox 11 2440 1157 2520">
    <p class='ocr_par' dir='ltr' id='par_1_7' title="bbox 11 2440 1157 2520">
     <span class='ocr_line' id='line_1_23' title="bbox 11 2440 1157 2520; baseline 0.009 -24"><span class='ocrx_word' id='word_1_171' title='bbox 11 2455 12 2460; x_wconf 46' lang='lat'>¹</span> <span class='ocrx_word' id='word_1_172' title='bbox 102 2455 179 2515; x_wconf 90' lang='lat' dir='ltr'>qnae</span> <span class='ocrx_word' id='word_1_173' title='bbox 199 2440 357 2516; x_wconf 87' lang='lat' dir='ltr'>simplicem</span> <span class='ocrx_word' id='word_1_174' title='bbox 380 2443 637 2519; x_wconf 84' lang='lat' dir='ltr'>apprehensionem</span> <span class='ocrx_word' id='word_1_175' title='bbox 659 2454 838 2508; x_wconf 85' lang='lat' dir='ltr'>antevertant</span> <span class='ocrx_word' id='word_1_176' title='bbox 853 2449 877 2506; x_wconf 81' lang='lat'>².</span> <span class='ocrx_word' id='word_1_177' title='bbox 901 2447 1023 2520; x_wconf 86' lang='lat' dir='ltr'>Longius</span> <span class='ocrx_word' id='word_1_178' title='bbox 1042 2457 1157 2518; x_wconf 79' lang='lat' dir='ltr'>progre-</span> 
     </span>
    </p>
   </div>
   <div class='ocr_carea' id='block_1_6' title="bbox 96 2524 1158 3530">
    <p class='ocr_par' dir='ltr' id='par_1_8' title="bbox 97 2524 1157 2858">
     <span class='ocr_line' id='line_1_24' title="bbox 100 2524 1157 2608; baseline 0.004 -27"><span class='ocrx_word' id='word_1_179' title='bbox 100 2524 336 2584; x_wconf 87' lang='lat' dir='ltr'>diunturtlousin</span> <span class='ocrx_word' id='word_1_180' title='bbox 351 2529 366 2575; x_wconf 73' lang='lat'><strong>³</strong></span> <span class='ocrx_word' id='word_1_181' title='bbox 381 2533 409 2587; x_wconf 90' lang='lat' dir='ltr'>et</span> <span class='ocrx_word' id='word_1_182' title='bbox 424 2527 590 2589; x_wconf 76' lang='lat' dir='ltr'>Damlrout</span> <span class='ocrx_word' id='word_1_183' title='bbox 600 2532 691 2608; x_wconf 90' lang='lat' dir='ltr'>,qui,</span> <span class='ocrx_word' id='word_1_184' title='bbox 710 2533 902 2599; x_wconf 88' lang='lat' dir='ltr'>siahstracta,</span> <span class='ocrx_word' id='word_1_185' title='bbox 919 2527 1157 2604; x_wconf 89' lang='lat' dir='ltr'>praeciseutah-</span> 
     </span>
     <span class='ocr_line' id='line_1_25' title="bbox 98 2579 1156 2712; baseline 0.004 -44"><span class='ocrx_word' id='word_1_186' title='bbox 98 2613 207 2668; x_wconf 87' lang='lat' dir='ltr'>stracta</span> <span class='ocrx_word' id='word_1_187' title='bbox 231 2616 311 2684; x_wconf 87' lang='lat' dir='ltr'>suut,</span> <span class='ocrx_word' id='word_1_188' title='bbox 332 2613 527 2690; x_wconf 80' lang='lat' dir='ltr'>excipiantur,</span> <span class='ocrx_word' id='word_1_189' title='bbox 555 2579 666 2676; x_wconf 75' lang='lat' dir='ltr'>duflum</span> <span class='ocrx_word' id='word_1_190' title='bbox 691 2618 831 2678; x_wconf 91' lang='lat' dir='ltr'>iudicium</span> <span class='ocrx_word' id='word_1_191' title='bbox 853 2615 1079 2712; x_wconf 83' lang='lat' dir='ltr'>comparativum</span> <span class='ocrx_word' id='word_1_192' title='bbox 1094 2627 1156 2672; x_wconf 86' lang='lat' dir='ltr'>esse</span> 
     </span>
     <span class='ocr_line' id='line_1_26' title="bbox 98 2694 1155 2801; baseline 0.006 -50"><span class='ocrx_word' id='word_1_193' title='bbox 98 2694 194 2767; x_wconf 87' lang='lat' dir='ltr'>aiunt;</span> <span class='ocrx_word' id='word_1_194' title='bbox 213 2711 265 2754; x_wconf 90' lang='lat' dir='ltr'>nec</span> <span class='ocrx_word' id='word_1_195' title='bbox 281 2697 383 2757; x_wconf 90' lang='lat' dir='ltr'>desunt</span> <span class='ocrx_word' id='word_1_196' title='bbox 398 2699 509 2759; x_wconf 90' lang='lat' dir='ltr'>etiam</span> <span class='ocrx_word' id='word_1_197' title='bbox 500 2717 531 2760; x_wconf 84' lang='lat' dir='ltr'>ln</span> <span class='ocrx_word' id='word_1_198' title='bbox 547 2703 627 2760; x_wconf 86' lang='lat' dir='ltr'>ltalia</span> <span class='ocrx_word' id='word_1_199' title='bbox 642 2703 692 2777; x_wconf 90' lang='lat' dir='ltr'>qui</span> <span class='ocrx_word' id='word_1_200' title='bbox 708 2704 838 2762; x_wconf 90' lang='lat' dir='ltr'>eamdem</span> <span class='ocrx_word' id='word_1_201' title='bbox 852 2701 1016 2801; x_wconf 81' lang='lat' dir='ltr'>opinionem</span> <span class='ocrx_word' id='word_1_202' title='bbox 1030 2705 1155 2759; x_wconf 82' lang='lat' dir='ltr'>arctate</span> 
     </span>
     <span class='ocr_line' id='line_1_27' title="bbox 97 2781 521 2858; baseline 0.017 -22"><span class='ocrx_word' id='word_1_203' title='bbox 97 2785 170 2838; x_wconf 86' lang='lat' dir='ltr'>nent</span> <span class='ocrx_word' id='word_1_204' title='bbox 185 2781 342 2858; x_wconf 83' lang='lat' dir='ltr'>acriterque</span> <span class='ocrx_word' id='word_1_205' title='bbox 354 2784 521 2844; x_wconf 82' lang='lat' dir='ltr'>detendunt.</span> 
     </span>
    </p>

    <p class='ocr_par' dir='ltr' id='par_1_9' title="bbox 96 2863 1158 3441">
     <span class='ocr_line' id='line_1_28' title="bbox 136 2863 1152 2941; baseline -0.001 -20"><span class='ocrx_word' id='word_1_206' title='bbox 136 2863 190 2922; x_wconf 88' lang='lat' dir='ltr'>Sed</span> <span class='ocrx_word' id='word_1_207' title='bbox 204 2881 251 2924; x_wconf 84' lang='lat' dir='ltr'>eos</span> <span class='ocrx_word' id='word_1_208' title='bbox 266 2865 296 2923; x_wconf 92' lang='lat' dir='ltr'>in</span> <span class='ocrx_word' id='word_1_209' title='bbox 312 2883 406 2927; x_wconf 88' lang='lat' dir='ltr'>errore</span> <span class='ocrx_word' id='word_1_210' title='bbox 425 2869 535 2926; x_wconf 81' lang='lat' dir='ltr'>uersari</span> <span class='ocrx_word' id='word_1_211' title='bbox 549 2868 596 2926; x_wconf 86' lang='lat' dir='ltr'>vel</span> <span class='ocrx_word' id='word_1_212' title='bbox 612 2883 649 2926; x_wconf 81' lang='lat' dir='ltr'>ex</span> <span class='ocrx_word' id='word_1_213' title='bbox 665 2867 720 2925; x_wconf 93' lang='lat' dir='ltr'>hoc</span> <span class='ocrx_word' id='word_1_214' title='bbox 737 2883 797 2926; x_wconf 88' lang='lat' dir='ltr'>uno</span> <span class='ocrx_word' id='word_1_215' title='bbox 810 2867 935 2941; x_wconf 86' lang='lat' dir='ltr'>perspici</span> <span class='ocrx_word' id='word_1_216' title='bbox 950 2869 1055 2940; x_wconf 87' lang='lat' dir='ltr'>potest,</span> <span class='ocrx_word' id='word_1_217' title='bbox 1067 2865 1152 2939; x_wconf 86' lang='lat' dir='ltr'>quod,</span> 
     </span>
     <span class='ocr_line' id='line_1_29' title="bbox 96 2947 1154 3023; baseline 0.001 -18"><span class='ocrx_word' id='word_1_218' title='bbox 96 2947 170 3021; x_wconf 86' lang='lat' dir='ltr'>ipsis</span> <span class='ocrx_word' id='word_1_219' title='bbox 181 2949 345 3021; x_wconf 84' lang='lat' dir='ltr'>latentibus,</span> <span class='ocrx_word' id='word_1_220' title='bbox 357 2949 496 3008; x_wconf 89' lang='lat' dir='ltr'>iudicium</span> <span class='ocrx_word' id='word_1_221' title='bbox 512 2965 597 3007; x_wconf 88' lang='lat' dir='ltr'>omne</span> <span class='ocrx_word' id='word_1_222' title='bbox 608 2951 638 3006; x_wconf 92' lang='lat' dir='ltr'>in</span> <span class='ocrx_word' id='word_1_223' title='bbox 655 2951 783 3022; x_wconf 85' lang='lat' dir='ltr'>synthesi</span> <span class='ocrx_word' id='word_1_224' title='bbox 798 2951 921 3023; x_wconf 88' lang='lat' dir='ltr'>quadam</span> <span class='ocrx_word' id='word_1_225' title='bbox 932 2947 1016 3007; x_wconf 88' lang='lat' dir='ltr'>ideali</span> <span class='ocrx_word' id='word_1_226' title='bbox 1029 2948 1154 3023; x_wconf 89' lang='lat' dir='ltr'>positum</span> 
     </span>
     <span class='ocr_line' id='line_1_30' title="bbox 99 3029 1154 3104; baseline 0.002 -14"><span class='ocrx_word' id='word_1_227' title='bbox 99 3031 147 3090; x_wconf 86' lang='lat' dir='ltr'>sit.</span> <span class='ocrx_word' id='word_1_228' title='bbox 171 3029 317 3102; x_wconf 75' lang='lat' dir='ltr'>Synthesis</span> <span class='ocrx_word' id='word_1_229' title='bbox 340 3037 435 3088; x_wconf 89' lang='lat' dir='ltr'>autem</span> <span class='ocrx_word' id='word_1_230' title='bbox 455 3031 554 3103; x_wconf 89' lang='lat' dir='ltr'>perlici</span> <span class='ocrx_word' id='word_1_231' title='bbox 574 3031 689 3104; x_wconf 90' lang='lat' dir='ltr'>nequit,</span> <span class='ocrx_word' id='word_1_232' title='bbox 712 3035 769 3091; x_wconf 89' lang='lat' dir='ltr'>nisi</span> <span class='ocrx_word' id='word_1_233' title='bbox 784 3033 924 3092; x_wconf 83' lang='lat' dir='ltr'>elementa</span> <span class='ocrx_word' id='word_1_234' title='bbox 946 3033 1154 3092; x_wconf 86' lang='lat' dir='ltr'>subaudiantur</span> 
     </span>
     <span class='ocr_line' id='line_1_31' title="bbox 98 3112 1158 3193; baseline 0.006 -23"><span class='ocrx_word' id='word_1_235' title='bbox 98 3112 206 3188; x_wconf 87' lang='lat' dir='ltr'>quihus</span> <span class='ocrx_word' id='word_1_236' title='bbox 221 3117 350 3171; x_wconf 86' lang='lat' dir='ltr'>constare</span> <span class='ocrx_word' id='word_1_237' title='bbox 360 3113 445 3172; x_wconf 87' lang='lat' dir='ltr'>dehet</span> <span class='ocrx_word' id='word_1_238' title='bbox 459 3115 668 3188; x_wconf 85' lang='lat' dir='ltr'>compositum,</span> <span class='ocrx_word' id='word_1_239' title='bbox 684 3119 762 3190; x_wconf 91' lang='lat' dir='ltr'>quod</span> <span class='ocrx_word' id='word_1_240' title='bbox 778 3119 844 3176; x_wconf 89' lang='lat' dir='ltr'>inde</span> <span class='ocrx_word' id='word_1_241' title='bbox 860 3119 996 3193; x_wconf 78' lang='lat' dir='ltr'>exsurgit.</span> <span class='ocrx_word' id='word_1_242' title='bbox 1013 3118 1158 3192; x_wconf 80' lang='lat' dir='ltr'>Ergocum</span> 
     </span>
     <span class='ocr_line' id='line_1_32' title="bbox 99 3196 1152 3277; baseline 0.001 -21"><span class='ocrx_word' id='word_1_243' title='bbox 99 3198 242 3256; x_wconf 90' lang='lat' dir='ltr'>elementa</span> <span class='ocrx_word' id='word_1_244' title='bbox 260 3196 400 3257; x_wconf 89' lang='lat' dir='ltr'>eiusmodi</span> <span class='ocrx_word' id='word_1_245' title='bbox 415 3197 471 3257; x_wconf 88' lang='lat' dir='ltr'>alia</span> <span class='ocrx_word' id='word_1_246' title='bbox 486 3214 543 3258; x_wconf 91' lang='lat' dir='ltr'>non</span> <span class='ocrx_word' id='word_1_247' title='bbox 558 3200 632 3273; x_wconf 88' lang='lat' dir='ltr'>sint,</span> <span class='ocrx_word' id='word_1_248' title='bbox 650 3200 707 3260; x_wconf 87' lang='lat' dir='ltr'>nisi</span> <span class='ocrx_word' id='word_1_249' title='bbox 721 3203 914 3277; x_wconf 87' lang='lat' dir='ltr'>praedicatum</span> <span class='ocrx_word' id='word_1_250' title='bbox 934 3202 1152 3275; x_wconf 88' lang='lat' dir='ltr'>subiectumque</span> 
     </span>
     <span class='ocr_line' id='line_1_33' title="bbox 98 3281 1152 3364; baseline 0.005 -24"><span class='ocrx_word' id='word_1_251' title='bbox 98 3281 213 3355; x_wconf 88' lang='lat' dir='ltr'>iudicii;</span> <span class='ocrx_word' id='word_1_252' title='bbox 230 3281 300 3341; x_wconf 89' lang='lat' dir='ltr'>haec</span> <span class='ocrx_word' id='word_1_253' title='bbox 314 3282 345 3342; x_wconf 93' lang='lat' dir='ltr'>in</span> <span class='ocrx_word' id='word_1_254' title='bbox 359 3283 504 3344; x_wconf 88' lang='lat' dir='ltr'>intellectu</span> <span class='ocrx_word' id='word_1_255' title='bbox 518 3284 713 3360; x_wconf 84' lang='lat' dir='ltr'>praeexistant</span> <span class='ocrx_word' id='word_1_256' title='bbox 733 3293 842 3364; x_wconf 87' lang='lat' dir='ltr'>oportet</span> <span class='ocrx_word' id='word_1_257' title='bbox 860 3293 892 3346; x_wconf 91' lang='lat' dir='ltr'>ut</span> <span class='ocrx_word' id='word_1_258' title='bbox 907 3287 943 3346; x_wconf 86' lang='lat' dir='ltr'>ab</span> <span class='ocrx_word' id='word_1_259' title='bbox 958 3302 992 3345; x_wconf 91' lang='lat' dir='ltr'>eo</span> <span class='ocrx_word' id='word_1_260' title='bbox 1008 3283 1152 3345; x_wconf 85' lang='lat' dir='ltr'>iudicium</span> 
     </span>
     <span class='ocr_line' id='line_1_34' title="bbox 99 3365 334 3441; baseline 0 -15"><span class='ocrx_word' id='word_1_261' title='bbox 99 3365 222 3439; x_wconf 82' lang='lat' dir='ltr'>proferri</span> <span class='ocrx_word' id='word_1_262' title='bbox 236 3367 334 3441; x_wconf 88' lang='lat' dir='ltr'>possit.</span> 
     </span>
    </p>

    <p class='ocr_par' dir='ltr' id='par_1_10' title="bbox 135 3451 1150 3530">
     <span class='ocr_line' id='line_1_35' title="bbox 135 3451 1150 3530; baseline 0.002 -19"><span class='ocrx_word' id='word_1_263' title='bbox 135 3452 191 3511; x_wconf 87' lang='lat' dir='ltr'>ltec</span> <span class='ocrx_word' id='word_1_264' title='bbox 206 3453 363 3527; x_wconf 84' lang='lat' dir='ltr'>quidquam</span> <span class='ocrx_word' id='word_1_265' title='bbox 377 3458 476 3514; x_wconf 89' lang='lat' dir='ltr'>contra</span> <span class='ocrx_word' id='word_1_266' title='bbox 494 3457 569 3516; x_wconf 84' lang='lat' dir='ltr'>ualet</span> <span class='ocrx_word' id='word_1_267' title='bbox 584 3457 659 3530; x_wconf 91' lang='lat' dir='ltr'>quod</span> <span class='ocrx_word' id='word_1_268' title='bbox 683 3459 813 3519; x_wconf 91' lang='lat' dir='ltr'>nonnulli</span> <span class='ocrx_word' id='word_1_269' title='bbox 833 3473 871 3519; x_wconf 80' lang='lat' dir='ltr'>ex</span> <span class='ocrx_word' id='word_1_270' title='bbox 886 3451 1056 3520; x_wconf 84' lang='lat' dir='ltr'>aduersariis</span> <span class='ocrx_word' id='word_1_271' title='bbox 1070 3467 1150 3530; x_wconf 87' lang='lat' dir='ltr'>repo·</span> 
     </span>
    </p>
   </div>
   <div class='ocr_carea' id='block_1_7' title="bbox 101 3535 1149 3632">
    <p class='ocr_par' dir='ltr' id='par_1_11' title="bbox 101 3535 1149 3632">
     <span class='ocr_line' id='line_1_36' title="bbox 101 3535 1149 3632; baseline 0.001 -35"><span class='ocrx_word' id='word_1_272' title='bbox 101 3539 190 3632; x_wconf 77' lang='lat' dir='ltr'>nunt,</span> <span class='ocrx_word' id='word_1_273' title='bbox 213 3535 350 3598; x_wconf 73' lang='lat' dir='ltr'>mnodum</span> <span class='ocrx_word' id='word_1_274' title='bbox 365 3539 523 3616; x_wconf 79' lang='lat' dir='ltr'>synthesim</span> <span class='ocrx_word' id='word_1_275' title='bbox 536 3541 616 3602; x_wconf 89' lang='lat' dir='ltr'>illam</span> <span class='ocrx_word' id='word_1_276' title='bbox 630 3557 689 3603; x_wconf 93' lang='lat' dir='ltr'>non</span> <span class='ocrx_word' id='word_1_277' title='bbox 708 3545 771 3606; x_wconf 88' lang='lat' dir='ltr'>fleri</span> <span class='ocrx_word' id='word_1_278' title='bbox 786 3545 823 3605; x_wconf 87' lang='lat' dir='ltr'>ab</span> <span class='ocrx_word' id='word_1_279' title='bbox 837 3543 982 3606; x_wconf 86' lang='lat' dir='ltr'>intellectu</span> <span class='ocrx_word' id='word_1_280' title='bbox 998 3540 1047 3602; x_wconf 90' lang='lat' dir='ltr'>sed</span> <span class='ocrx_word' id='word_1_281' title='bbox 1063 3555 1081 3598; x_wconf 87' lang='lat' dir='ltr'>a</span> <span class='ocrx_word' id='word_1_282' title='bbox 1099 3554 1149 3618; x_wconf 79' lang='lat' dir='ltr'>np-</span> 
     </span>
    </p>
   </div>
   <div class='ocr_carea' id='block_1_8' title="bbox 145 3663 575 3810">
    <p class='ocr_par' dir='ltr' id='par_1_12' title="bbox 145 3663 567 3804">
     <span class='ocr_line' id='line_1_37' title="bbox 145 3663 437 3730; baseline 0.022 -20"><span class='ocrx_word' id='word_1_283' title='bbox 145 3663 437 3730; x_wconf 54' lang='grc'><strong>1111111111.</strong></span> 
     </span>
     <span class='ocr_line' id='line_1_38' title="bbox 145 3737 575 3810; baseline 0.026 -24"><span class='ocrx_word' id='word_1_284' title='bbox 145 3737 575 3810; x_wconf 68' lang='lat' dir='ltr'>hnewreeempt.th,nodti.</span> 
     </span>
    </p>
   </div>
   <div class='ocr_carea' id='block_1_9' title="bbox 144 3811 934 3962">
    <p class='ocr_par' dir='ltr' id='par_1_13' title="bbox 144 3811 934 3954">
     <span class='ocr_line' id='line_1_39' title="bbox 144 3811 934 3893; baseline 0.044 -31"><span class='ocrx_word' id='word_1_285' title='bbox 144 3811 238 3864; x_wconf 80' lang='lat' dir='ltr'>enee.</span> <span class='ocrx_word' id='word_1_286' title='bbox 256 3818 423 3885; x_wconf 66' lang='lat' dir='ltr'>amputo.</span> <span class='ocrx_word' id='word_1_287' title='bbox 442 3821 934 3893; x_wconf 57' lang='grc'><strong>111111111111111111111</strong></span> 
     </span>
     <span class='ocr_line' id='line_1_40' title="bbox 144 3888 485 3962; baseline 0.024 -24.024"><span class='ocrx_word' id='word_1_288' title='bbox 144 3888 389 3962; x_wconf 62' lang='lat' dir='ltr'>tumorem,</span> <span class='ocrx_word' id='word_1_289' title='bbox 405 3893 485 3948; x_wconf 71' lang='lat' dir='ltr'>ehi.</span> 
     </span>
    </p>
   </div>
   <div class='ocr_carea' id='block_1_10' title="bbox 0 0 1388 4492">
    <p class='ocr_par' dir='ltr' id='par_1_14' title="bbox 0 0 1388 4492">
     <span class='ocr_line' id='line_1_41' title="bbox 0 0 1388 4492; baseline 0 4"><span class='ocrx_word' id='word_1_290' title='bbox 0 0 1388 4492; x_wconf 95' lang='lat' dir='ltr'> </span> 
     </span>
    </p>
   </div>
  </div>
 </body>
</html>
