2767 4492
518 405 727 453 censeamur
1095 389 1145 452 123

106 480 306 547 admittendam
320 488 407 562 adigi,
425 489 610 549 subtilissime
624 489 747 549 ostendit
763 489 789 549 S.
802 485 994 564 Augustinus3
1012 487 1096 548 cuius
1110 489 1150 547 lo

106 583 167 628 tum
180 572 256 631 male
270 572 399 632 imitatus
407 579 450 632 est
464 573 604 634 Gentesius
612 589 669 632 usu
680 589 739 632 uon
753 573 871 634 relativo
884 573 934 633 sed
951 571 1098 644 absolut03
1111 571 1149 632 si·

104 653 214 725 ursidem
227 656 265 714 ad
278 656 476 716 certitudinem
486 673 536 733 pro
547 655 722 733 philosophis
731 658 890 731 generatim
900 657 1037 718 tuendam
1054 663 1144 716 trans-

105 735 163 795 tulit
174 739 357 814 methodum,
377 756 464 815 quam
478 740 526 800 ille
540 757 592 816 pro
613 742 681 802 solis
703 743 833 816 scepticis
854 741 1015 802 refutandis
1034 741 1143 800 docuit.

101 819 140 879 lin
150 822 248 882 Sancti
261 824 386 884 Doctoris
395 826 498 885 verba:
517 827 608 886 ·Nam
622 831 651 885 et
666 828 939 901 summittentem
952 842 1004 885 nos
1019 841 1081 886 esse
1095 842 1146 884 no

104 929 114 956 ι
130 905 236 981 vimus,
251 913 281 968 el
292 909 322 968 id
335 925 407 984 esse,
424 925 458 969 ac
470 925 554 970 nosse
567 911 724 986 diligimus.
741 911 772 969 ln
787 911 831 970 his
843 916 940 971 autem
956 911 1056 984 tribue,
1069 925 1145 986 quae

102 1011 113 1040 «
129 989 203 1064 dini,
217 993 297 1052 nulla
309 1009 363 1053 nos
377 994 486 1054 falsitas
499 995 662 1055 verisimilis
677 995 783 1054 urebat.
800 995 860 1054 Non
874 997 952 1055 euim
968 1011 1013 1069 ea,
1026 995 1103 1054 sicut
1116 995 1149 1052 il·

102 1097 114 1124 «
131 1073 162 1132 la
174 1091 248 1148 quae
260 1077 329 1138 toris
343 1083 426 1152 sunt,
441 1079 500 1138 ullo
514 1095 600 1139 sensu
621 1080 749 1154 corporis
765 1080 925 1153 tangimus,
942 1079 1021 1140 velut
1040 1079 1148 1138 colores

101 1180 114 1209 «
130 1159 269 1236 videndo,
285 1179 370 1222 sonos
384 1164 539 1235 audiendo,
555 1163 655 1222 odores
668 1163 842 1237 olfaciendo,
858 1179 973 1239 sapores
987 1164 1147 1239 gustando',

100 1265 112 1293 ι
128 1242 204 1303 dura
214 1251 244 1304 et
251 1247 349 1305 mollia
357 1247 560 1306 contrectando
574 1248 724 1305 sentimus.
735 1247 860 1314 Quorum
870 1247 1050 1307 sensibilium
1059 1249 1148 1308 etlam

99 1348 111 1378 α
127 1327 274 1402 imagines
289 1330 332 1388 eis
347 1329 522 1401 simillimas,
537 1344 593 1388 nec
612 1330 672 1388 iam
686 1345 849 1404 corporeas,
870 1331 1037 1403 cogitatione
1055 1348 1151 1390 versa·

98 1433 111 1462 «
128 1426 211 1483 mus,
230 1410 370 1471 memoria
384 1417 529 1486 tenemus,
546 1417 575 1471 et
591 1428 643 1488 per
657 1413 734 1486 ipsas
748 1413 779 1473 in
793 1413 914 1472 istorum
932 1414 1071 1473 desideria
1085 1431 1152 1473 con·

100 1518 113 1546 a
131 1493 268 1555 citamur.
285 1496 340 1554 Sed
353 1495 416 1555 sine
430 1495 488 1555 ulla
501 1497 725 1573 phantasiarum,
745 1498 788 1557 vel
803 1497 1037 1572 phantasmatum
1051 1498 1153 1572 imagi·

99 1602 112 1630 α
130 1579 253 1638 natione
266 1579 463 1656 ludificatoria,
480 1581 551 1641 mihi
565 1598 629 1643 csse
642 1598 699 1656 me,
716 1582 802 1657 idque
818 1598 922 1657 nosse,
940 1587 969 1640 et
983 1597 1080 1642 amare
1094 1598 1154 1642 ccr-

102 1687 113 1714 ι
130 1663 278 1723 tissimum
290 1670 343 1723 cst.
359 1664 441 1724 ll'ulla
454 1665 486 1724 in
498 1667 633 1727 disseris
654 1668 888 1728 Academicorum
910 1671 1078 1740 argumenta
1099 1667 1153 1726 for-

104 1771 115 1799 ·
131 1748 210 1808 mido
225 1749 397 1809 dicentium:
412 1751 490 1826 quid,
506 1753 532 1812 si
546 1753 671 1812 falleris?
686 1753 715 1812 Si
730 1753 808 1812 enim
823 1753 915 1827 fallor,
927 1768 1001 1812 sum.
1016 1755 1085 1813 Nam
1100 1753 1150 1828 qui

105 1857 116 1884 e
133 1850 192 1894 non
207 1842 259 1904 est,
274 1837 372 1911 utique
385 1851 440 1896 nec
454 1837 514 1898 falli
527 1844 633 1914 potest3
650 1855 684 1898 ac
699 1856 750 1913 per
765 1840 818 1899 hoc
834 1855 908 1914 sum,
925 1839 950 1898 si
966 1839 1059 1898 fallor.
1078 1838 1150 1908 Ouia

105 1943 116 1971 ι
132 1935 201 1994 ergo
216 1937 281 1980 sum
296 1922 321 1980 si
334 1921 433 1996 fallor,
449 1924 588 1997 quomodo
602 1939 650 1985 me
664 1939 727 1984 esse
741 1924 839 1996 ledor,
854 1923 969 1999 quando
983 1929 1092 1984 certum
1106 1927 1150 1984 est

105 2019 268 2079 «ncesse,
285 2005 481 2066 attollunt?-

149 2188 161 2234 ι
180 2193 216 2240 ne
232 2192 282 2240 ce.
300 2191 354 2249 ne,
370 2189 411 2239 ue.
426 2190 451 2256 a,
467 2208 486 2240 e.
502 2191 542 2242 ro.

522 2945 600 2992 1⁴1le
613 2945 742 2993 molent:
