2767 4492
147 463 160 498 ι
175 445 272 506 umba
283 439 392 518 poscit?
404 437 510 514 Nempe
527 452 584 500 non
599 437 695 504 dolero
710 451 845 511 coronam
869 451 928 500 non
942 451 1106 513 merescere
1120 437 1183 496 aui·

146 549 161 584 a
176 543 238 602 mo,
254 529 339 603 idque
354 523 557 602 persentiscere
571 524 664 586 vivide
674 529 899 596 constanterque.
911 523 1182 597 igiturconscientia

146 615 324 674 «vacuitatis
344 611 449 674 doloris
469 617 499 672 et
521 608 862 684 aspritumuismaguum
878 616 921 668 est
938 610 1008 668 illud
1033 610 1137 669 bouum
1153 613 1183 668 et

147 713 339 771 «summum,
365 698 440 771 quoti
463 696 494 755 in
512 697 566 753 bac
582 695 638 752 vita
652 693 785 754 bumines
805 701 941 767 appetunt
963 701 992 752 et
1012 701 1179 770 sequunturss

146 807 158 838 ι
176 785 205 846 lli
219 785 353 858 copiam,
365 783 391 842 ei
406 781 590 853 adlabornnt3
610 778 747 854 qraidquid
762 786 858 852 munt,
875 777 1012 852 quidquid
1026 781 1179 856 abstinent,

146 893 158 924 a
175 870 301 943 fugiendi
317 884 403 928 causa
416 865 530 938 doloms,
543 865 779 940 repellendaeque
794 864 979 937 aegritudiuis
993 873 1080 937 aptant
1096 866 1181 924 absti-

146 979 158 1008 ι
175 961 308 1029 nentque.
325 953 397 1022 Ouio
412 953 436 1012 si
454 951 559 1024 dalem,
575 949 671 1010 dolcut
681 966 716 1010 ue
726 951 840 1008 draicaut
856 952 880 1006 l.
900 971 911 1000 ι
935 949 1032 1009 Nescio
1046 966 1084 1008 an
1098 951 1181 1008 aliter

143 1039 280 1114 Epicurus
294 1040 370 1112 loqui
387 1038 530 1112 potuisset.
548 1037 582 1096 bt
595 1037 625 1096 id
641 1051 696 1096 non
710 1043 766 1094 nm
780 1036 835 1108 ipsi
850 1049 936 1108 utam
952 1035 1134 1108 temporibus,
1150 1035 1182 1094 in

143 1125 247 1199 quibus
263 1123 427 1188 vertebatur
445 1127 473 1181 et
486 1122 592 1196 quibus
604 1120 752 1194 indulgere
766 1120 916 1193 cupiebat,
934 1119 1001 1180 vitio
1016 1121 1183 1178 reundum

144 1218 196 1271 est.
209 1210 397 1273 Sensislarum
406 1207 482 1266 anim
495 1205 670 1280 philosophia
684 1223 715 1266 se
729 1208 759 1266 in
773 1205 883 1266 italiam
899 1206 985 1264 etiam
1000 1214 1180 1280 propagaret,

144 1309 197 1354 noc
212 1294 433 1367 metaphysicam
454 1298 579 1370 mutum,
597 1307 716 1365 verum,
733 1299 763 1350 ut
776 1306 951 1364 consequeus
965 1302 1044 1364 erut,
1060 1292 1183 1350 ethicam

145 1394 256 1453 qunque
269 1379 427 1436 vitiaverat.
441 1376 494 1436 Sed
505 1383 536 1436 ut
547 1377 582 1436 ad
592 1384 734 1436 auctorem
750 1384 877 1436 nostrum
891 1385 1077 1444 revertamur,
1087 1377 1185 1449 ecquis

145 1478 203 1522 non
220 1463 295 1522 videt
308 1462 389 1522 iilum
405 1477 461 1520 nou
477 1463 561 1522 modo
578 1470 709 1522 naturam
725 1463 850 1522 bominis
863 1463 913 1521 aed
927 1463 1095 1522 iactastiam
1112 1463 1183 1521 viro

145 1562 241 1608 rorum
256 1547 401 1607 honestate
418 1548 617 1622 praenimium,
634 1547 789 1621 exquibus
805 1547 1109 1621 iudiciumpctouclum
1129 1553 1181 1622 est,
1243 1617 1247 1626 ¹

145 1647 294 1708 perperam
317 1631 513 1692 consuluisset
534 1635 603 1694 Nam
624 1640 726 1692 natura
742 1634 865 1693 bominis
879 1636 935 1693 duo
953 1635 1092 1692 elemento
1107 1649 1183 1692 com·

145 1720 289 1792 plectitur:
305 1733 408 1792 corpus
422 1717 559 1780 nimirum
574 1727 603 1778 et
617 1718 755 1790 animum,
772 1734 889 1777 sensum
907 1725 936 1776 et
949 1719 1096 1778 rabonem.
1112 1719 1183 1777 lam·

145 1819 221 1878 vero,
238 1811 270 1864 ut
283 1804 354 1864 alias
367 1804 475 1864 dictum
491 1811 542 1876 eat,
559 1803 613 1862 etsi
629 1804 743 1863 musiiis
757 1803 901 1879 appetitio,
917 1819 991 1877 quae
1007 1819 1062 1863 uon
1077 1804 1184 1878 perspi·

145 1889 249 1950 aientia
269 1889 377 1948 ordinis
396 1891 446 1948 sed
470 1891 607 1949 instinctu
627 1897 735 1950 tentum
753 1891 885 1961 ducitur,
906 1889 943 1948 ed
962 1890 1133 1961 voluptatem
1157 1895 1185 1948 et

145 1973 248 2034 doloris
263 1975 419 2034 carentiam
435 1976 531 2034 tendat
552 1975 676 2048 (quippe
695 1991 769 2049 quae
788 1975 825 2032 ad
839 1975 1050 2034 incommodum
1065 1975 1184 2034 subiecti

146 2056 293 2119 sorbentis
308 2067 422 2132 statum,
439 2060 488 2132 qui
503 2061 582 2118 dolor
596 2061 709 2133 dicitur,
725 2061 919 2133 repellendum
936 2062 1072 2133 nitaturl;
1091 2068 1184 2120 tamen

144 2145 289 2210 rationalis
304 2145 447 2220 appetitio,
465 2161 538 2220 quae
552 2145 693 2204 dictamen
709 2146 922 2219 intelligentiae,
939 2161 1035 2205 reruni
1047 2151 1186 2206 causasct

145 2229 294 2288 rembones
309 2229 537 2304 intomoscentis,
554 2231 690 2310 requitur,
708 2230 893 2291 adobiectum
902 2232 990 2290 tendit
1004 2233 1079 2307 quon
1094 2233 1184 2292 omui·

145 2329 182 2374 no
198 2321 310 2390 propter
324 2331 354 2374 se
370 2316 463 2390 appeti
482 2307 580 2389 debe‘t3
602 2331 695 2392 neque
709 2316 779 2375 illud
793 2318 830 2375 ad
848 2319 1019 2391 voluptatem
1035 2319 1078 2376 vel
1097 2317 1186 2392 aegri·

146 2399 252 2459 tudinis
264 2400 421 2458 carentiam
437 2408 581 2475 tamquam
592 2402 627 2460 ad
642 2401 730 2460 linem
744 2403 850 2462 reterre
864 2409 962 2477 potest,
979 2403 1050 2476 quin
1060 2402 1097 2461 eb
1112 2403 1185 2462 ordi·

146 2499 183 2544 na
199 2499 218 2544 o
236 2492 338 2546 nolana
355 2487 410 2546 sibi
426 2489 599 2562 praescripto
614 2488 737 2548 deliciet.
763 2491 852 2563 bique
874 2489 904 2547 id
929 2489 991 2555 ipsa
1010 2489 1187 2560 experientia

146 2570 312 2646 cbnssrmat3
337 2571 411 2646 frugi
426 2573 504 2631 cuim
527 2573 657 2633 bominac
678 2579 708 2632 et
729 2573 813 2633 laude
834 2572 1059 2646 dignirirtutem
1075 2585 1187 2645 propter

146 2655 281 2716 virtutem
305 2657 398 2732 ipsam
414 2659 529 2732 volunt,
556 2675 676 2734 eamque
689 2658 826 2734 implicite
842 2657 885 2716 vel
903 2659 989 2716 etiam
1004 2657 1137 2729 explicite
1150 2658 1184 2716 ad

146 2739 196 2800 Dei
210 2741 330 2815 gloriam
345 2745 481 2816 rsierunt,
498 2759 556 2804 non
574 2759 642 2804 nero
655 2745 691 2802 ad
708 2744 895 2817 voluptatem3
911 2743 997 2818 iduare
1010 2742 1034 2798 si
1051 2741 1183 2814 iacerent,

147 2841 204 2884 non
220 2827 422 2900 approbatione
433 2830 483 2886 sed
494 2830 701 2901 vituperatione
715 2828 793 2900 digni
808 2833 992 2883 censerentur
1006 2834 1035 2883 ct
1045 2825 1110 2883 boui
1125 2841 1187 2886 csse

148 2911 318 2969 desinerent.
335 2912 469 2970 Ordinem
484 2914 561 2970 enim
576 2911 749 2970 obiectivum
764 2910 920 2968 subiectiro
935 2910 1116 2984 subiicerent,
1134 2925 1187 2970 nec

149 2995 185 3054 ad
198 2995 315 3054 rationis
329 2997 552 3070 praescriptum,
577 2997 627 3054 sed
651 2995 732 3052 iuxta
745 3009 862 3053 αιθοιιιιι
875 2994 1054 3056 instinctirae
1068 3005 1187 3057 naturae

148 3079 287 3154 impetum
301 3081 427 3138 actiones
442 3096 508 3139 suas
517 3081 742 3139 moderarentur.

184 3163 229 3223 20.
245 3164 395 3223 Discedere
406 3165 472 3224 binc
497 3179 606 3239 nequeo
623 3171 776 3239 autequam
796 3167 992 3228 difficultatem
1016 3185 1102 3228 unam
1125 3185 1187 3244 pro·

148 3263 253 3324 ponam
269 3295 277 3322 ,
303 3263 389 3324 quam
403 3249 467 3322 quis
483 3265 617 3324 oggerere
634 3251 752 3310 sortasse
769 3259 870 3326 posset.
898 3253 943 3312 Sic
957 3255 1034 3313 euim
1048 3257 1123 3314 dicct
1137 3255 1187 3314 alis

150 3335 223 3410 uiris.
241 3335 313 3394 Ordo
326 3335 460 3409 moralis,
483 3337 599 3410 quicum
614 3336 696 3410 piena
713 3337 832 3396 felicitas
846 3339 875 3396 in
892 3341 985 3399 lutura
1007 3357 1076 3400 aevo
1090 3353 1187 3399 conse·

150 3421 264 3496 quenda
275 3422 461 3494 connectitur,
477 3421 584 3482 bonum
599 3424 718 3482 rationis
732 3436 775 3482 cst
789 3426 946 3484 dumtaxat.
964 3427 1108 3486 Sedbomo
1123 3441 1186 3485 sen·

150 3523 184 3567 srr
198 3507 284 3566 etiam
297 3507 446 3580 coalescit,
464 3505 512 3581 qui
528 3509 563 3566 ad
582 3508 665 3582 longe
680 3508 792 3569 diversa
806 3510 881 3570 bona
903 3512 1067 3574 relationem
1091 3512 1184 3570 babet.
1300 3542 1304 3550 ‚

150 3593 224 3653 Haec
238 3593 324 3667 igitur
338 3594 425 3653 ctiam
441 3594 472 3652 in
488 3595 540 3654 bac
556 3595 615 3654 vila
629 3597 763 3670 consequi
779 3613 893 3656 necesse
912 3605 973 3670 ost,
990 3603 1021 3656 ut
1034 3597 1184 3670 beatitate,

151 3684 288 3750 quantum
302 3679 406 3754 possit,
423 3679 507 3739 homo
522 3681 719 3754 perfundatur.
735 3683 767 3740 Et
781 3699 849 3741 saue
863 3684 974 3742 etiamsi
988 3685 1057 3743 urdo
1071 3684 1186 3742 moralis

152 3759 189 3820 ab
202 3763 316 3824 bomine
330 3771 461 3824 accincta
474 3770 619 3841 serretur3
645 3771 739 3826 brnen
756 3767 853 3842 ncgau
866 3783 925 3828 non
940 3773 1033 3844 potest
1048 3769 1120 3844 quin
1138 3785 1184 3828 ve

196 3943 625 4016 lIlrs'rtraslolplcllaa.l,§.bt¹
