2767 4492
255 207 293 268 42
339 262 341 270 ,
718 221 846 268 coerces

251 321 321 368 care
337 309 459 368 tenebrr.
475 306 564 381 ltqoe
578 306 610 366 iu
624 306 679 366 hoc
692 307 874 382 potissimum
893 308 1020 368 muniar
1038 309 1195 370 discrimen
1213 312 1303 372 buius

253 391 465 452 enunciationis
485 391 521 450 ab
539 391 698 465 exclusiva,
710 407 784 465 quae
794 393 824 450 vi
838 407 891 450 sua
903 407 1017 468 semper
1031 395 1207 455 eontrarium
1221 411 1304 470 prae·

254 473 381 558 dicatum
395 477 478 550 parti,
496 473 582 550 quam
594 476 729 549 excludit,
742 477 878 551 impertit.
890 477 982 538 Tertia
992 478 1116 552 denique
1127 495 1162 538 ea
1176 486 1305 554 estquae

252 561 393 636 particula
407 561 606 636 redeptioaatc
623 560 764 634 allicitm,
783 569 949 635 quatenus,
965 571 1079 638 preat,
1101 563 1135 620 tn
1149 573 1304 638 quantana

253 651 307 706 etc.
323 646 400 704 velut
413 644 438 704 si
452 645 546 705 dicas:
569 645 674 718 bomo,
701 650 841 719 quatenus
859 646 963 719 bomo,
983 653 1027 706 est
1040 646 1123 706 liber.
1140 647 1301 723 Exponitur

255 731 312 796 sic;
328 729 412 790 bomo
430 733 474 792 est
486 728 568 804 iiber,
585 733 614 790 et
627 729 746 792 libertas
758 729 815 806 ipsi
829 730 964 794 convenit
975 730 1087 794 mtioue
1100 731 1300 798 numanatis.

661 901 831 963 samonaos
845 902 892 962 tila

505 1071 545 1132 De
557 1072 793 1149 propositionum
803 1072 1045 1149 proprietatibus

292 1248 336 1308 18.
352 1245 506 1320 Praecipua
520 1245 746 1320 propositionum
759 1245 930 1319 proprietas,
949 1246 1032 1304 cuins
1046 1243 1300 1304 consideratione

257 1331 319 1405 quit
335 1330 538 1406 praetermitti,
555 1335 598 1388 est
611 1330 752 1405 oppositio
761 1350 770 1402 ;
785 1345 873 1403 quam
890 1329 945 1387 rite
966 1329 1086 1388 detinies
1105 1329 1301 1388 diversitatem

253 1419 299 1475 vel
313 1431 439 1492 pugnam
453 1417 576 1475 duarum
591 1416 817 1490 propositionum
832 1415 947 1473 eosdem
963 1415 1131 1473 trabentium
1146 1415 1296 1487 terminos,

235 1501 303 1569 ,sed
322 1503 367 1560 vel
382 1503 539 1575 quantitate
554 1501 599 1559 vel
620 1501 756 1572 qualitate
775 1499 821 1556 vel
836 1503 957 1572 utraque
977 1500 1210 1573 discrepantium.
1228 1499 1300 1556 Hinc

256 1591 377 1659 quatuor
392 1590 511 1642 manant
526 1585 736 1657 oppositionum
751 1596 865 1656 genera.
883 1584 933 1641 Vel
946 1583 1024 1642 enirn
1038 1585 1111 1641 duae
1125 1582 1299 1641 enunciatio-

256 1685 309 1726 nes
321 1668 458 1726 differunt
468 1667 603 1741 qualitate
620 1667 706 1726 simul
716 1672 745 1724 et
757 1668 925 1740 quantitate,
937 1673 966 1726 et
976 1668 1031 1726 hae
1040 1667 1175 1726 dicuntur
1184 1674 1300 1724 coatra-

255 1754 395 1811 dictor-tae
410 1755 439 1826 ⁴3
460 1753 514 1824 vei,
532 1753 726 1828 discrepantes
741 1753 876 1825 qualitate
890 1758 1019 1825 mutum,
1036 1752 1138 1811 ambae
1152 1757 1218 1811 sunt
1235 1752 1299 1810 uni-

254 1836 388 1908 versales,
405 1842 434 1894 et
448 1837 617 1898 contrarios
631 1843 848 1910 nuncupantur:
865 1838 911 1895 nel
926 1839 996 1896 item
1010 1838 1146 1911 qualitate
1159 1835 1301 1894 dissident

257 1921 307 1978 sed
321 1921 423 1979 ambae
438 1927 506 1979 sunt
520 1922 715 1995 particulares,
731 1927 760 1979 et
774 1922 997 1979 subcontrariae
1011 1921 1144 1993 audiunt3
1161 1920 1206 1978 vel
1221 1920 1300 1978 deni·

256 2019 311 2077 que
325 2006 483 2079 quantitate
497 2005 646 2064 dumtaxat
660 2007 832 2080 discrepant,
849 2012 878 2065 et
891 2007 1078 2065 subalternae
1092 2011 1240 2065 vocantur.

293 2092 337 2149 le.
354 2091 503 2150 ileeensita
518 2092 727 2164 oppositionum
743 2092 909 2164 generabis
926 2096 1057 2149 tenentur
1070 2090 1196 2164 iegibus:

290 2177 312 2235 Ι.
329 2175 405 2236 Darae
421 2177 656 2236 contradictoriae
672 2177 758 2234 simoi
774 2191 856 2235 verae
867 2182 917 2234 aut
928 2175 1016 2234 salsae
1030 2191 1092 2234 esse
1102 2180 1296 2250 nonpossunt;

256 2261 360 2335 quippe
371 2276 436 2319 cunr
447 2267 566 2334 annaque
581 2261 610 2319 id
626 2265 709 2332 neget
723 2261 800 2333 quod
814 2259 904 2319 altera
917 2260 1051 2318 aitirmat.
1065 2260 1135 2318 Nam
1151 2260 1301 2333 particula·

254 2347 295 2404 ris
310 2347 463 2420 propositio
478 2345 532 2405 boe
548 2345 609 2419 ipso
625 2346 701 2418 quod
721 2345 817 2403 ditiert
831 2345 918 2402 etiam
933 2344 1068 2417 qualitate
1082 2344 1119 2401 ab
1134 2343 1299 2416 universali,

257 2431 341 2489 buius
356 2430 541 2489 assertionem
555 2426 680 2504 perimit.
694 2429 785 2496 Quare
800 2443 866 2486 eum
882 2427 1058 2502 impossibile
1073 2427 1110 2485 sit
1124 2427 1201 2485 idem
1215 2427 1301 2486 simul

255 2531 317 2574 esse
327 2520 356 2573 et
366 2531 421 2574 non
436 2531 509 2587 esse,
527 2519 672 2586 nequeunt
686 2513 787 2570 ambae
803 2513 857 2570 hae
871 2513 1077 2586 propositiones
1092 2512 1177 2571 simul
1191 2512 1301 2584 pertrui

256 2599 392 2670 acritate3
408 2613 490 2656 secus
505 2597 580 2655 idom
596 2597 749 2668 obiectum,
762 2596 816 2654 sub
830 2596 933 2654 iisdem
947 2596 1064 2654 omuino
1078 2595 1264 2669 respectibus,
1272 2596 1300 2654 ni

258 2683 343 2740 nnius
358 2681 568 2740 enrrnciatiunis
582 2687 671 2753 esset,
691 2680 718 2737 vi
733 2679 850 2737 alterins
864 2695 921 2738 nou
936 2681 1029 2739 esset(
1041 2681 1191 2752 Nequeunt
1205 2686 1301 2738 antem

257 2783 319 2825 csse
335 2766 420 2824 simul
435 2765 536 2836 iaisac3
553 2763 620 2836 quia
635 2778 702 2821 eum
717 2762 755 2820 sit
768 2763 867 2820 itidem
880 2764 1054 2836 principium
1069 2771 1196 2836 certum,
1212 2765 1301 2837 qnod·

255 2851 325 2910 libet
340 2850 385 2908 vel
401 2865 463 2908 esse
479 2847 524 2906 vel
539 2863 595 2906 non
609 2863 685 2920 esse,
703 2848 756 2905 boc
770 2848 833 2920 ipso
847 2847 923 2920 quad
938 2863 1004 2921 pars
1018 2863 1125 2920 negans
1135 2847 1299 2916 destntitur,

255 2935 410 2993 acistruitur
424 2935 580 3005 affirmans,
594 2938 622 2991 et
632 2931 769 2991 vicissim.
782 2931 827 2989 Sic
837 2932 940 2989 barum
950 2932 1174 3005 propositionum
1184 2949 1190 2990 :
1202 2932 1300 2990 omnis

258 3019 342 3078 berito
358 3028 398 3078 est
412 3018 521 3090 decim,
538 3017 649 3091 aliquis
666 3016 753 3075 leonae
770 3029 831 3074 aaa
841 3024 881 3074 est
895 3017 1011 3088 dectus;
1027 3017 1193 3076 alterutram
1203 3031 1301 3075 veram

258 3120 320 3164 esse
334 3109 453 3179 oportet.

294 3189 326 3246 ll.
343 3190 419 3247 liuae
434 3187 592 3248 contrariae
606 3192 725 3262 possunt
739 3201 801 3246 esse
816 3186 902 3246 simut
912 3187 1001 3245 salsae
1016 3187 1075 3258 (nil
1090 3187 1169 3246 enim
1185 3185 1302 3244 absurdi

259 3272 325 3330 inde
341 3273 554 3346 consequitur);
571 3277 600 3329 at
616 3285 672 3330 nou
688 3276 807 3344 possunt
820 3286 883 3328 esse
904 3270 990 3327 simul
1004 3285 1103 3342 nerae3
1124 3285 1207 3328 secus
1228 3271 1301 3328 dune

260 3357 492 3415 contradictoriae
506 3357 625 3415 veritate
635 3355 799 3428 gauderent.
812 3354 922 3411 Etenim
931 3354 1023 3427 posita
1036 3356 1155 3413 veritate
1166 3356 1301 3413 enuncia·

262 3440 346 3500 tionis
361 3440 538 3512 universalis,
555 3439 686 3514 ponenda
700 3439 788 3497 etiam
801 3443 877 3497 esset
889 3438 995 3500 veritas
1009 3439 1199 3512 particularis,
1215 3453 1302 3513 quam

306 3639 317 3683 t
334 3639 495 3704 Propositionca
510 3640 630 3702 singulares
647 3639 687 3685 boe
702 3639 768 3702 ipso,
785 3640 842 3701 quod
864 3639 968 3703 qualitate
986 3640 1108 3702 differant,
1123 3637 1306 3686 conbadictoriae

260 3713 363 3761 evadunt.
380 3717 459 3761 &mm
474 3717 532 3761 enirn
548 3717 667 3761 subiectum
683 3715 830 3761 extensionem
845 3716 928 3762 nnllam
941 3715 1027 3781 habet3
1042 3715 1233 3778 obprobriose,
1248 3728 1305 3776 qnae

261 3795 334 3854 repat,
350 3792 437 3855 penitus
451 3791 577 3846 adversatur
591 3791 663 3854 alteri,
679 3807 735 3856 quae
748 3791 807 3840 idean
821 3790 922 3840 affirmat.
