2767 4492
499 329 578 376 runis
596 331 739 377 urrunsa
1092 320 1144 383 309

130 418 189 486 Oua
204 417 281 477 iure
290 417 396 492 duplex
412 415 516 475 sitium
531 415 735 475 declinandum
745 421 797 476 est.
810 417 936 478 Primum
950 430 988 478 ue
1002 430 1144 494 personae

97 503 317 575 Ecclesiasticae,
334 501 451 561 obtentu
469 499 589 560 iuvandi
605 500 719 559 civilem
731 501 911 576 societatem,
928 503 1050 578 negotiis
1064 519 1144 565 mere

98 586 296 660 saecularibus,
314 592 412 646 contra
427 591 610 661 praeceptum
621 586 753 659 Apostoli,
766 586 1002 662 seimmisceant3
1017 588 1147 663 itemque

97 687 130 732 ue
141 671 268 744 partibus
279 671 421 740 studeant,
432 675 481 729 aut
491 685 576 744 scopa
586 670 738 730 dumtaxat
751 671 863 744 politico
873 671 1073 732 adlaborautes
1085 689 1145 734 me·

97 756 140 814 dia
155 756 313 830 spiritualia
335 761 363 815 et
381 755 526 827 Evangelii
541 754 786 828 praedicationem
800 755 836 813 ad
851 755 940 813 iiuem
956 755 1081 828 aliquem
1100 773 1144 817 so·

98 841 195 899 cialem
209 840 397 899 obtinendum
407 839 569 899 adhibeant.
582 840 612 898 ld
621 841 720 914 procul
735 839 822 899 dubio
832 839 981 914 (quidquid
990 838 1068 898 illusi
1081 842 1144 915 qui-

98 925 161 985 dam
176 924 307 985 homiues
332 925 426 997 inepte
442 924 691 998 obmurmureut),
709 926 835 984 maxime
854 923 1022 998 pestilerum
1036 924 1146 998 religio

98 1009 126 1068 ni
136 1011 216 1069 foret.
229 1010 298 1068 llam
312 1008 445 1067 coelestia
455 1009 492 1080 liu
504 1009 625 1080 [terrena
641 1014 833 1081 conuerteret,
845 1012 986 1081 ‘maguam
999 1007 1147 1082 perturba·

99 1095 200 1154 tionem
218 1093 399 1154 conscientiis
414 1093 592 1152 subditorum
611 1099 639 1152 et
658 1094 850 1168 suspicionem
860 1093 938 1152 civili
955 1093 1086 1167 potestati
1104 1093 1146 1152 iu-

98 1185 256 1253 generaret3
277 1193 310 1236 ac
334 1177 453 1251 proinde
475 1193 589 1236 sacrum
605 1178 747 1238 Ecclesiae
769 1178 961 1236 ministerium
979 1178 1147 1237 efficacitate

96 1265 218 1339 privaret
232 1268 260 1321 et
274 1262 454 1320 concordium
470 1261 652 1335 abrumperet
661 1263 727 1336 paci
737 1263 885 1336 utriusque
901 1261 1045 1321 societatis
1055 1267 1146 1320 ano

96 1363 161 1422 pere
175 1347 377 1405 necessariam.
394 1346 520 1404 Proiecto
537 1345 673 1419 Ecclesia,
690 1346 767 1405 utin
783 1344 900 1405 sublimi
916 1361 968 1404 suo
983 1345 1082 1404 ordine
1096 1361 1147 1406 ex·

98 1432 225 1506 plicetur,
243 1437 272 1490 et
286 1430 382 1490 diviua
398 1447 449 1490 suo
467 1445 586 1490 munere
601 1431 799 1505 perfungatur,
816 1431 848 1489 in
864 1430 947 1504 louge
962 1430 1092 1488 altiorem
1104 1445 1147 1489 re

97 1516 210 1590 giouem
220 1531 250 1575 se
259 1515 351 1574 eierat
364 1521 477 1589 praeter
487 1516 584 1574 omnia
594 1515 723 1589 partium
731 1515 861 1574 studiaet
869 1514 1001 1588 politicas
1011 1513 1144 1572 differen-

99 1601 160 1674 tias,
178 1615 251 1673 quae
265 1605 394 1658 terrenae
406 1605 515 1658 tantum
530 1605 605 1673 sunt,
622 1615 779 1674 omnesque
796 1599 927 1658 bomiues
946 1597 1144 1671 complectitur

97 1685 150 1742 sub
164 1683 216 1742 bac
230 1684 316 1742 unica
331 1684 485 1752 relatione,
503 1691 643 1758 quatenus
659 1684 696 1743 ad
711 1683 762 1743 Dei
775 1683 898 1757 gloriam
909 1688 938 1742 et
948 1695 1069 1756 regnum
1083 1697 1147 1740 cae·

96 1767 189 1827 lorum
204 1768 606 1850 adipiscendumdiriguutur.
683 1842 686 1848 Ι
855 1831 859 1838 ,

132 1853 262 1938 Vicissim
271 1853 362 1911 statui
377 1853 490 1927 politico
505 1853 633 1928 apprime
645 1854 805 1913 carendum
815 1859 867 1926 est,
879 1869 917 1912 ue
933 1853 1009 1926 turpi
1023 1854 1148 1927 quadam

97 1937 277 1997 simulatione
289 1984 295 2010 ,
306 1938 371 2010 [sub
387 1938 482 2011 specie
499 1938 595 1997 tuendi
612 1939 766 1998 Ecclesiam
780 1939 899 2011 eiusque
914 1938 1026 1997 Iuribus
1041 1938 1148 2012 advigi-

97 2022 185 2095 landi,
202 2023 233 2080 in
248 2037 294 2080 res
305 2021 473 2094 spirituales
487 2023 656 2094 sacrilegam
667 2039 786 2082 manum
802 2022 923 2091 iniiciat,
939 2023 1012 2081 sacri
1022 2023 1150 2081 ministe-

95 2106 131 2165 rii
147 2107 317 2167 exercitium
333 2105 484 2176 illaqueet,
503 2105 731 2164 Ecclesiasticam
744 2113 915 2180 potestatem
929 2107 1087 2182 impediat,
1110 2123 1148 2165 ex

96 2197 177 2264 parto
193 2189 291 2247 saltem
303 2187 356 2244 sibi
372 2187 530 2260 submittat,
543 2194 592 2246 aut
605 2189 717 2247 iuribus
732 2191 796 2248 eius
811 2191 919 2265 aliquid
934 2192 1074 2250 detrabat.
1091 2192 1149 2250 Hac

98 2273 186 2331 tuteiu
201 2277 229 2330 et
242 2272 339 2329 lavore
354 2268 437 2342 louge
455 2270 559 2328 melius
583 2277 657 2328 esset
671 2279 803 2346 apertum
818 2275 916 2331 odium
930 2282 958 2334 et
973 2275 1149 2351 oppugnatio

98 2356 267 2426 manifesta;
285 2352 326 2412 sic
341 2353 417 2412 euim
434 2354 538 2412 damno
553 2369 610 2414 uou
629 2355 781 2412 adderetur
794 2355 901 2428 illusio,
913 2359 1150 2418 ettacilioresset
1213 2371 1219 2380 ’

98 2441 172 2499 ralia
183 2455 213 2498 se
224 2438 404 2497 defendendi.
416 2438 595 2498 ilemiuurint
604 2437 711 2512 politici
722 2438 949 2498 baciureverba
959 2441 1099 2500 Ambrosii
1109 2443 1150 2500 sic

97 2524 213 2583 aientis:
233 2523 408 2597 «allegatur,
425 2523 589 2596 imperatori
605 2523 690 2581 licere
705 2523 916 2596 omnia,·ipsius
931 2538 993 2583 esse
1003 2526 1148 2584 universa.

101 2635 111 2661 u
127 2609 300 2684 despondeo,
316 2608 375 2667 uoli
391 2614 418 2666 te
432 2624 561 2682 gravare,
574 2609 739 2682 imperator,
751 2613 783 2666 ut
796 2615 879 2682 putes
891 2613 917 2668 te
927 2607 959 2665 in
969 2623 1013 2681 ea,
1026 2624 1099 2682 quae
1109 2609 1151 2668 di-

101 2695 277 2767 eriuasuut,
293 2693 446 2768 iaapccialc
462 2693 584 2768 aliquod
599 2694 656 2765 ius,
674 2693 799 2766 lrabere3
811 2692 870 2750 noli
888 2699 916 2750 to
926 2692 1072 2767 extollere,
1088 2694 1148 2768 sed,

101 2803 112 2828 ι’
126 2779 150 2836 si
167 2779 210 2836 vis
230 2779 366 2836 diuinitus
380 2777 540 2851 imperare,
557 2786 616 2838 csta
631 2779 687 2836 ileo
703 2779 843 2851 subditus,
861 2778 934 2838 sicui
947 2779 1147 2854 scriptumest,

102 2887 113 2915 a
132 2879 209 2936 qtlttd
219 2863 268 2920 Dei
278 2863 426 2936 Deo,puac
436 2862 568 2921 Crtcsaris
579 2864 708 2922 Caesari.
719 2863 757 2921 dd
765 2863 966 2935 imperatorem
976 2863 1080 2938 palatia
1087 2881 1150 2938 per·

101 2971 112 2998 s
134 2947 241 3018 tiuuut,
263 2947 299 3004 ad
317 2947 492 3005 sacerdotem
516 2947 654 3021 Ecclesiu;
675 2948 857 3023 publicorum
873 2948 925 3008 tibi
940 2949 1089 3008 moenium
1103 2949 1149 3010 ius

102 3055 113 3084 «
132 3031 317 3089 commissum
329 3035 381 3102 est,
398 3044 456 3088 uon
472 3046 617 3090 sacrorum
632 3034 652 3090 i.
668 3055 677 3082 a

137 3116 272 3189 lienique,
289 3130 326 3173 ne
341 3115 422 3188 plura
433 3131 594 3189 congeram,
612 3133 678 3176 cum
693 3118 841 3177 homiuum
856 3133 951 3178 mores
964 3119 1150 3194 inpraesenti

101 3215 160 3258 nou
176 3201 256 3258 iuxta
271 3199 364 3258 nudae
380 3200 498 3258 rationis
512 3200 662 3276 principia,
680 3204 731 3261 sed
750 3203 833 3262 iuxta
846 3205 966 3263 rationis
980 3205 1046 3264 Fide
1066 3205 1151 3264 collu-

100 3289 207 3342 stratae
221 3299 351 3342 normam
367 3289 394 3342 et
409 3284 591 3358 Evangelicas
612 3287 827 3360 praeceptiones
843 3288 995 3363 temperari
1010 3288 1149 3362 debeaut;

97 3367 242 3428 Ecclesiae
257 3369 400 3427 iuiluxum
411 3371 570 3429 maximum
580 3371 685 3430 directe
697 3371 829 3432 habitura
840 3378 883 3432 est
898 3373 992 3446 quoad
1007 3373 1085 3449 ipsos
1096 3374 1151 3433 rite

98 3453 314 3525 informandos,
331 3457 359 3511 ct
370 3453 463 3527 quoad
474 3454 627 3528 doctrinas,
645 3471 718 3530 utrae
734 3470 799 3515 cum
814 3457 915 3516 iisdem
930 3455 1148 3517 connectuntur.

101 3537 199 3610 Neutra
214 3535 243 3594 id
258 3553 274 3594 a
288 3537 434 3610 potestatis
450 3539 581 3611 politicae
598 3540 748 3614 largitione
763 3541 883 3616 recipit,
900 3543 950 3601 sed
964 3543 1078 3617 proprio
1095 3541 1151 3602 sibi

102 3622 233 3680 diiudicat
246 3619 317 3679 iure.
330 3621 452 3680 lioribus
463 3623 541 3681 cuitu
556 3639 655 3698 reaspe
665 3624 797 3685 homiues
808 3627 843 3684 ad
854 3627 951 3700 finem,
964 3627 1011 3685 cui
1025 3626 1150 3684 Ecclesia

105 3705 242 3780 advigilat
256 3710 284 3764 ot
299 3705 334 3764 ad
345 3721 428 3779 quem
439 3707 604 3769 auctoritato
616 3725 667 3768 sua
682 3708 780 3770 fideles
790 3709 897 3786 dirigit,
908 3711 1025 3786 perduci
1035 3711 1149 3772 debent.

155 3885 164 3932 i
185 3889 260 3953 Epist.
278 3888 316 3954 i-l,
332 3887 386 3936 alias
397 3889 438 3954 53,
454 3888 481 3936 ιιΙ
498 3887 619 3938 stercutio.
