2767 4492
520 273 598 322 mnas
617 271 759 324 naaman
1108 259 1165 328 me

110 365 155 426 nis
170 362 207 426 nd
221 361 351 424 ordinem
365 359 503 421 moralem
518 361 670 432 toleratum
683 360 756 420 nibil
765 361 878 422 sancire
888 360 1043 423 auctoritas
1053 366 1156 438 potest,

111 451 187 526 quod
210 464 323 509 morum
348 445 488 506 nonestati
503 460 537 504 ac
559 444 615 517 legi
630 445 745 504 divinae
760 446 923 508 reluctetur.
940 450 986 508 Sic
1003 449 1081 508 eninr
1102 463 1160 508 non

110 536 240 596 benefico
254 535 305 596 sed
318 532 450 592 malefico
463 547 562 590 revere
578 535 661 602 esset,
678 546 715 589 nc
728 547 779 604 per
789 547 820 590 se
831 532 893 606 ipsa
906 540 1061 605 corrueret;
1078 533 1161 608 qnip-

111 637 147 696 pe
165 635 231 680 cnm
245 621 276 679 in
292 625 403 678 tantum
417 618 476 678 rim
485 623 514 676 et
527 617 615 676 robur
630 615 743 688 babeat,
759 617 790 676 in
800 619 1009 691 quantumiure
1023 618 1160 692 vigenna·

111 707 193 766 cendi
210 705 301 766 socios
319 704 348 764 in
368 704 455 763 linem
471 708 604 760 anatnra
620 703 807 776 propositum.

146 792 263 861 Deinde,
281 805 348 849 eum
364 789 441 848 bunc
456 787 586 848 ordinem
600 787 729 848 externis
743 787 857 861 mediis,
877 803 951 862 quoe
966 789 1162 850 tantummodo

23 921 28 928 .
110 877 139 937 in
155 881 293 951 potestate
309 873 433 934 bominis
444 873 583 944 silescat,
596 874 880 947 procumredebeat3
896 873 1053 932 exendere
1069 889 1100 932 se
1113 890 1162 934 ne.-

110 963 172 1036 qnit
190 962 226 1019 nd
240 977 274 1018 ea
288 975 362 1034 quas
376 959 489 1020 interna
503 959 620 1018 omnino
636 965 712 1031 stant,
724 965 753 1018 et
767 959 827 1018 solo
840 959 1032 1018 conscientiae
1049 957 1161 1017 ambitu

111 1047 301 1104 conducatur.
318 1043 397 1112 Ortod
411 1057 469 1104 non
493 1043 612 1117 perinde
627 1044 846 1115 intelligendum
860 1050 905 1102 est
914 1043 996 1117 quasi
1011 1042 1158 1102 conscien-

111 1131 180 1189 tiam
195 1129 332 1189 indirecte
347 1127 520 1188 saltemsnis
530 1127 780 1202 praeceptionibus
790 1127 1024 1201 nonadstringat.
1041 1126 1159 1188 ldenim

110 1215 262 1272 nanniiesta
277 1211 399 1272 falsitate
414 1212 532 1272 loborat.
548 1213 628 1284 Nam,
640 1227 708 1272 eum
717 1212 880 1283 auctoritas,
893 1216 925 1270 ut
935 1211 1006 1270 elias
1020 1211 1157 1286 diximus,

111 1299 197 1358 olleo
218 1298 369 1370 precedet3
388 1298 518 1371 quisquis
533 1297 697 1358 auctoritati
710 1297 904 1356 obedientiam
926 1297 1093 1370 denegando
1115 1313 1160 1356 re·

110 1383 193 1454 sistit,
211 1382 259 1440 llei
273 1382 445 1441 ordinationi
460 1382 574 1452 resistit,
591 1388 678 1456 alque
696 1383 761 1442 ideo
782 1398 884 1440 revera
898 1388 1006 1456 peccat.
1028 1382 1082 1442 Sed
1099 1387 1159 1440 tan·

112 1473 171 1523 tum
187 1466 228 1524 sie
244 1466 363 1540 intelligi
381 1467 475 1540 debet,
492 1475 633 1541 quatenus
658 1468 766 1527 directe
781 1467 873 1526 civilis
891 1467 1066 1526 auctoritatis
1081 1482 1161 1540 prae·

110 1546 321 1624 ceptannnnisi
335 1553 469 1608 externas
484 1548 610 1606 actiones
620 1547 796 1621 respiciunt;
816 1553 898 1610 acuis
917 1547 995 1606 enim
1010 1546 1061 1620 qui
1072 1546 1160 1605 inter·

111 1631 141 1688 ni
157 1631 275 1690 omnino
290 1637 366 1703 sunt,
382 1630 449 1690 licet
473 1632 600 1690 maxime
615 1647 682 1692 oum
696 1632 797 1692 ordine
820 1632 923 1704 morali
944 1636 1104 1703 nectantur,
1121 1635 1162 1688 ta-

110 1731 176 1774 mon
192 1717 349 1776 humanam
364 1717 456 1776 aciem
472 1732 587 1790 prorsus
597 1717 749 1790 effugiunt,
766 1733 800 1776 ac
811 1718 929 1790 proinde
939 1716 1043 1777 actioni
1058 1714 1159 1789 guber·
1207 1736 1209 1739 ·

110 1801 233 1874 nativae,
251 1817 325 1875 quae
341 1817 420 1863 mere
435 1801 617 1874 bumonasit,
635 1802 739 1866 subiici
755 1808 912 1876 nequeunt.

147 1886 282 1959 landem,
299 1901 364 1945 cum
375 1886 403 1946 in
420 1887 529 1948 munais
544 1887 733 1946 relationibus
747 1887 822 1947 inter
837 1887 968 1949 homines
978 1886 1160 1947 moderandis

110 1971 201 2028 civilis
216 1977 339 2044 potestas
351 1977 497 2044 versclnr3
514 1972 676 2030 immiscere
691 1988 722 2030 se
733 1973 832 2047 nequit
846 1973 933 2034 rebus
947 1973 992 2041 iis,
1006 1988 1079 2047 quae
1089 1973 1160 2032 rela-

113 2055 204 2114 tiones
215 2057 371 2129 respiciunt
385 2055 510 2114 bominis
525 2057 558 2114 ad
577 2056 683 2128 llenm;
702 2073 823 2130 quarum
833 2058 1002 2131 gubernatio
1016 2059 1050 2116 ad
1066 2063 1162 2116 aracle-

112 2141 226 2198 ritatem
239 2139 400 2211 religiosam
418 2139 547 2210 pertinet,
563 2139 598 2198 de
613 2141 708 2212 quain
720 2141 920 2218 ultimocapite
931 2143 1018 2202 buius
1028 2141 1162 2200 libridis-

108 2238 247 2281 seremus.
260 2223 338 2290 Quod
354 2237 411 2281 non
426 2223 467 2280 ite
481 2222 654 2296 intelligetur
669 2225 765 2297 velim,
781 2229 863 2299 quasi
876 2233 998 2300 nequeat
1012 2227 1104 2286 civilis
1114 2242 1162 2301 po-

114 2311 199 2364 testas
219 2307 365 2366 sanctione
385 2321 437 2364 sua
455 2307 504 2365 illa
520 2307 620 2370 eadem
635 2309 824 2381 confirmare,
842 2325 915 2382 quae
930 2328 947 2368 a
961 2317 1098 2384 potestate
1117 2328 1162 2371 ec·

112 2391 271 2453 clesiastica
284 2391 402 2450 delinita
411 2399 487 2451 sunt.
498 2393 528 2452 ld
537 2393 614 2452 enirn
625 2393 750 2466 prolecto
760 2394 1060 2467 licetetopportnnum
1072 2413 1162 2469 niran-

110 2476 379 2551 dunueestutleges
390 2477 530 2538 Ecclesiae
547 2493 620 2538 novo
634 2477 736 2538 robore
755 2486 922 2552 augeantur.
935 2480 1032 2546 Otroia
1043 2481 1162 2538 resimi-
1231 2503 1235 2517 ·

110 2561 276 2621 litrrdndnei
293 2570 384 2636 potest
407 2579 425 2624 a
442 2564 554 2636 legibus
574 2557 761 2629 naturalibus.
775 2564 805 2622 ln
820 2563 872 2622 bas
887 2563 963 2622 enim
983 2563 1049 2623 lieet
1069 2563 1162 2622 civilis

111 2653 235 2721 potestas
245 2649 290 2708 ias
302 2641 413 2710 nullum
430 2649 542 2722 babeat,
559 2649 664 2723 quippe
680 2648 717 2706 ab
732 2649 833 2708 altiore
847 2645 1158 2722 pendentauctoritate3

114 2738 209 2793 tomen
227 2739 450 2792 consentaneum
466 2741 509 2792 est
522 2739 554 2791 ut
571 2733 661 2792 multa
671 2733 770 2792 iubeat
784 2733 828 2791 vel
843 2732 992 2806 prehibeat
1006 2747 1080 2804 quae
1098 2731 1161 2790 inre

110 2817 233 2876 natarali
249 2818 438 2890 continentur,
455 2822 487 2876 ut
501 2834 534 2876 ea
546 2819 637 2890 magis
652 2818 908 2878 coulirtnelsaltenr
918 2817 1074 2889 extensive,
1086 2817 1162 2875 adie-

11 2932 35 2968 μ
111 2903 204 2960 ctione
218 2902 354 2961 nimirum
371 2919 459 2962 novae
477 2903 682 2976 pmeceptionis
697 2908 725 2960 et
736 2903 883 2962 sanctione
897 2917 1065 2978 poenarum,
1086 2915 1161 2974 quae

112 2985 200 3044 tutirrs
214 2985 334 3046 rebelles
350 2987 460 3046 animos
475 2987 511 3044 ad
529 2987 786 3059 obtemperandum
803 2986 944 3063 inclinent
959 2988 985 3046 l.

11 3133 12 3142 ἵ
150 3069 208 3126 iii.
226 3069 273 3128 llis
289 3071 438 3143 explicatis
454 3071 562 3144 liqrsido
573 3078 657 3145 patet,
675 3088 732 3145 quo
747 3071 854 3131 circulo
868 3071 986 3145 spatiari
1002 3071 1091 3145 possit
1111 3085 1159 3144 po

112 3157 197 3212 testas
213 3153 370 3226 legislatiea
384 3157 485 3216 civilis.
502 3156 541 3214 lia
555 3157 633 3216 enim
648 3157 755 3229 omnia,
772 3172 848 3230 quae
866 3166 986 3217 externa
1001 3160 1068 3214 sant
1082 3154 1160 3213 etei·

112 3237 190 3296 vium
205 3238 320 3298 intense
335 3242 371 3299 ad
385 3241 493 3302 benum
508 3257 660 3302 commune
671 3241 881 3315 procurandum
898 3241 1049 3301 relationes
1070 3238 1160 3312 respi-

11 3321 12 3326 ’
112 3321 207 3397 ciunt,
224 3330 308 3398 prout
328 3334 423 3386 tamen
446 3328 540 3388 ordini
561 3327 662 3386 morali
686 3328 826 3390 servando
850 3332 936 3400 atquo
959 3324 1159 3399 amplificando

156 3523 167 3571 l
186 3522 246 3580 Quod
262 3527 358 3588 poteslas
377 3523 449 3573 civilis
468 3523 561 3572 delinire
576 3538 620 3573 non
636 3523 714 3578 debeat
727 3537 762 3572 res
777 3522 804 3572 ad
824 3522 953 3585 ralipioaem
973 3519 1118 3586 pertinentes,
1135 3534 1161 3566 so

109 3603 178 3664 mopis
193 3609 291 3666 apponat,
307 3602 365 3665 qnod
380 3602 403 3648 in
419 3603 528 3665 praesenti
544 3602 675 3664 religionen
691 3601 848 3664 usmaitada,
861 3597 1163 3663 sedsnperantnralis3quaa

110 3683 154 3725 tata
169 3683 250 3740 quanta
265 3685 299 3725 est
313 3679 336 3724 in
351 3678 426 3725 divina
441 3679 573 3725 revolutione
583 3677 697 3740 fundatur,
709 3683 731 3724 et
746 3678 807 3723 cuius
822 3675 957 3723 custodiant
972 3673 1101 3736 gubernatio
1116 3687 1161 3718 non

108 3755 246 3818 principibus
261 3755 425 3819 temporalibus,
443 3754 481 3816 sed
492 3755 601 3816 Apostolis
616 3770 734 3816 eorumque
748 3751 908 3800 recensoribus
924 3750 1032 3797 aCbristo
1046 3748 1160 3797 cummim

108 3835 151 3896 eal,
168 3830 228 3882 iaxta
241 3833 340 3896 regimen
355 3832 383 3902 ab
398 3831 446 3902 ipso
461 3831 612 3899 constitutam.
625 3830 668 3898 §ecl
683 3831 710 3890 da
721 3830 761 3881 bae
771 3829 859 3890 toalias
869 3828 954 3900 dietari
964 3843 1048 3902 sumus.
