2767 4492
485 333 564 380 mars
582 329 724 378 sarusar
1074 314 1127 380 ‘ii

85 429 114 486 nt
126 424 214 490 aiant,
226 421 394 497 iaaaaipotaa
410 419 525 482 tutatae.
543 418 619 488 onud
635 416 753 476 adstans
768 415 821 476 has
835 417 1011 479 conditiones
1020 418 1122 495 exuui-

86 511 134 570 rit:
154 511 174 570 i.
191 519 223 570 ut
239 510 281 570 ris
297 504 410 570 ttunttisi
430 505 459 564 in
475 516 541 562 autu
558 502 752 576 aggressionis
771 513 950 580 opponatur,
966 513 994 564 st
1007 505 1124 580 quidem

4 607 8 620 ·
85 611 144 656 uum
160 595 255 654 nutius
269 593 344 654 alius
359 592 460 653 modas
475 593 607 662 suppetat
621 591 758 650 evadendi
771 609 778 663 ;
796 590 828 649 ii.
844 597 878 648 ιιι
893 590 970 650 atiud
986 591 1125 651 damnum

85 681 237 752 aggressuri
254 694 309 738 ιιυιι
327 677 481 747 inferatur,
498 689 584 748 quum
602 689 718 732 necesso
734 676 771 734 sit
785 675 821 734 ad
837 676 894 734 vim
910 676 973 737 eius
986 675 1124 736 imstrao·

85 765 143 824 darn
159 761 281 837 saman,
305 763 348 822 iii.
368 766 401 819 nt
415 760 443 820 id
461 776 518 818 arun
534 773 631 818 amore
647 759 788 820 vindictae
806 767 856 818 aut
869 760 934 818 odiu
948 775 1016 833 erga
1032 775 1125 834 perso·

85 864 165 920 nam,
182 849 230 909 sed
251 848 402 909 dundaxat
419 845 511 907 instas
530 842 706 904 detensionis
729 859 817 905 carisa
835 844 985 904 eitieiatar.
1006 845 1124 903 tdeerts

83 935 163 994 stiam
179 934 390 1006 aggressionem
408 936 475 988 tuna
489 929 625 988 iniustam
641 929 798 1004 appellari,
820 944 886 988 enm
904 929 941 987 ab
955 943 989 988 eo
1010 928 1061 989 iiat
1074 926 1124 1004 qui

83 1017 259 1092 aggrediendi
279 1019 325 1077 ius
346 1015 456 1076 nuttam
479 1013 574 1072 habet.
595 1014 663 1072 iiam
679 1014 703 1072 ai
726 1013 856 1088 palatinae
877 1011 1052 1072 auctoritatis
1072 1027 1122 1071 ou·

83 1103 155 1162 mine
170 1108 338 1173 enarretur,
355 1099 429 1160 insta
443 1099 516 1169 arit;
535 1098 676 1172 siqrridem
693 1115 710 1156 a
731 1099 870 1173 principio
888 1098 1001 1158 sociatis
1015 1097 1122 1158 ordinis

82 1186 232 1259 derivatur,
250 1184 405 1250 onirusisti
421 1183 483 1242 sine
498 1182 605 1242 stetere
620 1184 728 1257 nequit.

115 1271 158 1332 Sin
172 1270 337 1344 quaestione
353 1271 503 1342 proposita,
517 1267 562 1326 ius
577 1269 762 1342 propulsandi
778 1270 835 1328 aira
850 1266 984 1343 denegari
1000 1283 1056 1326 non
1074 1283 1122 1342 po

4 1429 5 1434 γ
82 1361 149 1426 test,
168 1356 220 1414 nisi
239 1356 283 1414 ius
303 1353 329 1413 ri
346 1353 474 1412 emetita
492 1353 608 1426 spoliari
630 1353 695 1411 vetit
714 1359 743 1410 st
761 1353 870 1413 numini
889 1355 1033 1412 adimatur
1047 1358 1123 1428 pute·

81 1443 136 1496 stas
157 1439 346 1512 prospiciendi
369 1436 485 1513 proprio
511 1437 587 1495 huno
606 1445 636 1494 et
654 1437 763 1496 iniusta
781 1437 927 1506 obaaunia
946 1436 1121 1497 removendi.

80 1523 153 1593 erod
169 1534 244 1582 uerte
260 1539 343 1582 tinnit)
358 1523 451 1594 diuet,
471 1521 525 1580 nisi
541 1521 566 1580 is
589 1522 638 1594 qni
660 1523 718 1580 vim
742 1522 814 1583 iuris
833 1523 943 1596 ignoret
960 1530 1010 1581 aut
1023 1523 1069 1580 ius
1083 1522 1120 1582 ab

80 1609 181 1670 iniuria
195 1610 261 1668 eitdi
279 1625 360 1683 passu
375 1608 536 1666 r·unteodat.
553 1607 608 1665 dee
623 1621 751 1680 opponas
760 1607 789 1666 in
805 1607 935 1666 hoccasn
947 1607 1062 1666 tutaiam
1073 1607 1118 1666 sui

79 1694 177 1754 sociari
193 1709 260 1752 num
275 1700 379 1752 itamar)
393 1694 520 1763 atterius,
538 1707 571 1750 aa
587 1693 706 1766 proinde
720 1692 852 1750 itticitarn
868 1686 939 1751 osse.
958 1693 1026 1751 Nam
1042 1694 1121 1750 dam·

78 1794 145 1841 num
161 1779 257 1838 iniusti
273 1776 448 1849 aggressuris
463 1777 554 1834 eidem
571 1776 705 1848 imputari
724 1776 970 1850 dispensandam
986 1785 1084 1850 sponte
1095 1781 1123 1835 et

4 1933 5 1936 Ἴ
77 1879 162 1940 prave
175 1865 203 1922 in
219 1881 254 1921 eu
268 1862 434 1923 discrimine
446 1878 476 1923 se
492 1861 647 1932 constitnit,
665 1875 727 1930 nura
741 1876 806 1918 reru
815 1863 949 1934 imputari
958 1867 1050 1938 pertesi
1061 1876 1122 1936 pro·

77 1950 197 2023 pulsanti
214 1949 435 2022 aggressionem,
448 1946 498 2020 otti
513 1952 588 2004 certe
605 1947 650 2004 ins
660 1961 691 2004 se
708 1945 805 2004 tuendi
820 1961 877 2005 oua
889 1949 994 2005 amittit
1009 1953 1122 2020 propter

78 2036 243 2108 pravitatum
259 2035 386 2092 atterius

111 2118 198 2194 itane
213 2119 282 2176 haec
298 2120 378 2186 ratio,
395 2131 461 2174 curn
478 2114 616 2183 generatis
631 2114 677 2185 sit,
695 2115 817 2173 ostendit
830 2117 916 2175 stiam
933 2117 1040 2175 licitam
1054 2133 1118 2178 esso

77 2205 251 2276 aggressuris
261 2205 376 2260 eaedem
388 2203 416 2261 in
428 2203 488 2274 ipso
500 2199 690 2274 aggressionis
701 2207 854 2275 muniunto,
866 2203 891 2260 si
907 2203 951 2262 ris
964 2203 1028 2266 aias
1040 2202 1122 2264 aliter

77 2289 176 2361 repetii
192 2292 300 2362 raeqnit.
1190 2357 1196 2369 ι

111 2373 163 2440 Oui
177 2374 206 2432 in
223 2390 253 2448 re
268 2391 283 2430 a
301 2373 417 2431 veritate
436 2371 559 2430 declinat
574 2370 708 2443 iurans,
725 2373 773 2448 qni
790 2373 928 2433 eirrsmodi
945 2375 992 2434 ins
1005 2377 1121 2436 omnino

74 2466 178 2530 negat,
195 2459 331 2531 inaniens
345 2473 456 2516 murum
474 2459 648 2514 honestatem
668 2463 748 2517 natta
767 2460 851 2517 modu
866 2461 1025 2520 consuetae
1040 2477 1121 2536 posse

74 2551 104 2600 ut
118 2542 203 2602 horno
219 2544 363 2602 trerminum
379 2543 505 2600 seientor
519 2543 639 2613 occidat,
659 2553 817 2618 nturrmqus
832 2544 953 2602 iniustae
968 2547 1120 2618 aggressio·

72 2628 118 2686 nis
135 2635 300 2687 rreuessrtate
315 2629 455 2688 adiaatnr.
474 2627 560 2685 senas
574 2626 732 2686 dicendam
750 2633 843 2685 esset:
864 2629 947 2686 tiuare
960 2629 1043 2686 nodis
1057 2645 1120 2687 nau·

21 2783 26 2792 ¹
72 2711 137 2772 iarn
154 2721 296 2788 putrore,
315 2713 389 2789 prtia
409 2715 484 2772 nitar
503 2712 535 2769 id
553 2712 587 2770 ia
611 2727 664 2770 nos
682 2723 807 2788 patrare
826 2721 953 2787 paratur
971 2721 1020 2773 est.
1042 2714 1120 2782 Quod

69 2815 157 2872 qrrarn
175 2801 277 2858 iaisrrm
293 2805 329 2857 sat
345 2799 453 2858 rremmi
468 2800 591 2856 dniaiuna
607 2813 669 2855 essu
692 2807 790 2870 potera
807 2812 912 2872 quippe
926 2797 1033 2856 malurn
1048 2813 1120 2858 nun·

71 2897 162 2958 qrrarm
177 2885 326 2941 admittere
342 2883 416 2941 iicet.

105 2970 159 3025 sad
171 2983 241 3041 pane
254 2966 338 3024 nnius
349 2967 501 3040 sophistae,
513 2966 582 3022 iaaac
594 2965 663 3022 ratio
679 2964 789 3022 iaburat
800 2966 870 3022 iaisu
880 2969 1033 3042 supposito.
1050 2969 1119 3028 Saia

65 3052 150 3112 araiit
164 3055 243 3110 araim
258 3051 431 3109 unaisiuuem
446 3051 639 3122 aggressuris,
659 3051 779 3106 serratis
795 3050 905 3121 tegritas
921 3071 994 3126 arrae
1010 3055 1115 3114 iustam

66 3137 265 3196 defensionem
281 3137 474 3206 moderantur,
492 3141 520 3192 st
533 3131 743 3207 exprimimus,
761 3138 861 3193 uiurati
877 3137 986 3196 matitia
1002 3138 1118 3214 turpari.

65 3222 127 3283 liuc
143 3226 237 3278 antem
254 3234 338 3278 nemo
353 3219 407 3293 ipsi
422 3221 574 3291 concertet,
591 3219 733 3292 siqnidem
752 3220 826 3278 inest
840 3221 948 3280 irumini
963 3224 1008 3282 ins
1022 3230 1121 3283 sonim

65 3307 128 3364 vim
147 3306 174 3364 vi
189 3321 219 3364 oa
236 3305 341 3376 mermi,
357 3319 409 3363 neo
425 3306 482 3362 uita
496 3303 673 3378 ubiigatiuns
688 3306 753 3379 quis
765 3308 991 3378 adstringiturnt
1005 3309 1068 3383 pias
1081 3308 1120 3368 ai-

65 3393 160 3450 terins
175 3392 250 3448 vitae
264 3391 401 3461 constitut,
414 3404 500 3464 quarm
517 3405 595 3462 suam
615 3389 795 3462 potissimum
811 3407 877 3449 eam
895 3392 956 3466 ipse
970 3393 1077 3453 ioiaria
1091 3399 1119 3454 ei

63 3473 159 3534 invita
175 3475 203 3534 in
219 3475 371 3533 discrimen
383 3475 419 3531 ab
429 3488 593 3545 aggressura
607 3475 774 3548 actitaretur,
787 3492 936 3549 aggressor
944 3486 1043 3537 orrrrtra
1053 3495 1118 3554 prn-

62 3559 140 3617 duras
156 3560 303 3634 libensque
318 3575 348 3618 su
364 3560 392 3618 in
413 3559 484 3618 itind
504 3558 646 3617 nuniiniat.
670 3559 801 3618 Fatorrrnr
821 3562 908 3628 igitur
924 3578 1072 3637 annuarum
1085 3564 1118 3624 li-

61 3658 134 3702 cere
149 3647 255 3704 murale
272 3645 377 3702 anniam
394 3638 553 3714 admittere,
565 3659 599 3701 eo
614 3645 688 3718 atiud
706 3649 780 3703 atter
793 3647 917 3721 arianista
936 3653 965 3705 at
981 3649 1061 3707 valde
1075 3650 1118 3710 in·

64 3729 204 3788 iiuiamnr
220 3733 244 3789 id
262 3731 290 3789 in
309 3745 363 3790 nort
382 3738 506 3789 nostram
523 3731 665 3803 quadrare
682 3733 864 3789 sententiam.
877 3733 966 3791 immo
975 3733 1116 3810 addimus,

60 3816 242 3873 contrariam
265 3817 356 3890 prutina
375 3815 535 3890 opinionem
558 3815 684 3872 muribus
703 3833 879 3891 repugnare,
896 3818 1037 3891 siquidem
1052 3819 1116 3879 iura
1136 3807 1140 3820 '

60 3903 199 3958 nocuistis
215 3893 325 3960 iuribus
340 3903 500 3960 innocentia
510 3903 664 3974 anteponit,
676 3908 705 3958 et
714 3905 905 3960 ‹euriditiuuem
917 3902 1112 3978 inproborum

57 3983 221 4050 hominum
237 3986 368 4070 tutiorem
381 3987 530 4052 efficiendo
546 3985 621 4060 aiant
636 3986 881 4060 ostentationem
895 3988 1005 4063 sternit,
