2767 4492
209 243 244 303 20
415 254 646 301 tusmromomss
659 255 787 300 tossicis
808 256 1051 300 enosaaououou

206 349 319 410 pateat,
334 344 541 409 inuestiaatione
554 350 603 396 aut
615 344 841 396 demonstratione
854 345 953 394 donari
965 343 1079 403 debent,
1094 347 1131 395 ad
1142 349 1256 396 satiari·

157 487 159 496 ¹
207 432 286 482 nium
298 431 408 481 tandem
419 431 555 480 reducitur
566 445 577 488 ,·
588 431 659 494 qnod
671 441 764 492 reapse
777 429 899 492 generate
915 429 1124 478 instrumentum
1137 435 1177 479 est
1187 431 1255 480 oeri-

207 518 278 568 tatie
289 516 448 578 deteasndae
462 515 502 564 oei
515 516 750 565 demonstrandae.
765 513 857 562 Huius
871 514 957 576 initur
975 513 1111 562 eaeiustva
1124 517 1255 564 tractatio

205 603 326 664 primam
337 600 451 664 loaisae
461 606 566 662 partem
578 601 732 655 constituet,
745 612 813 664 quae
827 599 911 649 ettam
927 594 1070 648 dialectice
1080 601 1253 657 nominatur,

207 689 233 734 et
245 685 300 736 diei
309 685 409 748 poterit
421 698 430 733 .·
445 680 579 734 ratiocinii
598 680 722 734 seientie.
742 684 848 734 Adsunt
858 689 1000 745 praeterea
1010 683 1159 733 nonnullae
1172 697 1254 747 quas-

206 769 326 834 setosus,
340 783 408 834 quae
421 771 544 820 reaoeari
556 770 663 834 quidem
679 770 717 819 ad
735 769 948 832 metaphoricam
964 773 1073 830 possent
1087 803 1095 830 ‚
1112 770 1158 819 sed
1170 771 1254 820 nimis

207 859 281 905 arete
292 867 352 904 aum
369 854 470 918 Loaiea
482 853 657 918 eaiiiaantus.
673 852 839 904 Huiusmodi
850 859 930 909 sunt,
943 866 1012 916 quas
1026 853 1115 902 ideam
1130 854 1202 915 aeri,
1217 857 1254 904 ad

206 940 277 1002 quod
291 951 364 990 mens
375 943 470 990 nostra
482 939 568 989 tendit
580 972 588 1000 ,
602 939 662 988 aias
675 939 771 1003 quiens
787 938 853 986 ittae
871 937 1051 993 adducimur,
1065 937 1254 988 certitudinem

205 1037 287 1086 auam
298 1024 361 1074 inde
372 1025 547 1087 acquirimus,
558 1025 661 1074 motiva
672 1024 767 1087 quibus
779 1024 810 1072 in
819 1024 869 1071 iae
877 1023 1021 1085 adeptione
1033 1022 1161 1078 nitimur,
1172 1029 1253 1086 atque

208 1107 268 1157 atio
281 1107 322 1156 iris
333 1108 438 1157 simiiia
451 1107 600 1158 enueieant.
615 1108 737 1158 Alteram
750 1109 838 1171 iaitur
850 1107 964 1171 Lonieae
975 1113 1081 1170 partem
1090 1108 1197 1170 primae
1209 1108 1253 1157 itti

207 1191 413 1257 sisbiunaemus,
427 1205 494 1256 quae
506 1194 635 1243 eiusmodi
649 1192 844 1243 controuersias
857 1192 1066 1254 complectatur,
1080 1197 1104 1241 et
1116 1192 1253 1241 rudiorem

208 1275 286 1325 iiiam
298 1279 487 1326 tractationem
500 1277 637 1328 absolvens
657 1277 743 1327 altius
763 1276 956 1340 quodammodo
972 1282 1086 1325 mentem
1098 1282 1252 1337 promoveat

207 1372 314 1424 eamque
330 1359 553 1411 abstractionem
570 1361 768 1424 metopiusieae
787 1360 1041 1424 inoestiaationibus
1060 1361 1139 1423 quasi
1160 1362 1249 1423 dispo-

206 1451 265 1494 nat.
280 1445 365 1501 Haeo,
378 1445 404 1494 si
413 1445 513 1508 piacet,
527 1445 636 1510 deliniri
647 1451 754 1508 posset:
770 1441 884 1494 scientis
903 1457 996 1494 aarum
1009 1456 1080 1510 quse
1092 1427 1128 1493 e‘d
1142 1441 1193 1492 rite
1208 1457 1251 1493 sa·

206 1524 390 1580 tiooioandum
404 1525 566 1581 inserviunt.

241 1611 362 1679 Denique
376 1616 464 1679 quoad
475 1615 655 1680 quaestionem
664 1615 742 1665 iiiam
753 1621 846 1665 utram
858 1613 958 1678 loaisa
967 1628 1013 1664 ars
1024 1615 1062 1664 sit
1071 1614 1112 1663 oei
1125 1615 1249 1670 seientia,

207 1689 321 1748 dicimus
335 1711 393 1749 eam
406 1705 545 1764 utramque
559 1713 612 1750 esse
623 1700 671 1750 sui
684 1701 791 1750 diversa
805 1699 1027 1749 consideratione.
1045 1697 1110 1747 Cum
1122 1699 1192 1747 enim
1205 1711 1251 1747 ars
1351 1748 1355 1756 ,

206 1781 278 1830 ninii
290 1783 327 1831 sit
338 1782 414 1832 atiud
423 1784 480 1832 nisi
489 1785 620 1848 quaedam
629 1784 767 1834 ordinatio
779 1785 897 1832 rationis
907 1796 961 1846 qua
969 1784 1058 1832 media
1068 1783 1250 1846 disponuntur

206 1869 238 1914 nt
251 1867 288 1916 ad
305 1865 422 1917 debitum
439 1869 518 1932 finem
535 1869 606 1918 aetia
624 1869 743 1918 humana
758 1868 920 1931 pemaniate
930 1867 1049 1931 profesto
1067 1867 1166 1930 Loaiea
1184 1880 1251 1930 quae

207 1955 284 1998 aetus
296 1951 368 2014 ipsos
380 1952 499 2002 rationis
513 1953 611 2014 diriait
623 1959 653 2004 ut
666 1966 758 2003 uerum
769 1957 961 2015 assequantur,
975 1952 1045 2000 artis
1056 1952 1192 2000 notionem
1205 1953 1250 1998 in·

207 2033 302 2085 eludit.
316 2036 401 2085 Immo
415 2038 462 2087 troo
474 2040 580 2088 nomine
592 2040 707 2090 dicenda
720 2043 759 2087 est
770 2049 816 2086 ars
829 2038 942 2092 artium,
958 2037 1055 2100 quippe
1068 2049 1134 2099 quae
1146 2035 1249 2100 influat

207 2119 239 2168 in
251 2132 339 2170 omnes
351 2127 432 2171 artes.
450 2119 517 2172 Gum
529 2125 600 2172 enim
614 2128 690 2173 aetus
702 2122 775 2186 ipsos
786 2121 904 2170 rationis
917 2121 1023 2170 ordinet
1033 2134 1045 2178 ,⁰
1057 2121 1086 2170 id
1098 2120 1220 2175 ordinat,
1231 2133 1250 2169 a

208 2217 259 2268 auo
273 2211 344 2256 artes
357 2219 446 2258 omnes
459 2209 677 2273 proficiscuntur.
895 2265 897 2269 ,
1091 2258 1095 2265 .

244 2289 333 2341 Habet
342 2293 449 2354 pariter
461 2294 623 2358 dianitatem
633 2294 784 2352 seientiae,·
797 2291 930 2356 siquidem
937 2304 985 2354 per
995 2292 1250 2356 demonstrationem

206 2377 325 2438 proaedit
336 2391 347 2434 ,·
360 2378 553 2431 demonstratio
565 2387 656 2430 autem
666 2380 809 2429 seientiam
820 2377 898 2441 parit
909 2414 918 2432 ,
931 2389 998 2441 quae
1012 2378 1120 2448 quidem
1128 2376 1199 2426 ninii
1211 2382 1249 2426 est

206 2459 283 2511 atiud
295 2474 375 2526 quam
390 2464 507 2528 ooanitio
519 2478 567 2528 por
581 2465 835 2516 demonstrationem
849 2462 994 2525 aequisita.
