2767 4492
240 278 321 338 Ι296
485 357 488 362 ¹
564 229 571 248 ἱ
672 278 874 324 nanuanra

269 381 332 450 pter
347 370 465 431 tutelam
480 379 568 442 quam
585 366 689 426 iisdem
708 365 823 424 assiduo
840 361 1018 436 impertitur,
1035 359 1216 420 detlniondas
1233 364 1325 420 etes-

268 455 416 533 plicandas
434 451 595 525 commisit;
612 451 736 523 denique
753 448 876 507 iormam
894 444 1042 518 regiminis
1055 454 1112 518 ¹per
1131 461 1163 504 se
1182 443 1325 504 determi-

268 533 366 612 navit,
377 537 572 614 Apostolorum
590 533 804 594 successoribus
820 536 958 606 potestate
974 529 1089 588 tributa.
1108 529 1182 588 Eine
1200 529 1324 588 emersit

269 634 302 686 ut
320 623 445 685 Ecclesia
462 620 633 682 universalis
649 624 677 678 et
694 634 770 690 una,
787 614 1029 691 quemadmodum
1038 613 1077 672 au
1091 613 1176 674 ideali
1196 620 1322 688 typoso

269 708 409 771 cictatatis
426 707 574 780 religiosae
598 703 787 778 exigebatur,
807 716 908 775 reapse
926 698 1100 769 constiterit,
1122 713 1254 772 eamque
1273 713 1324 755 un

269 794 405 869 dcuiginti
425 790 602 852 saeculorum
622 790 713 864 spatio
732 789 869 849 adversus
888 785 1056 859 omnigenos
1081 784 1211 843 hostium
1232 784 1323 857 impe

273 889 318 942 tus
332 883 550 954 permanentem
560 882 588 936 et
597 875 744 936 victricem
756 874 940 932 admiremur.

305 965 369 1024 202.
385 965 419 1024 Ut
432 961 567 1035 organica
582 960 723 1020 Ecclesiae
738 964 881 1018 structura
898 957 953 1017 rite
969 955 1163 1030 intelligatur,
1181 953 1323 1013 nonnulla

271 1049 413 1112 distinctis
427 1047 555 1107 numeris
569 1047 734 1106 innuamus.

306 1131 568 1194 immmortalis
586 1130 749 1190 constitutio
764 1129 906 1188 Ecclesiae
925 1127 1062 1187 aClrristo
1074 1126 1136 1200 ipso
1151 1125 1322 1184 immediate-
1361 1154 1362 1157 κ

270 1217 417 1291 manauit3
438 1231 472 1276 ac
490 1216 608 1291 proinde
630 1215 702 1274 nulli
723 1216 867 1274 humanae
887 1213 1025 1272 uolarntati
1034 1211 1190 1270 subiicitur
1202 1225 1260 1268 uec
1271 1217 1322 1267 ter-

272 1320 341 1364 roao
355 1302 491 1378 quopiam
508 1301 572 1360 iuro
589 1299 758 1359 commutari
774 1305 824 1357 aut
839 1299 871 1356 in
891 1297 977 1356 aliam
994 1295 1120 1355 converti
1137 1295 1321 1368 potestante
1361 1346 1362 1367 ,

272 1389 350 1448 eninr
371 1385 594 1460 supernaturalis
614 1390 674 1452 ost,
695 1399 748 1442 nec
767 1383 827 1442 ulla
851 1381 962 1440 ratione
984 1381 1022 1439 ab
1047 1395 1155 1438 amana
1175 1379 1320 1437 voluntate

272 1471 421 1548 processit.
440 1471 473 1530 Et
490 1484 568 1542 sane,
589 1467 709 1543 qtrucvis
727 1467 839 1526 socialis
853 1465 994 1525 ordinatio
1010 1479 1070 1522 uon
1088 1463 1145 1522 alio
1160 1462 1229 1522 iure
1249 1462 1322 1521 demi
1361 1404 1363 1515 l

270 1562 363 1630 potest
382 1559 433 1614 aut
452 1554 534 1614 aliter
553 1551 813 1624 conlormari,nisi
829 1567 863 1610 eo
884 1566 901 1608 a
920 1565 976 1623 quo
994 1547 1136 1621 originem
1152 1547 1259 1620 duxit,
1281 1547 1322 1603 rel
1361 1518 1363 1569 ἱ

270 1640 352 1699 cuius
367 1638 515 1698 dictamini
531 1638 612 1711 plene
628 1637 766 1696 subiacet.
789 1635 858 1694 (lum
877 1634 964 1708 igitur
978 1632 1120 1692 Ecclesiae
1138 1632 1236 1690 forma
1250 1647 1270 1689 a
1283 1646 1321 1689 so

270 1724 298 1784 la
308 1723 410 1784 Christi
424 1721 589 1782 anctoritate
603 1721 770 1795 dependeat3
787 1717 959 1777 immutabili
969 1716 1132 1776 conditione
1142 1721 1282 1774 constant
1291 1729 1322 1771 ac

271 1809 336 1867 talis
351 1808 491 1880 servande
505 1806 609 1879 iugiter
622 1809 681 1877 est,
698 1804 814 1878 qualem
829 1819 894 1862 eam
908 1803 1035 1862 Christus
1050 1807 1189 1875 perpetuo
1205 1801 1323 1859 durato
1361 1810 1362 1839 t

271 1907 335 1950 ram
350 1891 449 1950 uoluit.
1361 1872 1362 1933 l

305 1977 337 2036 tl.
354 1974 504 2046 Ecclesiae,
521 1978 605 2048 prout
618 1989 723 2048 corpus
747 1971 852 2034 sociale
870 1977 922 2046 cst,
939 1972 1012 2031 duae
1030 1975 1098 2031 sunt
1116 1975 1232 2044 partus:
1250 1970 1322 2029 mul
1361 1960 1362 1973 ¹

271 2060 360 2120 titudo
375 2056 511 2132 fidelium,
528 2073 631 2133 nempe
646 2058 789 2118 sociorum
804 2059 853 2131 oui
866 2059 921 2117 lade
936 2057 1050 2139 adducti
1065 2056 1107 2115 illi
1116 2056 1190 2114 dant
1205 2071 1322 2126 nomon,
1361 2044 1362 2129 ξ

270 2153 299 2205 et
312 2143 439 2218 legitima
454 2147 576 2216 potestas
596 2159 647 2202 seu
670 2159 750 2202 sacer
771 2144 957 2215 magistratus
970 2142 1020 2216 qui
1034 2141 1256 2200 multitudinem
1275 2158 1322 2214 gu·

268 2229 371 2288 bornat
384 2241 417 2286 ac
431 2227 514 2300 regit.
522 2227 619 2301 ,diuam
633 2227 662 2286 id
677 2244 715 2286 en
725 2229 788 2302 ipsa
799 2229 915 2287 notione
930 2227 1074 2286 societatis
1089 2226 1223 2298 emergit,
1236 2241 1321 2300 quac,

270 2319 303 2373 ut
316 2313 387 2372 alias
401 2312 537 2386 diximus,
554 2312 667 2372 duobus
680 2313 759 2372 hisce
775 2313 925 2372 elementis
939 2317 1042 2370 natura
1057 2327 1110 2369 sna
1125 2318 1252 2369 constat.
1361 2329 1363 2379 i

305 2399 350 2458 lll.
366 2396 563 2456 Ecclesiastico
576 2402 701 2472 potestas
716 2397 823 2471 duplex
837 2403 895 2469 cst,
912 2396 1027 2476 ordinis
1042 2403 1070 2454 et
1086 2393 1322 2463 iurisdictionis
1361 2386 1363 2467 l

271 2499 392 2558 otiorum
411 2483 504 2558 prima
518 2482 554 2540 ad
575 2481 748 2541 oblationem
766 2481 916 2554 sacrificii,
933 2487 961 2540 et
975 2480 1183 2539 coniectionem
1199 2481 1323 2539 admiai·

271 2568 493 2641 strationemque
507 2572 751 2625 sacramentorum
765 2567 901 2639 retertur3
918 2567 1007 2624 altera
1017 2565 1053 2623 ad
1067 2563 1211 2637 regendos
1221 2566 1323 2637 guber·
1361 2554 1363 2623 i

262 2653 438 2727 'nandosque
452 2650 550 2710 fidelos
572 2651 720 2714 ordinatur
735 2650 830 2724 quoad
844 2650 939 2708 lorum
956 2655 1016 2708 tuni
1030 2649 1178 2707 internum
1195 2654 1262 2707 tum
1276 2665 1323 2707 es·
1361 2626 1363 2754 J

270 2743 395 2797 ternum.
405 2735 518 2810 Triplici
533 2741 628 2794 autom
641 2740 888 2807 munereconstat,
902 2740 1038 2810 potestate
1053 2733 1193 2791 nimirum
1211 2734 1323 2808 lepislu
1361 2755 1363 2803 t

270 2823 340 2891 tica,
356 2821 513 2890 caecutias,
524 2819 698 2893 iudiciario,
711 2819 825 2894 quaein
840 2819 902 2894 ipsa
917 2820 1033 2879 notione
1047 2818 1234 2878 auctoritatis
1247 2835 1322 2880 com·
1361 2814 1363 2826 '

270 2906 496 2982 prelianduntur.
1361 2893 1363 2951 ἒ

307 2991 350 3050 lll.
368 2989 525 3048 iurisdictio
544 2989 575 3048 in
589 2989 735 3064 Episcopis
754 2989 875 3063 residet,
892 2989 999 3064 quibus
1020 2989 1075 3049 sub
1096 2989 1185 3048 ductu
1209 2991 1322 3049 romani

271 3073 415 3135 Pontificis
431 3088 535 3133 munus
550 3075 667 3148 regendi
678 3074 833 3134 Ecclesiam
844 3091 862 3134 a
874 3075 983 3134 Christo
1002 3074 1190 3134 commissum
1206 3083 1264 3134 est.
1282 3078 1320 3139 tt.
1361 3102 1363 3106 v

271 3167 419 3233 tanrqmm
433 3157 464 3216 in
474 3174 606 3231 supremo
621 3159 714 3233 capite
728 3165 756 3218 et
770 3175 882 3218 summo
893 3159 1079 3231 moderatore,
1095 3159 1124 3217 iu
1140 3157 1205 3232 ipso
1221 3160 1322 3219 ltoma·
1361 3226 1362 3231 ἵ

271 3261 310 3302 no
320 3243 455 3302 Pontitico
464 3242 615 3316 colligitur,
627 3243 676 3317 qui
686 3243 809 3318 principi
823 3245 1029 3318 Apostolorum,
1041 3259 1144 3317 nempe
1155 3244 1250 3316 Petro,
1263 3262 1323 3304 suo
1361 3285 1363 3313 5

271 3327 358 3400 codit;
376 3342 409 3386 ac
423 3327 541 3400 proinde
556 3327 710 3401 Episcopus
723 3333 766 3386 est
776 3329 944 3388 universalis
955 3327 1107 3400 Ecclesiae,
1120 3333 1149 3386 et
1159 3328 1252 3388 veluti
1263 3330 1322 3403 Epi·

274 3427 375 3486 scopin
388 3411 599 3486 Episcoporum.
614 3411 653 3470 Es
671 3428 714 3485 co,
734 3418 878 3487 tamquam
888 3429 926 3471 cx
936 3413 1022 3486 tonte,
1039 3411 1185 3471 dannatur
1199 3421 1321 3487 potestas

272 3497 303 3556 in
314 3502 420 3556 ceteros
429 3496 592 3570 Episcopus,
609 3497 633 3555 si
646 3497 711 3570 quis
722 3503 818 3555 antem
832 3497 869 3555 ab
879 3497 1151 3557 eiuscommunione
1161 3507 1319 3572 separatur,

272 3582 327 3640 lroo
341 3582 349 3639 i
354 3597 402 3655 pso
416 3581 496 3641 omni
510 3581 676 3640 auctoritato
690 3581 858 3639 infidelium
871 3581 1077 3654 gubernatione
1092 3581 1271 3642 destituitur.
1361 3552 1363 3625 l

206 3737 210 3744 Ι
307 3666 337 3724 v.
356 3667 447 3734 Quare
462 3667 554 3724 lornra
574 3667 724 3740 regiminis
738 3666 768 3724 in
785 3665 909 3724 Ecclesia
931 3666 981 3725 liei
1003 3665 1190 3725 monareltica
1209 3675 1272 3740 est,
1287 3669 1322 3727 si·
1361 3658 1363 3680 ³

274 3751 390 3823 narnium
405 3764 551 3810 summum
566 3750 720 3825 imparium
735 3766 823 3810 unam
837 3750 988 3808 ‹lurntaxat
1003 3765 1153 3825 personam
1172 3750 1321 3812 informat.

272 3833 464 3904 litimonium
473 3836 565 3911 qttoad
576 3836 723 3913 potcstatis
737 3834 907 3896 exercitium
922 3835 1101 3896 aristocratia
1110 3835 1323 3910 quodammolo
