2767 4492
439 247 849 295 pressurus-coeuntem
1133 231 1169 292 83

115 333 259 410 quidquid
274 333 399 394 arrideat
408 333 481 406 lleo;
498 339 574 393 certe
589 333 642 392 hoc
657 349 743 393 sensu
756 328 1109 408 snpematuraliaciiectns
1118 343 1170 388 na·

114 427 201 480 turae
218 419 377 480 contrarius
392 418 450 478 dici
464 433 523 477 non
536 422 637 494 potest.
658 419 691 476 dt
705 418 730 476 si
744 419 986 478 animadvertatur
1000 413 1167 488 inclinatio,

113 520 177 578 qua
190 519 235 564 res
249 505 379 564 conditae
397 503 432 563 ad
447 510 654 563 consentaneos
668 501 725 561 sibi
739 502 857 562 etiecma
875 501 1071 577 propendent,
1096 498 1170 558 ninii

113 593 195 650 vetat
208 589 360 664 quominus
375 589 606 664 supernaturales
619 588 738 648 effectus
752 587 806 646 hoc
818 603 908 646 sensu
920 586 1072 645 dumtaxat
1085 588 1168 642 natu·

112 689 167 734 ree
182 674 329 736 adversari
343 674 476 734 dicantur
489 672 644 734 interdum.
664 673 772 747 Iteapse
786 672 864 730 enim
878 671 945 730 hnic
959 669 1082 730 namneti
1095 674 1125 729 et
1137 669 1169 728 li·

111 758 194 818 nitae
209 759 395 833 propensioni
410 759 580 834 quandoque
594 758 791 830 reluctantur3
809 756 889 815 velut
902 771 949 815 ex.
965 771 1008 829 gr.
1025 770 1091 815 cum
1105 768 1167 812 cor-

111 859 170 918 pus
184 859 281 918 mave,
299 843 410 904 volente
424 843 497 912 Deo,
520 857 634 902 sursum
648 841 788 902 ascendit.
807 839 873 898 llixi
886 835 1084 914 quandoque,
1100 837 1169 912 quie

111 927 188 986 haec
202 928 291 987 etiam
305 927 444 1002 oppositio
458 928 535 986 haud
549 941 662 1002 semper
677 926 790 986 accidit.
803 924 971 997 contingere
984 923 1061 983 enim
1076 926 1170 996 potest

111 1012 272 1086 aliquando
286 1017 319 1072 ut
333 1012 557 1086 snpematuralis
572 1012 706 1086 gignatru
720 1011 848 1082 effectus,
864 1009 914 1083 qui
928 1009 982 1068 etei
995 1013 1116 1067 naturae
1129 1005 1170 1064 vi-

110 1111 162 1156 res
178 1101 302 1170 superet,
320 1101 415 1156 tamen
429 1097 501 1156 nulli
515 1097 578 1156 sius
592 1096 699 1156 officiat
712 1093 904 1170 propensioni3
920 1099 953 1153 nt
967 1093 992 1153 si
1006 1109 1054 1152 ex.
1065 1106 1109 1166 gr.
1125 1105 1169 1150 se·

110 1185 195 1255 getes
207 1195 352 1255 nusquam
366 1187 444 1242 satae
457 1197 512 1256 ope
526 1181 614 1241 solius
628 1180 744 1240 urinae
756 1178 871 1239 virtutis
884 1183 1065 1239 enascmun.

531 1351 701 1410 inricunus
718 1349 751 1409 ll.

270 1519 309 1580 llo
322 1518 455 1594 pennino
468 1520 586 1580 colono
599 1519 758 1594 miracoli,
778 1519 871 1595 doque
884 1519 1016 1580 ciusdem

553 1604 728 1680 partitione⁶

152 1774 198 1834 45.
218 1773 384 1834 ldiraculum
399 1775 580 1834 nominatum
594 1779 638 1834 est
652 1775 830 1848 amicando,
850 1779 879 1833 et
892 1775 956 1835 ideo
969 1774 998 1834 ri
1013 1775 1091 1834 vocis
1106 1789 1170 1833 reon

114 1859 261 1932 significat
274 1859 463 1920 admiratione
485 1861 612 1934 dignum.
635 1859 694 1927 Quo
713 1859 793 1926 loco,
821 1859 1106 1918 animadvertendum
1125 1865 1170 1918 est

114 1944 266 2017 diligenter
281 1945 500 2005 admirationem
515 1946 583 2006 inde
598 1945 730 2017 excitari,
751 1944 827 2019 quod
841 1944 959 2002 ellectum
973 1943 1167 2018 conspicitur,

114 2029 199 2088 cuius
214 2045 301 2088 cause
314 2030 470 2104 ignoretur.
487 2031 565 2089 Unde
578 2035 622 2089 est
636 2035 668 2089 ut
681 2029 799 2088 effectus
813 2028 862 2088 illc
872 2035 985 2103 praeter
995 2028 1168 2103 expectatio

115 2129 186 2172 nem
196 2113 364 2173 admirantis
373 2119 517 2188 appareat,
528 2120 679 2188 propterea
689 2115 765 2187 quod
778 2115 803 2172 is
817 2115 992 2173 monaulum
1003 2115 1076 2188 eiua,
1092 2113 1170 2188 quod

114 2197 213 2270 videt,
230 2213 365 2256 casurum
378 2199 467 2258 inisse
483 2198 677 2258 existimabat.

154 2281 200 2340 Sic
215 2282 423 2356 cumprimum
437 2283 567 2342 homines
582 2283 712 2358 eclipsim
726 2285 794 2344 solis
807 2286 905 2344 mirati
920 2290 996 2358 sunt,
1018 2289 1169 2360 propteroa

116 2367 220 2426 oborta
234 2367 264 2425 in
278 2367 349 2440 ipsis
364 2367 514 2429 admiratio
524 2375 586 2444 est,
614 2370 690 2443 qnod
700 2369 786 2429 huius
796 2371 987 2445 phaenomeni
997 2387 1114 2430 cansam
1123 2385 1170 2428 ce·

120 2451 269 2524 latentur,
290 2456 431 2524 quatenus
453 2453 595 2528 opinionis
610 2469 705 2513 errore
725 2455 815 2514 solem
829 2456 949 2516 canora
965 2471 1021 2514 non
1036 2455 1169 2514 obscura-

117 2543 182 2594 tum
195 2535 233 2594 im'
246 2541 389 2609 putarent.
413 2537 513 2598 Verum
527 2539 598 2599 neec
614 2555 717 2599 causae
737 2539 878 2615 ignoratio
896 2539 1004 2615 duplici
1025 2555 1062 2599 ex
1077 2539 1169 2615 cupito

116 2620 284 2695 contingere
298 2627 407 2697 potest:
429 2640 466 2684 ex
481 2626 642 2686 conditione
657 2627 721 2700 ipsa
734 2627 870 2699 effectus,
891 2632 941 2685 aut
955 2641 992 2684 ex
1006 2626 1169 2685 conditione

115 2708 281 2778 spectantis.
292 2707 707 2786 intervenitenimaliqnando,
725 2716 854 2768 utcausa
865 2711 992 2783 effectus,
1009 2727 1095 2784 quem
1103 2714 1169 2784 qnia
1288 2780 1291 2791 1

115 2789 290 2866 admiratum,
312 2807 368 2852 non
383 2808 435 2866 per
449 2810 480 2852 se
494 2795 532 2853 sit
545 2795 637 2853 latens
652 2793 820 2864 innatum,
841 2793 892 2850 sed
905 2795 1017 2850 deiectu
1032 2795 1168 2850 scientiae

115 2874 287 2934 admirantis
301 2877 467 2950 ignoretur3
489 2877 732 2950 quemadmodum
746 2881 790 2932 est
803 2875 839 2932 de
853 2876 985 2950 exemplo
999 2876 1113 2950 eclipsis
1126 2891 1169 2934 so

114 2957 186 3018 laris
201 2959 295 3031 quoad
308 2959 411 3016 rudem
425 2959 582 3032 hominem.
603 2959 673 3016 Cum
692 2957 723 3015 id
741 2957 898 3032 contingit,
921 2959 1040 3019 affectus
1053 2960 1096 3020 illi
1110 2960 1168 3020 dici

112 3041 259 3100 miracula
273 3039 352 3099 nullo
367 3041 451 3099 modo
466 3045 594 3113 possunt.

152 3125 256 3184 Contra
270 3124 294 3182 si
309 3123 436 3198 gignitur
449 3125 587 3199 effectus,
607 3124 690 3183 cuins
709 3139 796 3185 causa
815 3130 872 3186 toto
889 3143 986 3188 rernm
1008 3134 1169 3188 creatarum

116 3210 229 3270 ambitu
238 3224 295 3268 non
306 3209 468 3268 continetur
478 3209 562 3284 (quae
572 3225 660 3270 causa
669 3215 746 3270 certe
756 3210 813 3270 alia
823 3227 886 3272 esse
895 3215 995 3287 nequit
1005 3214 1062 3271 nisi
1072 3213 1166 3286 Deusl3

117 3300 187 3356 temo
201 3295 320 3354 effectus
333 3293 495 3369 habehitm,
512 3296 594 3355 cuius
609 3309 696 3354 cansa
710 3296 795 3370 plane
805 3301 834 3355 et
844 3296 972 3360 absolute
986 3297 1097 3356 occulta
1110 3297 1168 3355 dici

116 3385 223 3454 potest3
245 3395 348 3455 nempe
365 3379 428 3440 talis
443 3395 516 3454 quae
530 3381 674 3440 nannales
690 3386 801 3442 tanmm
823 3397 923 3442 causas
944 3382 1083 3442 scrutanti
1096 3382 1168 3440 cele

119 3469 173 3524 tur.
194 3466 245 3524 Hic
258 3465 346 3540 igitur
360 3465 478 3524 effectis
492 3467 606 3540 proprie
623 3471 651 3526 et
666 3467 834 3541 simpliciter
854 3467 1041 3528 admiratione
1063 3472 1107 3526 cst
1124 3467 1167 3526 di⁶

118 3562 209 3624 gum,
229 3555 314 3626 atque
328 3550 393 3609 ideo
406 3550 522 3610 nomine
536 3551 671 3612 miraculi
685 3551 749 3612 inre
763 3552 937 3626 insignitum
958 3553 1034 3626 qnod
1047 3553 1166 3627 proinde

118 3632 231 3776 dagulfi
245 3639 350 3708 potest:
366 3650 439 3712 opto
454 3635 539 3697 olleo
552 3637 708 3712 procedens
719 3645 839 3713 procur
852 3643 1024 3698 consuetiori
1035 3647 1166 3699 noturus

118 3729 154 3776 or
174 3732 263 3781 raom.
