2767 4492
505 357 583 404 mors
598 357 740 404 urrunnu
1093 347 1145 410 337

5 431 6 438 ’
104 435 216 506 abunde
229 439 325 512 refert,
337 439 394 498 nisi
404 444 540 514 perpetuo
555 440 676 499 alianum
690 441 836 500 iuvamina
845 446 991 516 augeatur.
1003 442 1036 502 iit
1046 457 1145 518 onam

104 519 147 576 vis
160 519 289 578 nationes
303 522 539 580 commerciorum
549 538 603 582 usu
613 537 646 582 ac
658 523 805 581 foederum
820 527 967 585 sanctitate
977 533 1077 586 mutua
1087 529 1144 590 sibi

102 607 245 672 praestent
258 603 411 677 praesidia3
429 611 523 664 tamen
538 607 609 664 haec
623 608 752 665 ouantia
767 612 847 679 sunt,
863 608 961 682 litigiis
975 609 1099 670 obnoxia
1114 618 1144 674 et

101 681 292 755 periculorum
302 687 394 759 plena,
410 688 501 747 donec
516 689 599 746 firma
613 693 641 748 et
655 703 756 747 secura
768 689 924 749 reddantur
938 691 1090 752 stabilitate
1104 694 1143 755 le·

104 778 171 837 gum
186 771 214 824 et
227 773 320 826 certae
333 769 482 828 cuiusdam
495 771 670 830 auctoritatis
679 770 785 830 ductu:
802 787 875 845 qnae
892 772 1043 832 relationes
1057 775 1142 836 inter·

102 848 259 908 rationales
272 851 441 928 moderetur,
453 854 604 914 achonum
613 854 760 928 politicum
770 855 906 929 cuiusque
915 855 1008 929 gentis
1017 871 1083 914 cum
1092 854 1143 918 bo·

5 963 6 968 1
93 944 139 989 no
158 933 308 993 universae
322 935 506 996 humanitatis
524 938 665 997 conciliet.
682 939 728 997 Sic
741 940 833 998 mirus
851 940 968 1013 qnidam
985 945 1141 1001 concentus

102 1019 221 1087 exurget
234 1030 250 1074 a
264 1017 371 1077 mutuis
384 1019 493 1080 mribus
507 1021 684 1096 singularum
700 1022 837 1095 gentium,
852 1035 890 1081 ex
907 1038 963 1096 qno
974 1023 1024 1082 flat
1037 1027 1069 1081 ut
1082 1024 1142 1082 iam

102 1109 159 1154 non
173 1101 325 1172 separatim
339 1103 469 1162 nationes
479 1103 529 1162 sed
541 1109 628 1163 totum
644 1105 785 1163 collectim
799 1120 889 1178 genus
903 1105 1060 1164 humanum
1075 1121 1142 1179 ope·

5 1253 6 1261 ἵ
75 1191 77 1196 ’
101 1184 188 1238 retur.
201 1181 286 1242 Secns
296 1185 401 1244 nimius
415 1186 545 1260 propriae
558 1188 689 1246 unimus
703 1202 785 1247 amor
800 1202 866 1246 cum
875 1188 998 1246 aliarum
1012 1189 1142 1261 gentium

101 1261 288 1340 detrimento,
305 1282 339 1326 ac
352 1269 487 1342 frequens
500 1270 660 1330 studiorum
674 1271 825 1329 conflictus
837 1274 887 1329 aut
900 1271 1001 1329 saltem
1015 1270 1141 1344 partium

101 1347 240 1418 separatio
255 1349 338 1408 vitari
352 1366 410 1409 non
424 1352 540 1425 poterit3
556 1367 594 1411 ex
610 1367 667 1426 qno
682 1353 810 1411 vicissim
823 1353 1043 1426 impedimenta,
1059 1353 1139 1412 colli·

101 1427 194 1488 siones
203 1435 232 1489 et
245 1431 335 1492 luctas
345 1431 611 1508 proficiscinecesse
620 1441 672 1509 est,
688 1437 802 1510 saepius
812 1451 881 1495 vero
892 1436 1089 1510 operationum
1097 1435 1141 1495 di·

100 1514 299 1585 screpantiam.
558 1577 561 1585 ,

134 1594 205 1653 Hinc
218 1597 319 1657 ultima
332 1599 452 1659 humani
466 1601 580 1675 generis
594 1602 730 1675 perfectio
744 1602 798 1661 troc
812 1600 955 1675 postulare
968 1600 1089 1674 ridetm,
1107 1604 1141 1659 ut

100 1679 339 1750 quemadmodum
348 1683 495 1743 individua
504 1689 533 1743 et
541 1685 666 1744 familiae
680 1684 822 1744 societatis
836 1684 929 1742 civilis
937 1683 1052 1742 uncum
1061 1683 1141 1742 colli·

99 1769 211 1836 gantur,
222 1764 251 1822 vi
266 1766 348 1824 cuius
361 1782 392 1826 se
402 1768 608 1839 quodammodo
617 1768 793 1842 amplificant
803 1773 833 1826 et
844 1767 1023 1841 propriorum
1031 1765 1141 1825 iuriam

99 1845 217 1905 tutelam
235 1847 337 1922 adepta
354 1849 447 1909 ordini
461 1850 733 1924 latiusexplicando
750 1851 820 1910 dant
839 1865 969 1924 operam3
985 1849 1028 1908 sic
1047 1849 1141 1908 denuo

99 1928 247 1988 societates
259 1931 339 2004 ipsae
352 1932 484 2006 politicae
499 1933 597 1992 altiore
611 1933 736 2007 quadam
748 1933 894 1992 iunctione
915 1931 1039 1991 invicem
1053 1925 1141 2005 copu-

98 2008 204 2083 lentur,
221 2027 255 2070 ac
273 2013 378 2072 diversi
391 2015 505 2087 generis
518 2017 681 2074 societatem
694 2016 857 2089 efforment,
868 2026 947 2089 uuae
961 2014 1140 2088 duplarum

98 2092 159 2151 iura
176 2097 290 2167 tutetur,
307 2099 444 2166 etmntuo
458 2110 598 2156 consensu
607 2098 716 2157 virium
723 2099 863 2172 complete
876 2097 1084 2158 humanitatem
1096 2111 1141 2156 re·

97 2179 266 2246 praesentet.

135 2257 199 2316 234.
216 2258 290 2317 llaec
304 2259 531 2326 intemationalis
545 2259 664 2318 societas
678 2275 854 2334 quamquam
867 2276 885 2319 a
898 2266 1003 2321 natura
1021 2275 1138 2336 persua·

100 2340 209 2413 deatur,
226 2355 260 2400 ac
274 2347 374 2416 sponte
389 2358 441 2402 sua
455 2357 493 2402 ex
514 2343 630 2402 homine
643 2342 778 2416 pullulet,
796 2348 891 2401 tamen
905 2345 999 2415 quoad
1018 2345 1138 2417 populos

98 2439 157 2483 non
172 2424 302 2484 eamdem
320 2426 518 2484 necessitatem
533 2425 704 2499 praesefert,
720 2439 807 2498 qnam
825 2429 957 2497 respectu
977 2424 1139 2483 individuo-

97 2521 164 2566 rum
183 2506 275 2566 civilis
288 2508 408 2567 societas
422 2508 528 2568 obiicit.
545 2509 614 2569 llam
633 2507 782 2567 individua
797 2507 838 2566 sic
856 2505 971 2564 civitate
989 2511 1089 2578 egent,
1105 2511 1139 2563 ut

100 2593 182 2650 extra
197 2589 278 2650 illam
293 2592 342 2651 vix
357 2597 407 2651 ant
419 2607 457 2650 ne
477 2593 527 2650 vix
541 2591 657 2664 quidem
676 2589 823 2652 commode
838 2593 867 2648 et
882 2587 1034 2661 nanqnille
1047 2589 1139 2647 altam

98 2673 210 2746 degere,
228 2675 308 2733 nulla
322 2681 416 2734 autem
431 2677 540 2734 mione
555 2675 629 2734 intra
643 2673 782 2732 naturalis
795 2672 903 2732 ordinis
922 2671 1063 2738 cancellos
1078 2662 1137 2745 piel

98 2771 167 2815 nam
181 2759 383 2830 perfectionem
398 2758 526 2817 nancisci
540 2759 662 2818 valeant.
673 2755 753 2824 Quod
766 2755 891 2829 profecto
901 2755 937 2813 de
945 2752 1068 2826 politicis
1078 2753 1139 2813 Sta·

97 2839 185 2908 tibus,
201 2841 250 2913 qui
265 2855 331 2898 aere
344 2840 399 2898 hoc
412 2853 516 2898 nomen
531 2844 695 2911 merentur,
706 2838 768 2897 dici
782 2853 839 2897 non
858 2842 958 2911 potest.
974 2836 1044 2895 ilum
1059 2835 1139 2895 enirn

97 2921 190 2984 civilis
204 2922 323 2981 societas
338 2927 420 2981 coetu
433 2923 558 2996 perfecto
572 2921 784 2981 individuorum
799 2925 925 2996 constet,
943 2934 993 2978 sen
1007 2919 1135 2977 multitu·

97 3004 165 3063 dine
180 3003 329 3063 hominurn
344 3010 389 3064 sat
402 3020 521 3078 magna,
537 3020 611 3078 quae
631 3002 762 3078 propriae
776 3001 965 3061 incolumitati
980 3001 1137 3062 servandae

97 3085 213 3160 suisque
232 3087 341 3146 viribus
355 3087 477 3147 inomni
492 3087 551 3146 fere
566 3087 679 3160 joirculo
696 3085 849 3145 activitatis
867 3083 1036 3144 exercendis
1056 3083 1138 3142 suffi-

97 3170 169 3242 ciat,
186 3185 220 3228 ac
233 3170 302 3229 satis
320 3170 443 3244 amplam
460 3169 566 3230 tellmis
580 3174 690 3244 partem
709 3168 855 3228 feracitate
869 3167 922 3226 soli
944 3166 989 3227 ael
1009 3167 1137 3224 littorum

97 3252 234 3310 vadente
251 3252 416 3312 distinctam
431 3253 548 3325 incolat,
566 3252 741 3310 sufficienter
754 3265 805 3324 per
818 3265 851 3309 se
864 3249 1079 3308 individuorum
1091 3248 1136 3306 in·

98 3335 232 3407 digentiis
250 3339 279 3394 et
296 3337 450 3396 evolutioni
472 3336 638 3395 facultatum
660 3334 853 3393 humanarum
875 3331 1038 3407 prospicere
1060 3331 1136 3406 potis

48 3473 54 3484 ,
97 3421 150 3477 est.
167 3417 288 3478 Maxime
303 3420 414 3478 veroid
429 3418 522 3478 locum
532 3418 634 3492 thanet,
651 3417 676 3476 si
690 3416 862 3476 commercia
876 3416 1017 3476 addantur
1030 3418 1059 3474 et
1072 3429 1136 3473 mu·

97 3503 148 3559 toa
162 3514 228 3558 cum
244 3499 308 3559 aliis
322 3501 455 3575 gentibus
469 3499 698 3560 communicatio.
738 3500 743 3509 ‘

134 3581 333 3651 Hihiiominus,
345 3588 378 3641 ut
395 3583 465 3655 dixi,
477 3583 651 3657 principium
666 3580 829 3640 socialitatis
843 3579 874 3638 in
888 3579 1004 3639 homine
1018 3593 1077 3640 non
1086 3592 1136 3653 pe·

97 3663 177 3723 nitus
191 3667 363 3740 expleretur,
375 3667 400 3726 si
413 3665 543 3726 nationes
556 3666 587 3724 in
603 3665 656 3724 hac
670 3664 793 3724 naturali
808 3667 919 3722 tantum
933 3662 1137 3723 coniunctione

98 3747 202 3819 iugiter
215 3755 437 3824 perseverarent.
455 3750 545 3818 Quare
560 3749 673 3808 adeam
693 3747 816 3823 positiva
830 3747 954 3821 quadam
980 3745 1073 3804 forma
1089 3745 1137 3802 do

98 3829 235 3906 nandam,
250 3837 334 3908 atque
344 3833 481 3895 institutis
495 3835 523 3893 et
537 3847 676 3894 consensu
687 3830 898 3906 emergentibus
913 3829 1068 3889 firmiorem
1078 3831 1150 3888 sta·
1233 3876 1236 3880 Δ

907 3911 941 3970 lt
