2767 4492
231 205 282 265 188
671 214 833 260 annuerent

227 299 466 362 matrimonialem
482 296 627 373 appellant
645 299 670 356 t,
688 298 722 356 lit
735 298 856 357 interius
871 297 964 359 addit:
980 300 1084 359 Natura
1098 291 1274 361 matrimonii

227 392 394 462 potestatem
409 385 567 444 maritalem
582 383 701 441 minime
720 383 837 456 patitur,
858 384 906 442 sed
928 384 1036 443 inmitia
1050 386 1161 445 duolrus
1174 388 1275 461 capiti·

228 473 284 531 bus
297 472 435 530 instructa
445 476 497 541 est,
517 468 604 526 altero
618 467 695 541 quod
710 482 775 525 eam
788 467 857 527 loris
871 475 1073 544 repraesentet,
1090 470 1179 530 altero
1198 472 1276 545 quod

227 556 290 617 eius
302 555 465 615 interiorem
479 552 568 611 eimm
582 551 696 624 dirigat.

264 642 297 700 tlt
311 646 344 699 ut
354 640 484 699 omittam
494 636 674 695 incommoda
683 636 954 711 etperturbationes,
971 653 1045 712 puae
1055 654 1092 697 ex
1102 638 1158 697 liae
1171 654 1276 713 aequa·

227 726 306 785 litate
319 730 348 783 ct
362 724 527 797 duplicitate
542 726 752 780 monstmosam
767 722 893 795 capitum
907 722 936 780 in
950 722 1058 781 tamilla
1071 729 1272 797 sequerentur3

225 816 301 869 oerte
322 814 384 867 tum
406 805 580 881 physiologia
596 815 655 863 tum
667 803 919 879 psychologiatum
940 807 1027 865 etiam
1048 808 1208 866 communis
1223 808 1274 867 lao-

227 894 338 953 minum
356 908 457 951 sensus
475 898 504 949 ct
517 893 595 964 ipsae
610 905 707 949 sacme
722 890 832 949 litterae
851 890 887 949 ad
911 892 1071 965 oppositum
1086 892 1275 977 iudicandum

228 993 281 1037 nos
295 978 449 1036 adducunt.
463 976 612 1033 lininrrem
626 976 726 1047 negari
748 976 847 1049 nequit
860 980 1031 1034 structorem
1046 975 1175 1035 mulieris
1185 977 1275 1036 imbe-

228 1063 364 1123 cilliorem
375 1078 438 1120 esse
449 1062 518 1133 uiro,
530 1060 580 1134 qui
589 1059 754 1118 tortitudine
770 1061 905 1134 corporis,
917 1061 1042 1134 agilitate
1056 1061 1172 1135 virium,
1184 1062 1273 1120 tirmi-

229 1152 286 1207 tate
299 1146 495 1205 membrorum
509 1144 592 1217 longe
607 1149 741 1219 praestat.
759 1144 837 1202 lires
852 1151 947 1203 autem
960 1145 1059 1218 animi,
1076 1152 1108 1204 ut
1121 1147 1274 1220 prudentia

228 1231 348 1303 consilii,
361 1236 389 1288 et
403 1230 554 1288 rolrrntatis
575 1230 746 1301 constantia,
759 1230 849 1287 multo
863 1229 1050 1289 excellentius
1060 1227 1096 1289 'in
1110 1230 1185 1289 virili
1195 1238 1273 1289 'sexu

228 1317 416 1390 explicantur,
435 1314 501 1372 licet
513 1314 607 1387 quoad
621 1313 775 1371 essentiam
791 1328 880 1387 aeque
899 1314 927 1372 in
945 1314 1077 1373 muliebri
1092 1314 1188 1373 insint.
1202 1315 1274 1373 Hine

228 1406 332 1461 natura
351 1400 414 1474 ipsa
429 1399 501 1457 duce
515 1413 549 1455 ae
570 1398 706 1469 nragistra
726 1398 801 1471 aprrd
819 1413 918 1456 omnes
932 1405 1032 1471 gentes
1054 1399 1098 1456 vir
1115 1398 1145 1457 iu
1165 1400 1275 1458 tamilla

227 1490 325 1559 praest
333 1483 458 1555 mulieri,
469 1498 522 1540 nee
532 1488 631 1540 contra
641 1482 718 1540 hunc
728 1496 838 1539 morem
850 1482 958 1555 aliquid
968 1497 1095 1556 unquam
1106 1492 1273 1541 novatorum

229 1584 313 1629 voces
327 1568 421 1626 valere
436 1572 596 1641 potuerunt.
611 1566 715 1625 Sacrae
735 1572 831 1625 autem
852 1566 962 1625 litterae
977 1566 1005 1625 id
1021 1572 1156 1640 perpetuo
1170 1566 1274 1626 contir-

227 1658 318 1711 mant.
331 1653 376 1710 tit
389 1650 634 1724 enimtlpostolus:
646 1650 782 1709 Mulieres
794 1650 870 1708 viris
879 1652 941 1709 suis
951 1650 1086 1709 subditae
1095 1651 1188 1710 siat...
1198 1650 1274 1720 Orro-

226 1738 313 1795 aiom
327 1736 376 1793 vir·
390 1745 478 1810 caput
487 1744 527 1793 est
536 1736 684 1808 mulieres,
698 1736 774 1793 sieut
791 1734 925 1793 Christro
938 1746 1027 1809 ceput
1036 1742 1077 1794 ert
1090 1734 1231 1795 Ecclesiae
1246 1738 1271 1793 ².

226 1822 294 1879 EtS.
310 1822 423 1879 Petrus:
435 1819 573 1879 mulieres
585 1820 720 1879 subditae
732 1819 792 1878 dot
801 1820 875 1878 viris
888 1820 951 1878 suis
966 1822 991 1877 ⁵.
1004 1820 1164 1879 Cauendum
1176 1826 1273 1879 umen

227 1910 270 1963 est
280 1920 317 1961 ne
327 1904 478 1977 imperium
487 1899 626 1963 eiusmodi
636 1904 666 1964 in
677 1904 1102 1978 despotismumettymnnidem
1111 1904 1273 1977 degeneret,

228 2004 467 2049 cumreverauon
484 1989 521 2048 sit
541 1989 596 2052 nisi
612 1990 790 2062 directirum
808 1998 893 2063 atque
905 1989 1001 2047 taleut
1016 1990 1108 2063 potius
1128 1988 1276 2047 honestate

227 2079 257 2134 et
269 2074 524 2147 rationeimpellat,
541 2088 627 2148 quam
642 2074 671 2132 ri
685 2075 721 2133 ad
736 2074 926 2133 obediendum
937 2073 1067 2131 adducat.
1083 2073 1172 2131 Immo
1182 2087 1273 2146 quan·

228 2162 289 2216 tum
299 2158 402 2215 decens
416 2158 479 2231 erit,
496 2158 689 2217 curaredehet
699 2158 751 2231 uir,
768 2164 808 2231 ut,
825 2172 897 2231 quae
908 2158 944 2215 ad
956 2155 1081 2215 familiae
1091 2156 1272 2215 administra-

229 2243 335 2300 tionem
344 2242 476 2315 pertinet,
489 2244 581 2317 potlus
591 2258 629 2301 ex
639 2242 785 2301 communi
796 2257 936 2301 consensu
947 2248 1128 2315 peragantur,
1140 2256 1227 2315 quam
1241 2256 1272 2299 o-

228 2326 307 2385 dioso
317 2327 441 2399 quodam
452 2327 580 2401 imperio.
593 2327 734 2385 Etsieuim
746 2327 827 2385 uxori
837 2330 957 2400 praeest,
968 2331 1079 2399 praeest
1090 2332 1185 2384 tamen
1193 2331 1273 2383 utso·

228 2410 290 2469 eiae
303 2426 362 2469 non
376 2417 408 2469 ut
422 2410 553 2469 lamulae.
572 2411 731 2469 linientem
746 2426 895 2485 perperam
905 2411 1056 2469 dissentire
1070 2409 1148 2467 illam
1159 2409 1272 2483 conspi-

227 2494 276 2568 cit,
294 2496 476 2555 auctorictote
491 2511 542 2553 sua
556 2495 645 2554 libem
660 2500 766 2567 utatur,
779 2511 813 2553 ca
827 2496 994 2569 imperando
1004 2510 1078 2569 quae
1093 2494 1127 2551 ed
1143 2494 1271 2552 lunuliae

228 2581 411 2638 commodum
422 2586 450 2639 et
467 2580 699 2652 tranquillitatem
713 2580 872 2639 conducere
882 2578 1030 2638 iudicabit.
1043 2579 1176 2637 Omnium
1191 2578 1271 2637 euim

227 2661 423 2737 ineptissimus
437 2678 471 2721 ac
485 2664 612 2721 maxime
626 2663 733 2721 bardus
747 2663 867 2721 maritus
882 2662 930 2721 ille
945 2663 1104 2722 censendus
1117 2668 1202 2733 esset,
1221 2661 1271 2735 qui

228 2748 312 2806 uxori
326 2754 416 2808 totum
431 2748 556 2807 familiae
566 2748 693 2821 regimen
707 2748 836 2820 traderet,
849 2762 892 2820 ee,
905 2754 1013 2806 mutata
1024 2746 1195 2818 conditione,
1206 2746 1272 2804 eius

227 2831 367 2891 erbitrotu
381 2832 477 2890 omnia
492 2832 660 2903 gurberuari
675 2832 791 2891 sineret.

265 2915 343 2983 Quod
358 2932 424 2975 rero
439 2916 475 2973 ad
491 2916 668 2988 negotiorum
688 2914 868 2989 partitionem
889 2914 998 2989 attinet,
1015 2920 1092 2974 recte
1105 2914 1162 2973 dici
1179 2918 1274 2988 potest

230 2999 379 3072 advirum,
396 3000 446 3073 qui
461 2998 561 3057 maiori
577 3000 764 3074 amplitudine
785 3000 987 3074 intelligentiae
1009 3002 1132 3059 donatur
1153 3015 1188 3058 ae
1204 2998 1274 3057 iaci-

227 3082 285 3142 lius
298 3084 427 3144 ordinem
441 3084 564 3158 concipit
577 3090 606 3143 et
621 3092 755 3145 externas
770 3085 894 3144 familiae
908 3086 1072 3158 relationes,
1083 3084 1226 3159 perdnere
1241 3088 1275 3142 ut
1367 3104 1368 3109 ¹

229 3168 346 3228 domum
361 3183 496 3243 suprema
510 3169 634 3243 quadam
648 3172 815 3231 auctoritate
824 3170 937 3245 diriget,
958 3185 1078 3244 eumque
1093 3168 1275 3227 extrinsecus

228 3259 430 3326 repraesentet.
452 3252 611 3322 Quaerere
631 3254 774 3314 internam
796 3256 921 3315 familiae
942 3270 1041 3314 curam
1055 3253 1223 3328 respiciunt,
1239 3268 1276 3311 ea

229 3338 334 3397 meiius
348 3354 365 3396 a
379 3338 500 3397 muliere
514 3347 684 3398 exercentur
696 3360 703 3413 3
721 3340 862 3415 siquidem
879 3340 982 3399 mulier
996 3339 1088 3413 aptior
1101 3340 1189 3398 estad
1199 3338 1277 3397 eius·

228 3423 307 3481 modi
327 3422 496 3483 minutiores
516 3423 669 3483 relationes
685 3425 899 3499 concipiendas,
916 3430 944 3484 et
958 3424 993 3483 ad
1015 3423 1135 3483 interius
1150 3440 1181 3494 se
1196 3423 1277 3483 eolli-

273 3616 284 3661 t
305 3620 381 3666 cotors
393 3619 423 3665 de
435 3620 499 3667 droit
511 3622 615 3669 murel.

274 3690 289 3736 2
305 3694 342 3739 .Ιό
357 3696 469 3753 Ephesios
481 3712 501 3742 e.
519 3696 547 3759 V,
557 3712 579 3745 r.
596 3698 635 3745 22.

273 3764 289 3811 ΙΙ
306 3768 375 3832 Epist.
392 3770 411 3834 1,
429 3788 449 3818 r.
466 3772 506 3837 ill,
521 3788 542 3820 r.
562 3774 585 3820 Ι.
