2767 4492
244 347 279 410 80
573 356 962 406 mmasucassruounrs

243 455 325 508 mum
349 443 425 522 (prod
444 444 561 518 attinet,
587 444 704 502 fuerumt
718 441 807 516 aliqui
821 443 865 517 (et
877 442 989 502 utinam
1009 448 1087 501 nunc
1103 455 1163 502 non
1180 445 1296 520 essent)

243 533 293 608 qui
307 537 426 592 naturae
440 532 638 607 phaenomena
652 524 737 601 atque
751 527 881 587 ordinem
896 525 1026 585 absoluta
1039 541 1156 601 prorsus
1166 531 1297 591 necem·

243 622 300 676 tate
315 617 403 676 teneri
419 615 563 690 opinionis
582 628 677 672 errore
692 612 838 671 duxerunt
852 614 877 670 l,
893 611 1051 685 Equorum
1070 626 1192 672 numero
1205 615 1297 688 polis·

242 701 348 761 simum
362 706 405 760 est
420 700 553 775 Spinona,
565 697 616 772 quai
626 696 817 771 propositione
828 695 974 769 trigesima
988 695 1071 754 tertio
1080 697 1191 770 pmmse
1201 699 1293 772 partis

242 801 311 846 suae
325 785 435 845 ethicae
450 789 546 858 aperte
556 783 610 856 ait3
626 797 673 841 res
682 787 802 840 naturae
814 779 1008 854 nonpotuisse
1022 780 1079 838 alia
1093 781 1203 840 ratione
1212 783 1294 856 gigni

242 875 271 930 et
284 869 424 940 contrario
441 869 472 927 in
486 867 585 927 ordine
599 865 731 927 collocari
745 879 832 939 mam
853 877 909 938 quo
924 863 1094 922 constitutae
1108 864 1139 922 in
1155 879 1294 937 praesens

242 958 318 1014 eunt.
342 954 419 1013 ldem
433 953 504 1011 alies
518 950 643 1010 inculcet
657 949 832 1024 saepissime.
848 947 953 1006 lerum
974 947 1005 1005 id
1019 961 1106 1020 mam
1120 948 1239 1008 sterltum
1253 952 1294 1009 sit

241 1046 271 1100 et
285 1040 430 1113 ineptum,
452 1051 537 1095 nemo
554 1041 597 1094 est
611 1033 660 1109 qui
674 1048 733 1093 non
748 1033 853 1091 udeat.
868 1032 939 1091 llam
952 1046 991 1089 ex
1004 1031 1054 1104 iis,
1072 1046 1147 1106 quae
1161 1035 1293 1107 superius

241 1123 433 1183 demonstrata
446 1124 522 1192 sunt,
538 1118 630 1177 elucet
641 1117 756 1176 abunde
765 1115 976 1178 mundanarum
985 1115 1110 1190 partium
1124 1131 1289 1194 cummium,

243 1206 469 1277 collocationem,
485 1210 604 1276 metum,
616 1202 768 1276 legesque,
781 1215 853 1275 quas
862 1201 931 1258 dnm
940 1199 1219 1276 adsumserunt,
1230 1219 1292 1264 non

241 1290 405 1350 omnimoda
417 1293 446 1348 et
459 1288 643 1347 antecedente
657 1285 826 1345 necessitate
839 1285 953 1344 instrui.
964 1283 1076 1342 Etenim
1089 1285 1115 1344 si
1129 1285 1288 1360 ipsemon

241 1376 294 1435 dus
308 1374 474 1447 contingens
493 1377 537 1431 est
551 1377 636 1444 atque
654 1370 718 1429 ideo
735 1371 827 1444 potuit
848 1384 908 1428 non
926 1368 1034 1442 creari,
1051 1369 1121 1442 quid
1138 1371 1175 1430 de
1188 1371 1288 1432 ordine

240 1459 393 1519 dicendum
410 1453 543 1530 erit‚'qoi
558 1460 634 1514 certe
658 1455 719 1513 eius
738 1460 871 1513 naturam
884 1467 1018 1528 superare
1033 1453 1150 1527 nequit?
1165 1457 1207 1514 ln
1220 1472 1287 1516 sero

241 1545 309 1604 ordo
323 1541 484 1604 unarchus
499 1540 635 1600 ordinatis
651 1538 795 1612 subsistit,
806 1543 839 1596 ut
848 1538 925 1598 illius
938 1539 1093 1598 necessitas
1101 1553 1169 1598 cum
1182 1539 1287 1602 harum

288 1717 299 1761 l
318 1714 366 1761 lino
379 1712 449 1761 istum
462 1713 539 1761 reterri
558 1715 662 1776 oportet,
679 1710 738 1774 quosl
752 1711 812 1758 iuxta
826 1711 920 1758 &nesse
933 1708 1086 1757 definitionem
1099 1710 1157 1758 nihil
1170 1715 1204 1758 est
1218 1711 1289 1776 aliud,

241 1805 308 1854 quam
323 1792 445 1838 mter
458 1792 564 1838 missus
577 1803 659 1836 rmus
673 1791 845 1846 desissemque,
856 1801 928 1847 qsusss
941 1789 1011 1834 sallo
1023 1786 1061 1835 os‘s
1072 1793 1170 1848 sumpsi
1183 1788 1193 1851 (
1204 1789 1252 1836 tit.
1263 1791 1288 1852 ὅ,

236 1869 324 1914 umor.
343 1868 435 1924 Quaest.
456 1881 476 1911 o.
492 1865 523 1910 56
535 1865 552 1928 )
569 1866 609 1912 Cui
627 1863 717 1927 quidem
736 1862 860 1910 necessitati
874 1862 912 1908 alii
926 1863 996 1908 Deum
1015 1863 1088 1925 ipsum
1106 1863 1228 1911 subiectam
1241 1881 1288 1912 ms

236 1941 368 2002 voluerunt,
384 1939 421 1987 alii
435 1955 470 1987 ses
484 1947 566 1987 orestas
582 1945 666 1986 tantum
680 1941 802 2000 uniuersas,
820 1938 852 1984 ita
866 1944 940 1984 tamen
953 1943 979 1984 ut
994 1953 1022 1984 ne
1036 1937 1137 2000 homines
1151 1938 1239 2002 quidem
1252 1956 1288 1986 eu·

237 2016 370 2078 ciperentur.
387 2017 440 2061 Cum
455 2016 514 2062 enim
530 2015 590 2061 illam
604 2016 628 2061 in
643 2030 701 2062 nasu
715 2021 737 2061 et
751 2014 829 2060 ordine
844 2028 958 2059 eaussmm
980 2013 1144 2077 secundarum,
1161 2017 1289 2078 prassmtim

237 2092 260 2137 in
276 2091 418 2154 dispositione
436 2097 458 2137 et
476 2091 560 2136 inllusu
581 2089 697 2154 siderum,
712 2094 862 2153 reponerent3
879 2089 930 2135 lruie
949 2089 1020 2151 ipsam
1039 2089 1173 2137 uoluntatem
1192 2090 1288 2146 bousims

237 2165 353 2212 obuosim
368 2181 414 2212 esse
428 2165 470 2212 rati
485 2171 544 2212 sunt.

284 2243 312 2288 At
327 2257 370 2304 qna
380 2245 441 2304 parte
455 2241 524 2287 Deum
539 2245 562 2288 et
576 2241 687 2288 lsominem
701 2246 800 2305 spectat,
816 2256 842 2288 ea
856 2241 879 2287 in
895 2239 1052 2304 posterioribus
1066 2239 1230 2304 ldetaphqsiese
1243 2247 1287 2288 trs·

235 2316 328 2363 elstilsus
347 2316 472 2379 selelletssr,
488 2316 539 2362 oum
557 2315 655 2362 (lisinam
673 2321 696 2363 et
709 2315 828 2362 humanam
846 2315 1006 2363 vindicabimus
1024 2315 1155 2362 lilesrtatesu.
1171 2317 1219 2372 Qu
1233 2333 1284 2364 suu

232 2393 319 2453 spantia
333 2407 392 2440 mers
407 2391 515 2438 naturalia
528 2391 664 2453 rationisque
678 2394 774 2454 expertia
783 2392 882 2454 respicit,
894 2393 986 2454 ancipiti
1000 2391 1087 2438 lslssrst
1100 2393 1219 2440 sententis.
1231 2393 1286 2440 Nam

234 2468 254 2514 si
270 2483 343 2515 sorem
357 2467 497 2532 intelligitur,
514 2472 579 2530 prout
593 2466 737 2513 lstalislarum
748 2482 814 2513 seusu
828 2467 922 2529 intelligi
937 2467 1011 2531 debet,
1022 2468 1118 2514 immane
1133 2475 1166 2514 est
1179 2475 1287 2530 quantum

234 2545 343 2591 aratione
357 2543 462 2590 discedat.
480 2545 533 2589 Cum
548 2543 608 2590 anim
622 2543 676 2588 ordo
690 2559 764 2589 rerum
779 2548 909 2608 matarum,
920 2553 946 2591 ut
958 2544 1089 2609 supradixi,
1100 2546 1230 2614 continuaque
1244 2562 1285 2609 pes

233 2633 257 2663 ss
272 2619 319 2680 sit,
335 2633 406 2679 neque
420 2633 469 2663 oum
484 2623 562 2663 natura
576 2618 679 2663 materiae
701 2619 824 2664 necessario
837 2634 965 2682 sonamus3
983 2621 1005 2665 in
1028 2625 1113 2666 tantm
1134 2621 1286 2668 necasilatem

232 2691 331 2754 haberet,
347 2693 371 2736 in
386 2695 492 2753 quantum
507 2697 545 2738 aut
559 2691 626 2754 Deus,
641 2692 680 2753 qui
694 2691 757 2738 illum
773 2692 894 2757 constituit,
910 2695 1024 2741 orbaretur
1038 2695 1146 2758 libertale,
1163 2700 1202 2742 snt
1216 2712 1286 2743 mun-

232 2766 274 2813 dus
287 2767 315 2813 ab
331 2767 520 2814 administratione
536 2767 611 2815 divina
626 2767 765 2814 eximeretur.
778 2769 871 2831 Utroque
885 2770 943 2817 sinit
955 2771 1072 2818 absurdius
1085 2777 1122 2817 sut
1134 2771 1224 2817 stultius
1239 2772 1287 2820 diei

230 2848 309 2905 immi·
548 2897 552 2902 .

279 2919 317 2964 Sin
334 2921 406 2966 sutem
421 2917 482 2964 uerbi
496 2917 585 2965 tristitia
604 2918 695 2966 lenitate
708 2919 895 2983 interpretationis
914 2923 1044 2986 mitigetur,
1060 2921 1237 2985 intelligaturque
1251 2922 1286 2969 ia·

232 2996 278 3038 tum
293 2993 353 3038 iusta
366 2992 516 3040 definitionem
536 2993 620 3040 Boethii
639 2995 732 3042 dicentis
751 2997 824 3058 ipsum
844 3013 891 3048 esse
904 2999 1012 3044 ordinent
1027 3012 1153 3046 msam
1168 2999 1285 3046 seutdo-

229 3081 285 3114 ssssss
301 3069 407 3115 sls'os'ssosss
420 3071 594 3128 providentium
610 3074 775 3132 exsquessts'sssss
791 3072 846 3135 (De
862 3075 953 3121 δοκοὶ.
968 3075 1029 3133 psit.
1046 3089 1110 3136 prosa
1124 3075 1139 3119 l
1151 3073 1176 3136 );
1192 3074 1284 3120 attribui

229 3141 295 3190 rebus
310 3143 428 3189 mundanis
441 3143 488 3190 sius
502 3159 574 3192 errore
595 3151 674 3208 potest.
692 3147 753 3193 Nihil
767 3149 827 3194 enim
842 3155 938 3195 creatum
952 3155 998 3211 cst,
1013 3148 1072 3211 quod
1087 3149 1176 3197 divim
1189 3149 1283 3196 ordim-

229 3218 285 3263 lioni
298 3234 322 3264 se
338 3217 459 3280 subtrahat,
475 3235 553 3281 resque
567 3235 652 3284 omues,
668 3227 775 3283 quotquot
788 3222 888 3270 libertate
901 3225 1018 3271 destitutae
1032 3230 1104 3286 sunt,
1121 3225 1152 3272 ila
1166 3226 1223 3271 iuxta
1239 3224 1284 3270 ds-

229 3299 273 3340 tam
288 3295 331 3340 sibi
346 3309 358 3340 s
374 3295 418 3340 Deo
432 3294 477 3340 rim
502 3309 527 3340 so
542 3295 709 3359 dispositionem
730 3297 834 3360 cientur,
851 3304 875 3344 ul
897 3300 977 3346 siriam
998 3316 1087 3346 suarum
1107 3301 1216 3360 impetum
1229 3313 1284 3344 mu-

228 3375 334 3433 tuamque
348 3385 427 3417 nerum
443 3371 564 3416 necessario
579 3378 707 3432 sequantur.
721 3374 748 3416 At
762 3373 866 3434 quonim
881 3374 922 3420 hoo
936 3375 1003 3421 etism
1017 3391 1083 3421 unsa
1097 3374 1168 3420 latum
1181 3380 1284 3436 respectu

229 3445 268 3491 Dei
283 3445 369 3492 nullum
384 3446 442 3505 viget
456 3443 464 3506 (
476 3445 557 3506 qnippe
572 3446 647 3506 Deus,
664 3451 688 3489 ul
703 3453 840 3506 praesentem
858 3449 959 3494 ordinem
972 3450 996 3494 in
1011 3449 1077 3495 rebus
1091 3449 1211 3496 mundanis
1224 3465 1284 3495 cosr-

229 3519 343 3584 stabilivit,
359 3521 390 3566 sie
404 3519 471 3565 alium
486 3519 570 3564 sancire
585 3519 691 3582 potuisset
708 3527 772 3582 atque
790 3522 840 3569 ideo
856 3524 957 3570 eumdem
971 3524 1131 3586 interrumpere
1145 3529 1224 3587 potens
1238 3529 1282 3588 ssl,

230 3592 249 3636 si
264 3594 317 3639 velit
327 3594 352 3657 );
368 3596 464 3656 itemque
478 3609 527 3640 cnm
543 3594 689 3656 sophistarum
706 3595 776 3641 abusus
790 3597 813 3642 in
829 3599 909 3646 malam
923 3605 1007 3661 partem
1022 3600 1118 3662 torqueri
1135 3599 1221 3661 soleat3
1246 3599 1283 3644 id-

230 3665 288 3711 eirco
302 3669 400 3728 sequitur
415 3675 439 3714 ut
454 3683 494 3715 sos
508 3668 615 3714 eiusmodi
630 3669 695 3716 laoile
711 3672 813 3733 usurpari
826 3688 871 3718 non
887 3673 973 3730 debeat,
984 3675 1023 3721 sed
1034 3675 1151 3736 Augustini
1166 3681 1285 3737 praecepto

229 3740 303 3802 polius
322 3743 502 3803 adquiescendum
517 3744 561 3806 sit,
588 3745 626 3806 qui
640 3746 691 3792 sit.-
717 3747 762 3792 ·si
775 3748 825 3809 quis
839 3749 879 3795 llsi
899 3750 1034 3797 uoluntatem
1047 3751 1083 3798 uel
1097 3755 1226 3813 potestatem
1242 3749 1286 3795 isti

230 3816 482 3940 fngmimqwlm’
503 3822 634 3870 ualentiam
659 3828 733 3871 uuest
756 3830 779 3872 et
802 3825 900 3888 linquam
923 3827 1025 3888 oorriqst.
1048 3848 1057 3870 ι
1081 3829 1116 3874 Do
1142 3829 1214 3876 civit.
1237 3828 1286 3876 Des*

241 3925 247 3938 .
288 3925 295 3954 ‚
316 3907 336 3940 e.
377 3927 382 3939 .

1377 3846 1380 3927 l
