<?xml version="1.0" encoding="UTF-8"?>
<!DOCTYPE html PUBLIC "-//W3C//DTD XHTML 1.0 Transitional//EN"
    "http://www.w3.org/TR/xhtml1/DTD/xhtml1-transitional.dtd">
<html xmlns="http://www.w3.org/1999/xhtml" xml:lang="en" lang="en">
 <head>
  <title>
</title>
<meta http-equiv="Content-Type" content="text/html;charset=utf-8" />
  <meta name='ocr-system' content='tesseract 3.04.00' />
  <meta name='ocr-capabilities' content='ocr_page ocr_carea ocr_par ocr_line ocrx_word'/>
</head>
<body>
  <div class='ocr_page' id='page_1' title='image "./institutionesph00libegoog_0535.png"; bbox 0 0 2767 4492; ppageno 0'>
   <div class='ocr_carea' id='block_1_1' title="bbox 351 355 1163 437">
    <p class='ocr_par' dir='ltr' id='par_1_1' title="bbox 351 355 1163 437">
     <span class='ocr_line' id='line_1_1' title="bbox 351 355 1163 437; baseline -0.017 0"><span class='ocrx_word' id='word_1_1' title='bbox 351 385 425 437; x_wconf 77' lang='lat' dir='ltr'><strong>atus</strong></span> <span class='ocrx_word' id='word_1_2' title='bbox 439 377 933 435; x_wconf 80' lang='lat' dir='ltr'><strong>murm-rnamoanmrunmrs</strong></span> <span class='ocrx_word' id='word_1_3' title='bbox 1111 355 1163 425; x_wconf 72' lang='lat' dir='ltr'><strong>atti</strong></span> 
     </span>
    </p>
   </div>
   <div class='ocr_carea' id='block_1_2' title="bbox 626 553 660 618">
    <p class='ocr_par' dir='ltr' id='par_1_2' title="bbox 626 553 660 618">
     <span class='ocr_line' id='line_1_2' title="bbox 626 553 660 618; baseline -0.029 0"><span class='ocrx_word' id='word_1_4' title='bbox 626 553 660 618; x_wconf 90' lang='lat' dir='ltr'><strong>Ii.-</strong></span> 
     </span>
    </p>
   </div>
   <div class='ocr_carea' id='block_1_3' title="bbox 298 723 988 803">
    <p class='ocr_par' dir='ltr' id='par_1_3' title="bbox 298 723 988 803">
     <span class='ocr_line' id='line_1_3' title="bbox 298 723 988 803; baseline -0.012 -8"><span class='ocrx_word' id='word_1_5' title='bbox 298 729 484 795; x_wconf 74' lang='lat' dir='ltr'><strong>t&#39;o‘areroatio&#39;</strong></span> <span class='ocrx_word' id='word_1_6' title='bbox 494 735 600 794; x_wconf 77' lang='lat' dir='ltr'><strong>rerum</strong></span> <span class='ocrx_word' id='word_1_7' title='bbox 614 736 788 792; x_wconf 83' lang='lat' dir='ltr'><strong>creatarum</strong></span> <span class='ocrx_word' id='word_1_8' title='bbox 801 723 928 803; x_wconf 75' lang='lat' dir='ltr'><strong>positiva</strong></span> <span class='ocrx_word' id='word_1_9' title='bbox 938 731 988 787; x_wconf 83' lang='lat' dir='ltr'><strong>ast</strong></span> 
     </span>
    </p>
   </div>
   <div class='ocr_carea' id='block_1_4' title="bbox 4 890 1181 2422">
    <p class='ocr_par' dir='ltr' id='par_1_4' title="bbox 4 890 1178 1911">
     <span class='ocr_line' id='line_1_4' title="bbox 158 890 1166 980; baseline -0.011 -15"><span class='ocrx_word' id='word_1_10' title='bbox 158 897 219 966; x_wconf 84' lang='lat' dir='ltr'><strong>tos.</strong></span> <span class='ocrx_word' id='word_1_11' title='bbox 240 902 327 964; x_wconf 76' lang='lat' dir='ltr'><strong>Venio</strong></span> <span class='ocrx_word' id='word_1_12' title='bbox 341 916 419 964; x_wconf 88' lang='lat' dir='ltr'><strong>nune</strong></span> <span class='ocrx_word' id='word_1_13' title='bbox 445 893 481 963; x_wconf 85' lang='lat' dir='ltr'><strong>ad</strong></span> <span class='ocrx_word' id='word_1_14' title='bbox 501 905 612 980; x_wconf 84' lang='lat' dir='ltr'><strong>parterii</strong></span> <span class='ocrx_word' id='word_1_15' title='bbox 628 897 749 962; x_wconf 90' lang='lat' dir='ltr'><strong>alteram</strong></span> <span class='ocrx_word' id='word_1_16' title='bbox 762 890 1048 975; x_wconf 77' lang='lat' dir='ltr'><strong>disceptatiomsm</strong></span> <span class='ocrx_word' id='word_1_17' title='bbox 997 903 1048 973; x_wconf 87' lang='lat' dir='ltr'><strong>pro</strong></span> <span class='ocrx_word' id='word_1_18' title='bbox 1051 894 1166 969; x_wconf 82' lang='grc' dir='ltr'>οιιιιι,</span> 
     </span>
     <span class='ocr_line' id='line_1_5' title="bbox 4 979 1170 1067; baseline -0.011 -16"><span class='ocrx_word' id='word_1_19' title='bbox 4 1033 5 1042; x_wconf 31' lang='grc' dir='ltr'>ι</span> <span class='ocrx_word' id='word_1_20' title='bbox 121 1005 194 1067; x_wconf 82' lang='lat' dir='ltr'><strong>quae</strong></span> <span class='ocrx_word' id='word_1_21' title='bbox 211 989 445 1066; x_wconf 80' lang='lat' dir='ltr'><strong>permansionem</strong></span> <span class='ocrx_word' id='word_1_22' title='bbox 459 989 575 1063; x_wconf 85' lang='lat' dir='ltr'><strong>respicit</strong></span> <span class='ocrx_word' id='word_1_23' title='bbox 589 988 759 1048; x_wconf 79' lang='lat' dir='ltr'>existentiae</span> <span class='ocrx_word' id='word_1_24' title='bbox 774 1001 792 1044; x_wconf 90' lang='lat' dir='ltr'><strong>a</strong></span> <span class='ocrx_word' id='word_1_25' title='bbox 807 985 863 1044; x_wconf 83' lang='lat' dir='ltr'><strong>Deo</strong></span> <span class='ocrx_word' id='word_1_26' title='bbox 877 985 964 1044; x_wconf 88' lang='lat' dir='ltr'><strong>rebus</strong></span> <span class='ocrx_word' id='word_1_27' title='bbox 978 994 1032 1043; x_wconf 89' lang='lat' dir='ltr'><strong>con</strong></span> <span class='ocrx_word' id='word_1_28' title='bbox 1064 979 1125 1040; x_wconf 88' lang='grc' dir='ltr'><strong>ιιι</strong></span> <span class='ocrx_word' id='word_1_29' title='bbox 1116 995 1170 1038; x_wconf 85' lang='lat' dir='ltr'><strong>rm-</strong></span> 
     </span>
     <span class='ocr_line' id='line_1_6' title="bbox 4 1064 1167 1151; baseline -0.013 -15"><span class='ocrx_word' id='word_1_30' title='bbox 4 1105 5 1112; x_wconf 50' lang='lat'><strong>,</strong></span> <span class='ocrx_word' id='word_1_31' title='bbox 119 1073 249 1151; x_wconf 84' lang='lat' dir='ltr'><strong>pertitas</strong></span> <span class='ocrx_word' id='word_1_32' title='bbox 265 1076 441 1148; x_wconf 80' lang='lat' dir='ltr'><strong>Quamquam</strong></span> <span class='ocrx_word' id='word_1_33' title='bbox 457 1074 535 1132; x_wconf 92' lang='lat' dir='ltr'><strong>enim</strong></span> <span class='ocrx_word' id='word_1_34' title='bbox 549 1073 624 1132; x_wconf 89' lang='lat' dir='ltr'><strong>inter</strong></span> <span class='ocrx_word' id='word_1_35' title='bbox 639 1069 822 1146; x_wconf 87' lang='lat' dir='ltr'><strong>philosophos</strong></span> <span class='ocrx_word' id='word_1_36' title='bbox 836 1064 957 1129; x_wconf 81' lang='lat' dir='ltr'><strong>mirifice</strong></span> <span class='ocrx_word' id='word_1_37' title='bbox 972 1065 1107 1127; x_wconf 85' lang='lat' dir='ltr'><strong>convenit</strong></span> <span class='ocrx_word' id='word_1_38' title='bbox 1120 1077 1167 1122; x_wconf 90' lang='lat' dir='ltr'><strong>res</strong></span> 
     </span>
     <span class='ocr_line' id='line_1_7' title="bbox 4 1149 1172 1232; baseline -0.013 -12"><span class='ocrx_word' id='word_1_39' title='bbox 4 1163 5 1168; x_wconf 76' lang='grc'>’</span> <span class='ocrx_word' id='word_1_40' title='bbox 121 1159 248 1220; x_wconf 86' lang='lat' dir='ltr'><strong>creatas</strong></span> <span class='ocrx_word' id='word_1_41' title='bbox 240 1174 271 1218; x_wconf 88' lang='lat' dir='ltr'><strong>vn</strong></span> <span class='ocrx_word' id='word_1_42' title='bbox 286 1163 403 1232; x_wconf 85' lang='lat' dir='ltr'><strong>accepta</strong></span> <span class='ocrx_word' id='word_1_43' title='bbox 418 1157 507 1217; x_wconf 91' lang='lat' dir='ltr'><strong>semel</strong></span> <span class='ocrx_word' id='word_1_44' title='bbox 523 1157 674 1216; x_wconf 80' lang='lat' dir='ltr'><strong>existentia</strong></span> <span class='ocrx_word' id='word_1_45' title='bbox 690 1155 790 1215; x_wconf 87' lang='lat' dir='ltr'><strong>divina</strong></span> <span class='ocrx_word' id='word_1_46' title='bbox 804 1161 857 1230; x_wconf 84' lang='lat' dir='ltr'><strong>ope</strong></span> <span class='ocrx_word' id='word_1_47' title='bbox 872 1150 990 1226; x_wconf 83' lang='lat' dir='ltr'><strong>servari3</strong></span> <span class='ocrx_word' id='word_1_48' title='bbox 1016 1149 1172 1210; x_wconf 90' lang='lat' dir='ltr'><strong>sententiae</strong></span> 
     </span>
     <span class='ocr_line' id='line_1_8' title="bbox 123 1232 1172 1334; baseline -0.011 -31"><span class='ocrx_word' id='word_1_49' title='bbox 123 1247 219 1304; x_wconf 89' lang='lat' dir='ltr'><strong>tamen</strong></span> <span class='ocrx_word' id='word_1_50' title='bbox 233 1241 263 1301; x_wconf 88' lang='lat' dir='ltr'><strong>ln</strong></span> <span class='ocrx_word' id='word_1_51' title='bbox 278 1243 391 1302; x_wconf 82' lang='lat' dir='ltr'><strong>diversa</strong></span> <span class='ocrx_word' id='word_1_52' title='bbox 413 1239 567 1300; x_wconf 80' lang='lat' dir='ltr'>admodum</span> <span class='ocrx_word' id='word_1_53' title='bbox 582 1241 788 1314; x_wconf 88' lang='lat' dir='ltr'><strong>distrahuntur,</strong></span> <span class='ocrx_word' id='word_1_54' title='bbox 806 1252 872 1298; x_wconf 88' lang='lat' dir='ltr'><strong>cum</strong></span> <span class='ocrx_word' id='word_1_55' title='bbox 887 1237 923 1298; x_wconf 88' lang='lat' dir='ltr'><strong>de</strong></span> <span class='ocrx_word' id='word_1_56' title='bbox 944 1232 1113 1334; x_wconf 77' lang='lat' dir='ltr'><strong>explicanda</strong></span> <span class='ocrx_word' id='word_1_57' title='bbox 1128 1247 1172 1292; x_wconf 88' lang='lat' dir='ltr'><strong>ra·</strong></span> 
     </span>
     <span class='ocr_line' id='line_1_9' title="bbox 122 1317 1174 1400; baseline -0.012 -12"><span class='ocrx_word' id='word_1_58' title='bbox 122 1330 200 1388; x_wconf 89' lang='lat' dir='ltr'><strong>tione</strong></span> <span class='ocrx_word' id='word_1_59' title='bbox 215 1327 317 1400; x_wconf 84' lang='lat' dir='ltr'><strong>agitur,</strong></span> <span class='ocrx_word' id='word_1_60' title='bbox 329 1336 386 1400; x_wconf 78' lang='lat' dir='ltr'><strong>qna</strong></span> <span class='ocrx_word' id='word_1_61' title='bbox 400 1322 540 1384; x_wconf 86' lang='lat' dir='ltr'><strong>eiusmodi</strong></span> <span class='ocrx_word' id='word_1_62' title='bbox 555 1325 731 1385; x_wconf 81' lang='lat' dir='ltr'><strong>conservatio</strong></span> <span class='ocrx_word' id='word_1_63' title='bbox 745 1320 900 1398; x_wconf 82' lang='lat' dir='ltr'><strong>perficitur.</strong></span> <span class='ocrx_word' id='word_1_64' title='bbox 917 1321 969 1381; x_wconf 80' lang='lat' dir='ltr'><strong>rm</strong></span> <span class='ocrx_word' id='word_1_65' title='bbox 984 1321 1061 1381; x_wconf 88' lang='lat' dir='ltr'><strong>enim</strong></span> <span class='ocrx_word' id='word_1_66' title='bbox 1072 1317 1174 1395; x_wconf 66' lang='lat' dir='ltr'><strong>positi</strong></span> 
     </span>
     <span class='ocr_line' id='line_1_10' title="bbox 123 1404 1175 1486; baseline -0.011 -15"><span class='ocrx_word' id='word_1_67' title='bbox 123 1427 157 1471; x_wconf 83' lang='lat' dir='ltr'><strong>oc</strong></span> <span class='ocrx_word' id='word_1_68' title='bbox 170 1411 200 1471; x_wconf 90' lang='lat' dir='ltr'><strong>id</strong></span> <span class='ocrx_word' id='word_1_69' title='bbox 214 1408 276 1470; x_wconf 86' lang='lat' dir='ltr'><strong>fieri</strong></span> <span class='ocrx_word' id='word_1_70' title='bbox 292 1411 373 1470; x_wconf 88' lang='lat' dir='ltr'><strong>atnnt</strong></span> <span class='ocrx_word' id='word_1_71' title='bbox 387 1408 415 1468; x_wconf 92' lang='lat' dir='ltr'><strong>et</strong></span> <span class='ocrx_word' id='word_1_72' title='bbox 429 1409 534 1470; x_wconf 84' lang='lat' dir='ltr'><strong>directe</strong></span> <span class='ocrx_word' id='word_1_73' title='bbox 536 1413 699 1486; x_wconf 80' lang='lat' dir='ltr'><strong>qnatenus</strong></span> <span class='ocrx_word' id='word_1_74' title='bbox 714 1409 788 1467; x_wconf 86' lang='lat' dir='ltr'><strong>Dens</strong></span> <span class='ocrx_word' id='word_1_75' title='bbox 802 1407 863 1482; x_wconf 83' lang='lat' dir='ltr'><strong>iugi</strong></span> <span class='ocrx_word' id='word_1_76' title='bbox 873 1404 1119 1482; x_wconf 79' lang='lat' dir='ltr'><strong>quodaminttmru</strong></span> <span class='ocrx_word' id='word_1_77' title='bbox 1128 1417 1175 1460; x_wconf 90' lang='lat' dir='ltr'><strong>res</strong></span> 
     </span>
     <span class='ocr_line' id='line_1_11' title="bbox 124 1489 1174 1569; baseline -0.012 -13"><span class='ocrx_word' id='word_1_78' title='bbox 124 1496 280 1556; x_wconf 90' lang='lat' dir='ltr'><strong>conditas</strong></span> <span class='ocrx_word' id='word_1_79' title='bbox 271 1511 302 1555; x_wconf 88' lang='lat' dir='ltr'><strong>ru</strong></span> <span class='ocrx_word' id='word_1_80' title='bbox 325 1493 478 1554; x_wconf 77' lang='lat' dir='ltr'><strong>existentia</strong></span> <span class='ocrx_word' id='word_1_81' title='bbox 502 1493 632 1569; x_wconf 70' lang='lat' dir='ltr'><strong>‘retineat</strong></span> <span class='ocrx_word' id='word_1_82' title='bbox 649 1493 699 1553; x_wconf 90' lang='lat' dir='ltr'><strong>aiii</strong></span> <span class='ocrx_word' id='word_1_83' title='bbox 713 1508 781 1552; x_wconf 90' lang='lat' dir='ltr'><strong>vero</strong></span> <span class='ocrx_word' id='word_1_84' title='bbox 795 1492 928 1566; x_wconf 80' lang='lat' dir='ltr'><strong>napnttoc</strong></span> <span class='ocrx_word' id='word_1_85' title='bbox 943 1489 1093 1549; x_wconf 81' lang='lat' dir='ltr'><strong>dumtaxat</strong></span> <span class='ocrx_word' id='word_1_86' title='bbox 1108 1499 1174 1545; x_wconf 87' lang='lat' dir='ltr'><strong>con-</strong></span> 
     </span>
     <span class='ocr_line' id='line_1_12' title="bbox 124 1572 1176 1653; baseline -0.012 -11"><span class='ocrx_word' id='word_1_87' title='bbox 124 1580 314 1643; x_wconf 83' lang='lat' dir='ltr'><strong>servationem</strong></span> <span class='ocrx_word' id='word_1_88' title='bbox 334 1580 413 1639; x_wconf 92' lang='lat' dir='ltr'><strong>illam</strong></span> <span class='ocrx_word' id='word_1_89' title='bbox 437 1579 564 1639; x_wconf 92' lang='lat' dir='ltr'><strong>divinam</strong></span> <span class='ocrx_word' id='word_1_90' title='bbox 593 1579 825 1653; x_wconf 81' lang='lat' dir='ltr'><strong>interpretantur,</strong></span> <span class='ocrx_word' id='word_1_91' title='bbox 853 1581 993 1652; x_wconf 84' lang='lat' dir='ltr'><strong>quatenus</strong></span> <span class='ocrx_word' id='word_1_92' title='bbox 1018 1572 1176 1633; x_wconf 90' lang='lat' dir='ltr'><strong>adrerum</strong></span> 
     </span>
     <span class='ocr_line' id='line_1_13' title="bbox 126 1652 1177 1740; baseline -0.011 -14"><span class='ocrx_word' id='word_1_93' title='bbox 126 1665 306 1726; x_wconf 90' lang='lat' dir='ltr'><strong>conditarum</strong></span> <span class='ocrx_word' id='word_1_94' title='bbox 330 1666 572 1740; x_wconf 87' lang='lat' dir='ltr'><strong>perseverantiam</strong></span> <span class='ocrx_word' id='word_1_95' title='bbox 588 1663 692 1739; x_wconf 91' lang='lat' dir='ltr'><strong>oppido</strong></span> <span class='ocrx_word' id='word_1_96' title='bbox 717 1662 848 1723; x_wconf 84' lang='lat' dir='ltr'><strong>sufficere</strong></span> <span class='ocrx_word' id='word_1_97' title='bbox 865 1665 974 1736; x_wconf 87' lang='lat' dir='ltr'><strong>putant,</strong></span> <span class='ocrx_word' id='word_1_98' title='bbox 990 1659 1015 1719; x_wconf 88' lang='lat' dir='ltr'><strong>st</strong></span> <span class='ocrx_word' id='word_1_99' title='bbox 1030 1670 1079 1719; x_wconf 87' lang='lat' dir='ltr'><strong>eas</strong></span> <span class='ocrx_word' id='word_1_100' title='bbox 1102 1652 1177 1715; x_wconf 80' lang='lat' dir='ltr'><strong>neus</strong></span> 
     </span>
     <span class='ocr_line' id='line_1_14' title="bbox 124 1745 1178 1858; baseline -0.008 -48"><span class='ocrx_word' id='word_1_101' title='bbox 124 1766 183 1810; x_wconf 90' lang='lat' dir='ltr'><strong>non</strong></span> <span class='ocrx_word' id='word_1_102' title='bbox 197 1750 357 1811; x_wconf 89' lang='lat' dir='ltr'><strong>demolitur.</strong></span> <span class='ocrx_word' id='word_1_103' title='bbox 375 1751 465 1819; x_wconf 84' lang='lat' dir='ltr'><strong>Quare</strong></span> <span class='ocrx_word' id='word_1_104' title='bbox 480 1750 622 1811; x_wconf 88' lang='lat' dir='ltr'><strong>sententia</strong></span> <span class='ocrx_word' id='word_1_105' title='bbox 637 1749 767 1824; x_wconf 83' lang='lat' dir='ltr'><strong>superior</strong></span> <span class='ocrx_word' id='word_1_106' title='bbox 780 1746 960 1808; x_wconf 79' lang='lat' dir='ltr'><strong>conservatio</strong></span> <span class='ocrx_word' id='word_1_107' title='bbox 978 1745 1113 1822; x_wconf 78' lang='lat' dir='ltr'><strong>positive,</strong></span> <span class='ocrx_word' id='word_1_108' title='bbox 1128 1757 1178 1858; x_wconf 83' lang='lat' dir='ltr'><strong>po·</strong></span> 
     </span>
     <span class='ocr_line' id='line_1_15' title="bbox 127 1833 572 1911; baseline -0.007 -14"><span class='ocrx_word' id='word_1_109' title='bbox 127 1835 229 1897; x_wconf 85' lang='lat' dir='ltr'><strong>sterior</strong></span> <span class='ocrx_word' id='word_1_110' title='bbox 243 1833 383 1911; x_wconf 82' lang='lat' dir='ltr'><strong>neputtva</strong></span> <span class='ocrx_word' id='word_1_111' title='bbox 397 1836 572 1896; x_wconf 90' lang='lat' dir='ltr'><strong>nominatur.</strong></span> 
     </span>
    </p>

    <p class='ocr_par' dir='ltr' id='par_1_5' title="bbox 127 1909 1180 2236">
     <span class='ocr_line' id='line_1_16' title="bbox 161 1909 1176 1995; baseline -0.005 -14"><span class='ocrx_word' id='word_1_112' title='bbox 161 1921 215 1981; x_wconf 91' lang='lat' dir='ltr'><strong>Nos</strong></span> <span class='ocrx_word' id='word_1_113' title='bbox 229 1932 297 1981; x_wconf 88' lang='lat' dir='ltr'><strong>vero</strong></span> <span class='ocrx_word' id='word_1_114' title='bbox 311 1921 423 1980; x_wconf 89' lang='lat' dir='ltr'><strong>nullum</strong></span> <span class='ocrx_word' id='word_1_115' title='bbox 438 1919 560 1980; x_wconf 91' lang='lat' dir='ltr'><strong>solidum</strong></span> <span class='ocrx_word' id='word_1_116' title='bbox 577 1921 776 1995; x_wconf 79' lang='lat' dir='ltr'><strong>argumentum</strong></span> <span class='ocrx_word' id='word_1_117' title='bbox 791 1909 923 1979; x_wconf 77' lang='lat' dir='ltr'><strong>ridemus</strong></span> <span class='ocrx_word' id='word_1_118' title='bbox 925 1915 1021 1994; x_wconf 84' lang='lat' dir='ltr'><strong>,qnod</strong></span> <span class='ocrx_word' id='word_1_119' title='bbox 1035 1915 1102 1977; x_wconf 91' lang='lat' dir='ltr'><strong>huic</strong></span> <span class='ocrx_word' id='word_1_120' title='bbox 1127 1929 1176 1992; x_wconf 80' lang='lat' dir='ltr'><strong>po</strong></span> 
     </span>
     <span class='ocr_line' id='line_1_17' title="bbox 126 2002 1177 2080; baseline -0.005 -14.922"><span class='ocrx_word' id='word_1_121' title='bbox 126 2005 237 2068; x_wconf 86' lang='lat' dir='ltr'><strong>sterinri</strong></span> <span class='ocrx_word' id='word_1_122' title='bbox 247 2005 373 2080; x_wconf 85' lang='lat' dir='ltr'><strong>opinioni</strong></span> <span class='ocrx_word' id='word_1_123' title='bbox 389 2005 491 2080; x_wconf 79' lang='lat' dir='ltr'><strong>faveat3</strong></span> <span class='ocrx_word' id='word_1_124' title='bbox 509 2016 575 2065; x_wconf 86' lang='lat' dir='ltr'><strong>cunr</strong></span> <span class='ocrx_word' id='word_1_125' title='bbox 590 2011 688 2066; x_wconf 87' lang='lat' dir='ltr'><strong>contra</strong></span> <span class='ocrx_word' id='word_1_126' title='bbox 703 2004 833 2080; x_wconf 87' lang='lat' dir='ltr'><strong>superior</strong></span> <span class='ocrx_word' id='word_1_127' title='bbox 850 2003 992 2063; x_wconf 87' lang='lat' dir='ltr'><strong>sententia</strong></span> <span class='ocrx_word' id='word_1_128' title='bbox 1002 2002 1118 2062; x_wconf 92' lang='lat' dir='ltr'><strong>omnino</strong></span> <span class='ocrx_word' id='word_1_129' title='bbox 1133 2015 1177 2059; x_wconf 92' lang='lat' dir='ltr'><strong>ra·</strong></span> 
     </span>
     <span class='ocr_line' id='line_1_18' title="bbox 127 2085 1180 2166; baseline -0.007 -16"><span class='ocrx_word' id='word_1_130' title='bbox 127 2091 198 2152; x_wconf 91' lang='lat' dir='ltr'><strong>ttoni</strong></span> <span class='ocrx_word' id='word_1_131' title='bbox 213 2095 403 2151; x_wconf 89' lang='lat' dir='ltr'><strong>consentanea</strong></span> <span class='ocrx_word' id='word_1_132' title='bbox 421 2090 561 2166; x_wconf 89' lang='lat' dir='ltr'><strong>videatur,</strong></span> <span class='ocrx_word' id='word_1_133' title='bbox 579 2095 607 2151; x_wconf 87' lang='lat' dir='ltr'><strong>et</strong></span> <span class='ocrx_word' id='word_1_134' title='bbox 627 2087 813 2150; x_wconf 81' lang='lat' dir='ltr'><strong>excellentiae</strong></span> <span class='ocrx_word' id='word_1_135' title='bbox 831 2088 944 2149; x_wconf 86' lang='lat' dir='ltr'><strong>divinae</strong></span> <span class='ocrx_word' id='word_1_136' title='bbox 958 2085 1104 2163; x_wconf 86' lang='lat' dir='ltr'><strong>potestatis</strong></span> <span class='ocrx_word' id='word_1_137' title='bbox 1120 2085 1180 2146; x_wconf 90' lang='lat' dir='ltr'><strong>vat·</strong></span> 
     </span>
     <span class='ocr_line' id='line_1_19' title="bbox 128 2177 404 2236; baseline 0.004 -2"><span class='ocrx_word' id='word_1_138' title='bbox 128 2177 164 2234; x_wconf 90' lang='lat' dir='ltr'><strong>de</strong></span> <span class='ocrx_word' id='word_1_139' title='bbox 181 2177 404 2236; x_wconf 86' lang='lat' dir='ltr'><strong>accommodata.</strong></span> 
     </span>
    </p>

    <p class='ocr_par' dir='ltr' id='par_1_6' title="bbox 130 2257 1181 2422">
     <span class='ocr_line' id='line_1_20' title="bbox 164 2257 1179 2336; baseline -0.002 -17"><span class='ocrx_word' id='word_1_140' title='bbox 164 2261 202 2320; x_wconf 84' lang='lat' dir='ltr'><strong>dc</strong></span> <span class='ocrx_word' id='word_1_141' title='bbox 218 2261 356 2336; x_wconf 88' lang='lat' dir='ltr'><strong>principio</strong></span> <span class='ocrx_word' id='word_1_142' title='bbox 372 2259 488 2334; x_wconf 86' lang='lat' dir='ltr'><strong>quidem</strong></span> <span class='ocrx_word' id='word_1_143' title='bbox 503 2257 575 2320; x_wconf 88' lang='lat' dir='ltr'><strong>iliod</strong></span> <span class='ocrx_word' id='word_1_144' title='bbox 588 2263 620 2319; x_wconf 88' lang='lat' dir='ltr'><strong>ut</strong></span> <span class='ocrx_word' id='word_1_145' title='bbox 638 2263 748 2320; x_wconf 87' lang='lat' dir='ltr'><strong>certum</strong></span> <span class='ocrx_word' id='word_1_146' title='bbox 763 2259 825 2320; x_wconf 89' lang='lat' dir='ltr'><strong>sine</strong></span> <span class='ocrx_word' id='word_1_147' title='bbox 844 2259 1035 2322; x_wconf 88' lang='lat' dir='ltr'><strong>controversia</strong></span> <span class='ocrx_word' id='word_1_148' title='bbox 1054 2274 1179 2331; x_wconf 90' lang='lat' dir='ltr'><strong>assumo,</strong></span> 
     </span>
     <span class='ocr_line' id='line_1_21' title="bbox 130 2343 1181 2422; baseline -0.004 -17"><span class='ocrx_word' id='word_1_149' title='bbox 130 2345 229 2405; x_wconf 87' lang='lat' dir='ltr'><strong>adesse</strong></span> <span class='ocrx_word' id='word_1_150' title='bbox 252 2343 283 2403; x_wconf 88' lang='lat' dir='ltr'><strong>in</strong></span> <span class='ocrx_word' id='word_1_151' title='bbox 301 2343 358 2404; x_wconf 89' lang='lat' dir='ltr'><strong>Deo</strong></span> <span class='ocrx_word' id='word_1_152' title='bbox 382 2350 477 2404; x_wconf 88' lang='lat' dir='ltr'><strong>actum</strong></span> <span class='ocrx_word' id='word_1_153' title='bbox 493 2345 618 2422; x_wconf 83' lang='lat' dir='ltr'><strong>aliquem</strong></span> <span class='ocrx_word' id='word_1_154' title='bbox 641 2346 795 2421; x_wconf 85' lang='lat' dir='ltr'><strong>positivum</strong></span> <span class='ocrx_word' id='word_1_155' title='bbox 808 2346 921 2407; x_wconf 88' lang='lat' dir='ltr'><strong>divinae</strong></span> <span class='ocrx_word' id='word_1_156' title='bbox 945 2345 1108 2417; x_wconf 87' lang='lat' dir='ltr'><strong>voluntatis,</strong></span> <span class='ocrx_word' id='word_1_157' title='bbox 1125 2358 1181 2418; x_wconf 87' lang='lat' dir='ltr'><strong>quo</strong></span> 
     </span>
    </p>
   </div>
   <div class='ocr_carea' id='block_1_5' title="bbox 129 2433 1193 4051">
    <p class='ocr_par' dir='ltr' id='par_1_7' title="bbox 129 2433 1190 3440">
     <span class='ocr_line' id='line_1_22' title="bbox 129 2433 1183 2510; baseline -0.002 -16"><span class='ocrx_word' id='word_1_158' title='bbox 129 2435 204 2494; x_wconf 86' lang='lat' dir='ltr'><strong>Deus</strong></span> <span class='ocrx_word' id='word_1_159' title='bbox 220 2435 360 2494; x_wconf 89' lang='lat' dir='ltr'><strong>aittrmats</strong></span> <span class='ocrx_word' id='word_1_160' title='bbox 376 2435 444 2494; x_wconf 82' lang='lat' dir='ltr'><strong>vedt</strong></span> <span class='ocrx_word' id='word_1_161' title='bbox 457 2451 554 2495; x_wconf 89' lang='lat' dir='ltr'><strong>rerum</strong></span> <span class='ocrx_word' id='word_1_162' title='bbox 569 2441 729 2498; x_wconf 90' lang='lat' dir='ltr'><strong>creatarum</strong></span> <span class='ocrx_word' id='word_1_163' title='bbox 748 2435 937 2505; x_wconf 89' lang='lat' dir='ltr'><strong>durationem,</strong></span> <span class='ocrx_word' id='word_1_164' title='bbox 955 2439 1095 2510; x_wconf 88' lang='lat' dir='ltr'><strong>qnatenus</strong></span> <span class='ocrx_word' id='word_1_165' title='bbox 1116 2433 1183 2492; x_wconf 89' lang='lat' dir='ltr'><strong>ittae</strong></span> 
     </span>
     <span class='ocr_line' id='line_1_23' title="bbox 130 2515 1184 2597; baseline -0.009 -16"><span class='ocrx_word' id='word_1_166' title='bbox 130 2526 243 2581; x_wconf 83' lang='lat' dir='ltr'><strong>exstare</strong></span> <span class='ocrx_word' id='word_1_167' title='bbox 257 2526 449 2595; x_wconf 88' lang='lat' dir='ltr'><strong>perseverant.</strong></span> <span class='ocrx_word' id='word_1_168' title='bbox 468 2523 553 2582; x_wconf 88' lang='lat' dir='ltr'><strong>Secus</strong></span> <span class='ocrx_word' id='word_1_169' title='bbox 569 2522 593 2581; x_wconf 91' lang='lat' dir='ltr'><strong>si</strong></span> <span class='ocrx_word' id='word_1_170' title='bbox 608 2522 748 2581; x_wconf 89' lang='lat' dir='ltr'><strong>eiusmodi</strong></span> <span class='ocrx_word' id='word_1_171' title='bbox 762 2524 924 2597; x_wconf 87' lang='lat' dir='ltr'><strong>permansio</strong></span> <span class='ocrx_word' id='word_1_172' title='bbox 933 2527 1045 2595; x_wconf 89' lang='lat' dir='ltr'><strong>praeter</strong></span> <span class='ocrx_word' id='word_1_173' title='bbox 1055 2515 1184 2574; x_wconf 90' lang='lat' dir='ltr'><strong>divinam</strong></span> 
     </span>
     <span class='ocr_line' id='line_1_24' title="bbox 131 2600 1185 2682; baseline -0.006 -17"><span class='ocrx_word' id='word_1_174' title='bbox 131 2606 307 2665; x_wconf 88' lang='lat' dir='ltr'><strong>voluntatem</strong></span> <span class='ocrx_word' id='word_1_175' title='bbox 322 2607 506 2682; x_wconf 80' lang='lat' dir='ltr'><strong>contingeret,</strong></span> <span class='ocrx_word' id='word_1_176' title='bbox 525 2607 581 2666; x_wconf 86' lang='lat' dir='ltr'><strong>Deo</strong></span> <span class='ocrx_word' id='word_1_177' title='bbox 600 2611 674 2667; x_wconf 89' lang='lat' dir='ltr'><strong>esset</strong></span> <span class='ocrx_word' id='word_1_178' title='bbox 689 2608 805 2666; x_wconf 83' lang='lat' dir='ltr'><strong>fortuita</strong></span> <span class='ocrx_word' id='word_1_179' title='bbox 828 2610 857 2666; x_wconf 89' lang='lat' dir='ltr'><strong>et</strong></span> <span class='ocrx_word' id='word_1_180' title='bbox 879 2609 961 2665; x_wconf 78' lang='lat' dir='ltr'><strong>extra</strong></span> <span class='ocrx_word' id='word_1_181' title='bbox 979 2603 1108 2662; x_wconf 90' lang='lat' dir='ltr'><strong>ordinem</strong></span> <span class='ocrx_word' id='word_1_182' title='bbox 1123 2600 1185 2659; x_wconf 90' lang='lat' dir='ltr'><strong>eius</strong></span> 
     </span>
     <span class='ocr_line' id='line_1_25' title="bbox 129 2685 1184 2766; baseline -0.006 -18"><span class='ocrx_word' id='word_1_183' title='bbox 129 2687 332 2765; x_wconf 72' lang='lat' dir='ltr'><strong>providentiae,</strong></span> <span class='ocrx_word' id='word_1_184' title='bbox 346 2692 421 2766; x_wconf 85' lang='lat' dir='ltr'><strong>quod</strong></span> <span class='ocrx_word' id='word_1_185' title='bbox 436 2707 454 2751; x_wconf 93' lang='lat' dir='ltr'><strong>a</strong></span> <span class='ocrx_word' id='word_1_186' title='bbox 468 2693 586 2753; x_wconf 87' lang='lat' dir='ltr'><strong>veritate</strong></span> <span class='ocrx_word' id='word_1_187' title='bbox 612 2697 723 2752; x_wconf 91' lang='lat' dir='ltr'><strong>tantum</strong></span> <span class='ocrx_word' id='word_1_188' title='bbox 748 2689 920 2762; x_wconf 73' lang='lat' dir='ltr'><strong>disceditur</strong></span> <span class='ocrx_word' id='word_1_189' title='bbox 935 2687 1008 2747; x_wconf 84' lang='lat' dir='ltr'><strong>nihil</strong></span> <span class='ocrx_word' id='word_1_190' title='bbox 1021 2685 1113 2760; x_wconf 83' lang='lat' dir='ltr'><strong>magis</strong></span> <span class='ocrx_word' id='word_1_191' title='bbox 1137 2700 1184 2743; x_wconf 84' lang='lat' dir='ltr'><strong>ve</strong></span> 
     </span>
     <span class='ocr_line' id='line_1_26' title="bbox 130 2770 1186 2850; baseline -0.007 -17"><span class='ocrx_word' id='word_1_192' title='bbox 130 2775 209 2834; x_wconf 85' lang='lat' dir='ltr'><strong>vitati</strong></span> <span class='ocrx_word' id='word_1_193' title='bbox 222 2775 311 2850; x_wconf 88' lang='lat' dir='ltr'><strong>possit</strong></span> <span class='ocrx_word' id='word_1_194' title='bbox 326 2791 388 2835; x_wconf 86' lang='lat' dir='ltr'><strong>essa</strong></span> <span class='ocrx_word' id='word_1_195' title='bbox 404 2771 588 2836; x_wconf 83' lang='lat' dir='ltr'><strong>contrarium.</strong></span> <span class='ocrx_word' id='word_1_196' title='bbox 606 2777 728 2835; x_wconf 81' lang='lat' dir='ltr'><strong>sienim</strong></span> <span class='ocrx_word' id='word_1_197' title='bbox 744 2775 817 2833; x_wconf 84' lang='lat' dir='ltr'><strong>Dens</strong></span> <span class='ocrx_word' id='word_1_198' title='bbox 836 2787 935 2832; x_wconf 88' lang='lat' dir='ltr'><strong>eorum</strong></span> <span class='ocrx_word' id='word_1_199' title='bbox 949 2770 1088 2842; x_wconf 90' lang='lat' dir='ltr'><strong>omnium,</strong></span> <span class='ocrx_word' id='word_1_200' title='bbox 1112 2784 1186 2842; x_wconf 88' lang='lat' dir='ltr'><strong>quae</strong></span> 
     </span>
     <span class='ocr_line' id='line_1_27' title="bbox 132 2853 1186 2931; baseline -0.007 -12"><span class='ocrx_word' id='word_1_201' title='bbox 132 2863 209 2931; x_wconf 89' lang='lat' dir='ltr'><strong>sunt,</strong></span> <span class='ocrx_word' id='word_1_202' title='bbox 237 2859 451 2918; x_wconf 88' lang='lat' dir='ltr'><strong>administrator</strong></span> <span class='ocrx_word' id='word_1_203' title='bbox 474 2865 517 2918; x_wconf 91' lang='lat' dir='ltr'><strong>est</strong></span> <span class='ocrx_word' id='word_1_204' title='bbox 546 2865 697 2931; x_wconf 74' lang='lat' dir='ltr'><strong>structor,</strong></span> <span class='ocrx_word' id='word_1_205' title='bbox 724 2858 796 2916; x_wconf 88' lang='lat' dir='ltr'><strong>nihii</strong></span> <span class='ocrx_word' id='word_1_206' title='bbox 810 2872 944 2915; x_wconf 86' lang='lat' dir='ltr'><strong>casurum</strong></span> <span class='ocrx_word' id='word_1_207' title='bbox 958 2859 1001 2915; x_wconf 91' lang='lat' dir='ltr'><strong>est</strong></span> <span class='ocrx_word' id='word_1_208' title='bbox 1015 2856 1045 2914; x_wconf 94' lang='lat' dir='ltr'><strong>in</strong></span> <span class='ocrx_word' id='word_1_209' title='bbox 1068 2853 1186 2922; x_wconf 82' lang='lat' dir='ltr'><strong>mundo,</strong></span> 
     </span>
     <span class='ocr_line' id='line_1_28' title="bbox 133 2941 1188 3016; baseline -0.003 -15"><span class='ocrx_word' id='word_1_210' title='bbox 133 2943 208 3016; x_wconf 87' lang='lat' dir='ltr'><strong>quod</strong></span> <span class='ocrx_word' id='word_1_211' title='bbox 218 2943 345 3000; x_wconf 92' lang='lat' dir='ltr'><strong>divinam</strong></span> <span class='ocrx_word' id='word_1_212' title='bbox 361 2945 535 3002; x_wconf 89' lang='lat' dir='ltr'><strong>voluntatem</strong></span> <span class='ocrx_word' id='word_1_213' title='bbox 545 2941 677 3002; x_wconf 88' lang='lat' dir='ltr'><strong>declinet.</strong></span> <span class='ocrx_word' id='word_1_214' title='bbox 694 2941 725 3000; x_wconf 90' lang='lat' dir='ltr'><strong>Id</strong></span> <span class='ocrx_word' id='word_1_215' title='bbox 752 2947 846 3001; x_wconf 76' lang='lat' dir='ltr'><strong>nmen</strong></span> <span class='ocrx_word' id='word_1_216' title='bbox 862 2941 1036 3000; x_wconf 88' lang='lat' dir='ltr'><strong>discriminis</strong></span> <span class='ocrx_word' id='word_1_217' title='bbox 1060 2941 1134 2999; x_wconf 86' lang='lat' dir='ltr'><strong>inter</strong></span> <span class='ocrx_word' id='word_1_218' title='bbox 1152 2955 1188 2999; x_wconf 89' lang='lat' dir='ltr'><strong>ea</strong></span> 
     </span>
     <span class='ocr_line' id='line_1_29' title="bbox 134 3025 1189 3102; baseline -0.001 -18"><span class='ocrx_word' id='word_1_219' title='bbox 134 3041 208 3102; x_wconf 90' lang='lat' dir='ltr'><strong>quae</strong></span> <span class='ocrx_word' id='word_1_220' title='bbox 216 3027 393 3098; x_wconf 84' lang='lat' dir='ltr'><strong>contingunt,</strong></span> <span class='ocrx_word' id='word_1_221' title='bbox 402 3026 561 3099; x_wconf 77' lang='lat' dir='ltr'><strong>intercedit,</strong></span> <span class='ocrx_word' id='word_1_222' title='bbox 571 3032 602 3084; x_wconf 91' lang='lat' dir='ltr'><strong>ut</strong></span> <span class='ocrx_word' id='word_1_223' title='bbox 612 3027 636 3084; x_wconf 93' lang='lat' dir='ltr'><strong>si</strong></span> <span class='ocrx_word' id='word_1_224' title='bbox 646 3025 722 3084; x_wconf 86' lang='lat' dir='ltr'><strong>bona</strong></span> <span class='ocrx_word' id='word_1_225' title='bbox 732 3032 760 3084; x_wconf 91' lang='lat' dir='ltr'><strong>et</strong></span> <span class='ocrx_word' id='word_1_226' title='bbox 769 3027 888 3086; x_wconf 85' lang='lat' dir='ltr'><strong>honesta</strong></span> <span class='ocrx_word' id='word_1_227' title='bbox 898 3031 973 3100; x_wconf 91' lang='lat' dir='ltr'><strong>sunt,</strong></span> <span class='ocrx_word' id='word_1_228' title='bbox 982 3025 1046 3086; x_wconf 85' lang='lat' dir='ltr'><strong>ideo</strong></span> <span class='ocrx_word' id='word_1_229' title='bbox 1056 3025 1189 3086; x_wconf 78' lang='lat' dir='ltr'><strong>eveniant</strong></span> 
     </span>
     <span class='ocr_line' id='line_1_30' title="bbox 135 3109 1189 3186; baseline -0.001 -18"><span class='ocrx_word' id='word_1_230' title='bbox 135 3111 203 3185; x_wconf 85' lang='lat' dir='ltr'><strong>quia</strong></span> <span class='ocrx_word' id='word_1_231' title='bbox 216 3109 290 3168; x_wconf 85' lang='lat' dir='ltr'><strong>Deus</strong></span> <span class='ocrx_word' id='word_1_232' title='bbox 304 3125 338 3167; x_wconf 87' lang='lat' dir='ltr'><strong>ea</strong></span> <span class='ocrx_word' id='word_1_233' title='bbox 348 3109 441 3184; x_wconf 83' lang='lat' dir='ltr'><strong>diligit</strong></span> <span class='ocrx_word' id='word_1_234' title='bbox 456 3118 484 3168; x_wconf 89' lang='lat' dir='ltr'><strong>et</strong></span> <span class='ocrx_word' id='word_1_235' title='bbox 498 3110 567 3183; x_wconf 80' lang='lat' dir='ltr'><strong>vnit3</strong></span> <span class='ocrx_word' id='word_1_236' title='bbox 584 3109 628 3168; x_wconf 92' lang='lat' dir='ltr'><strong>sin</strong></span> <span class='ocrx_word' id='word_1_237' title='bbox 644 3109 777 3168; x_wconf 90' lang='lat' dir='ltr'><strong>indecora</strong></span> <span class='ocrx_word' id='word_1_238' title='bbox 788 3120 816 3170; x_wconf 88' lang='lat' dir='ltr'><strong>et</strong></span> <span class='ocrx_word' id='word_1_239' title='bbox 831 3111 934 3186; x_wconf 86' lang='lat' dir='ltr'><strong>turpia,</strong></span> <span class='ocrx_word' id='word_1_240' title='bbox 945 3111 1189 3171; x_wconf 89' lang='lat' dir='ltr'><strong>ideointercidant</strong></span> 
     </span>
     <span class='ocr_line' id='line_1_31' title="bbox 136 3191 1190 3271; baseline -0.001 -19"><span class='ocrx_word' id='word_1_241' title='bbox 136 3195 206 3270; x_wconf 90' lang='lat' dir='ltr'><strong>quia</strong></span> <span class='ocrx_word' id='word_1_242' title='bbox 226 3191 301 3253; x_wconf 83' lang='lat' dir='ltr'><strong>tiens</strong></span> <span class='ocrx_word' id='word_1_243' title='bbox 317 3192 353 3253; x_wconf 89' lang='lat' dir='ltr'><strong>oh</strong></span> <span class='ocrx_word' id='word_1_244' title='bbox 377 3193 517 3253; x_wconf 89' lang='lat' dir='ltr'><strong>altissima</strong></span> <span class='ocrx_word' id='word_1_245' title='bbox 538 3209 606 3253; x_wconf 91' lang='lat' dir='ltr'><strong>snae</strong></span> <span class='ocrx_word' id='word_1_246' title='bbox 624 3193 780 3268; x_wconf 89' lang='lat' dir='ltr'><strong>sapientiae</strong></span> <span class='ocrx_word' id='word_1_247' title='bbox 795 3195 912 3254; x_wconf 91' lang='lat' dir='ltr'><strong>consilia</strong></span> <span class='ocrx_word' id='word_1_248' title='bbox 931 3212 1029 3256; x_wconf 89' lang='lat' dir='ltr'><strong>eorum</strong></span> <span class='ocrx_word' id='word_1_249' title='bbox 1051 3195 1190 3271; x_wconf 88' lang='lat' dir='ltr'><strong>permittit</strong></span> 
     </span>
     <span class='ocr_line' id='line_1_32' title="bbox 136 3278 1187 3356; baseline -0.003 -16"><span class='ocrx_word' id='word_1_250' title='bbox 136 3283 280 3340; x_wconf 88' lang='lat' dir='ltr'><strong>eventum.</strong></span> <span class='ocrx_word' id='word_1_251' title='bbox 299 3279 368 3338; x_wconf 80' lang='lat' dir='ltr'><strong>Cum</strong></span> <span class='ocrx_word' id='word_1_252' title='bbox 392 3279 479 3354; x_wconf 86' lang='lat' dir='ltr'><strong>igitur</strong></span> <span class='ocrx_word' id='word_1_253' title='bbox 504 3295 602 3339; x_wconf 89' lang='lat' dir='ltr'><strong>rernm</strong></span> <span class='ocrx_word' id='word_1_254' title='bbox 621 3278 732 3339; x_wconf 88' lang='lat' dir='ltr'><strong>duratio</strong></span> <span class='ocrx_word' id='word_1_255' title='bbox 746 3279 822 3340; x_wconf 89' lang='lat' dir='ltr'><strong>reate</strong></span> <span class='ocrx_word' id='word_1_256' title='bbox 845 3279 951 3356; x_wconf 86' lang='lat' dir='ltr'><strong>aliquid</strong></span> <span class='ocrx_word' id='word_1_257' title='bbox 967 3281 1003 3339; x_wconf 87' lang='lat' dir='ltr'><strong>sit</strong></span> <span class='ocrx_word' id='word_1_258' title='bbox 1018 3286 1046 3339; x_wconf 92' lang='lat' dir='ltr'><strong>et</strong></span> <span class='ocrx_word' id='word_1_259' title='bbox 1069 3278 1187 3349; x_wconf 88' lang='lat' dir='ltr'><strong>bonum,</strong></span> 
     </span>
     <span class='ocr_line' id='line_1_33' title="bbox 139 3361 1108 3440; baseline -0.001 -17"><span class='ocrx_word' id='word_1_260' title='bbox 139 3369 237 3424; x_wconf 89' lang='lat' dir='ltr'><strong>actum</strong></span> <span class='ocrx_word' id='word_1_261' title='bbox 255 3361 370 3423; x_wconf 86' lang='lat' dir='ltr'><strong>divinae</strong></span> <span class='ocrx_word' id='word_1_262' title='bbox 384 3364 539 3424; x_wconf 89' lang='lat' dir='ltr'><strong>voluntatis</strong></span> <span class='ocrx_word' id='word_1_263' title='bbox 555 3363 747 3424; x_wconf 88' lang='lat' dir='ltr'><strong>attirmantem</strong></span> <span class='ocrx_word' id='word_1_264' title='bbox 761 3372 789 3424; x_wconf 88' lang='lat' dir='ltr'><strong>et</strong></span> <span class='ocrx_word' id='word_1_265' title='bbox 806 3365 960 3440; x_wconf 90' lang='lat' dir='ltr'><strong>positivum</strong></span> <span class='ocrx_word' id='word_1_266' title='bbox 974 3364 1108 3440; x_wconf 83' lang='lat' dir='ltr'><strong>exquirit.</strong></span> 
     </span>
    </p>

    <p class='ocr_par' dir='ltr' id='par_1_8' title="bbox 138 3446 1193 4051">
     <span class='ocr_line' id='line_1_34' title="bbox 173 3446 1190 3525; baseline 0.002 -18"><span class='ocrx_word' id='word_1_267' title='bbox 173 3450 204 3508; x_wconf 92' lang='lat' dir='ltr'><strong>ld</strong></span> <span class='ocrx_word' id='word_1_268' title='bbox 218 3449 314 3523; x_wconf 76' lang='lat' dir='ltr'><strong>taque</strong></span> <span class='ocrx_word' id='word_1_269' title='bbox 330 3465 397 3508; x_wconf 90' lang='lat' dir='ltr'><strong>cum</strong></span> <span class='ocrx_word' id='word_1_270' title='bbox 411 3450 573 3510; x_wconf 84' lang='lat' dir='ltr'><strong>confessum</strong></span> <span class='ocrx_word' id='word_1_271' title='bbox 585 3456 736 3524; x_wconf 86' lang='lat' dir='ltr'><strong>ratumque</strong></span> <span class='ocrx_word' id='word_1_272' title='bbox 751 3451 797 3525; x_wconf 92' lang='lat' dir='ltr'><strong>sit,</strong></span> <span class='ocrx_word' id='word_1_273' title='bbox 813 3451 965 3525; x_wconf 84' lang='lat' dir='ltr'><strong>opinionis,</strong></span> <span class='ocrx_word' id='word_1_274' title='bbox 982 3466 1068 3525; x_wconf 89' lang='lat' dir='ltr'><strong>quam</strong></span> <span class='ocrx_word' id='word_1_275' title='bbox 1087 3446 1190 3509; x_wconf 82' lang='lat' dir='ltr'><strong>retolli·</strong></span> 
     </span>
     <span class='ocr_line' id='line_1_35' title="bbox 138 3533 1190 3610; baseline -0.002 -17"><span class='ocrx_word' id='word_1_276' title='bbox 138 3546 212 3608; x_wconf 87' lang='lat' dir='ltr'><strong>mus,</strong></span> <span class='ocrx_word' id='word_1_277' title='bbox 230 3533 338 3593; x_wconf 83' lang='lat' dir='ltr'><strong>falsitas</strong></span> <span class='ocrx_word' id='word_1_278' title='bbox 362 3535 511 3610; x_wconf 89' lang='lat' dir='ltr'><strong>perspicue</strong></span> <span class='ocrx_word' id='word_1_279' title='bbox 537 3540 622 3610; x_wconf 82' lang='lat' dir='ltr'><strong>patet.</strong></span> <span class='ocrx_word' id='word_1_280' title='bbox 648 3533 727 3609; x_wconf 80' lang='lat' dir='ltr'><strong>Nam,</strong></span> <span class='ocrx_word' id='word_1_281' title='bbox 748 3535 863 3596; x_wconf 87' lang='lat' dir='ltr'><strong>sicirca</strong></span> <span class='ocrx_word' id='word_1_282' title='bbox 876 3551 973 3595; x_wconf 89' lang='lat' dir='ltr'><strong>rerum</strong></span> <span class='ocrx_word' id='word_1_283' title='bbox 988 3536 1018 3593; x_wconf 92' lang='lat' dir='ltr'><strong>in</strong></span> <span class='ocrx_word' id='word_1_284' title='bbox 1042 3533 1190 3593; x_wconf 82' lang='lat' dir='ltr'><strong>existendo</strong></span> 
     </span>
     <span class='ocr_line' id='line_1_36' title="bbox 140 3617 1191 3695; baseline -0.001 -17"><span class='ocrx_word' id='word_1_285' title='bbox 140 3620 382 3694; x_wconf 86' lang='lat' dir='ltr'><strong>perseverantiam</strong></span> <span class='ocrx_word' id='word_1_286' title='bbox 398 3627 477 3680; x_wconf 90' lang='lat' dir='ltr'><strong>actus</strong></span> <span class='ocrx_word' id='word_1_287' title='bbox 493 3619 630 3695; x_wconf 86' lang='lat' dir='ltr'><strong>positivus</strong></span> <span class='ocrx_word' id='word_1_288' title='bbox 645 3619 759 3692; x_wconf 71' lang='lat' dir='ltr'><strong>ditium</strong></span> <span class='ocrx_word' id='word_1_289' title='bbox 781 3619 934 3680; x_wconf 89' lang='lat' dir='ltr'><strong>voluntatis</strong></span> <span class='ocrx_word' id='word_1_290' title='bbox 955 3621 1119 3692; x_wconf 89' lang='lat' dir='ltr'><strong>adstruitur,</strong></span> <span class='ocrx_word' id='word_1_291' title='bbox 1143 3617 1191 3678; x_wconf 88' lang='lat' dir='ltr'><strong>hic</strong></span> 
     </span>
     <span class='ocr_line' id='line_1_37' title="bbox 139 3703 1191 3780; baseline 0 -18"><span class='ocrx_word' id='word_1_292' title='bbox 139 3705 264 3780; x_wconf 85' lang='lat' dir='ltr'><strong>proiecto</strong></span> <span class='ocrx_word' id='word_1_293' title='bbox 275 3705 303 3763; x_wconf 93' lang='lat' dir='ltr'><strong>in</strong></span> <span class='ocrx_word' id='word_1_294' title='bbox 320 3707 452 3765; x_wconf 88' lang='lat' dir='ltr'><strong>eamdem</strong></span> <span class='ocrx_word' id='word_1_295' title='bbox 459 3710 573 3765; x_wconf 88' lang='lat' dir='ltr'><strong>actuose</strong></span> <span class='ocrx_word' id='word_1_296' title='bbox 584 3703 686 3766; x_wconf 84' lang='lat' dir='ltr'><strong>influat</strong></span> <span class='ocrx_word' id='word_1_297' title='bbox 701 3721 817 3765; x_wconf 88' lang='lat' dir='ltr'><strong>necesse</strong></span> <span class='ocrx_word' id='word_1_298' title='bbox 828 3710 880 3765; x_wconf 92' lang='lat' dir='ltr'><strong>est.</strong></span> <span class='ocrx_word' id='word_1_299' title='bbox 891 3703 965 3765; x_wconf 90' lang='lat' dir='ltr'><strong>Dens</strong></span> <span class='ocrx_word' id='word_1_300' title='bbox 979 3703 1191 3764; x_wconf 92' lang='lat' dir='ltr'><strong>enimvotunta-</strong></span> 
     </span>
     <span class='ocr_line' id='line_1_38' title="bbox 141 3789 1192 3866; baseline 0.002 -20"><span class='ocrx_word' id='word_1_301' title='bbox 141 3793 168 3847; x_wconf 88' lang='lat' dir='ltr'><strong>te</strong></span> <span class='ocrx_word' id='word_1_302' title='bbox 182 3793 323 3864; x_wconf 69' lang='lat' dir='ltr'><strong>operatum</strong></span> <span class='ocrx_word' id='word_1_303' title='bbox 342 3795 428 3865; x_wconf 87' lang='lat' dir='ltr'><strong>atque</strong></span> <span class='ocrx_word' id='word_1_304' title='bbox 444 3789 507 3851; x_wconf 85' lang='lat' dir='ltr'><strong>ideo</strong></span> <span class='ocrx_word' id='word_1_305' title='bbox 522 3791 660 3865; x_wconf 81' lang='lat' dir='ltr'><strong>quidquid</strong></span> <span class='ocrx_word' id='word_1_306' title='bbox 672 3791 740 3863; x_wconf 90' lang='lat' dir='ltr'><strong>vult,</strong></span> <span class='ocrx_word' id='word_1_307' title='bbox 757 3791 890 3850; x_wconf 84' lang='lat' dir='ltr'><strong>contmuo</strong></span> <span class='ocrx_word' id='word_1_308' title='bbox 904 3789 981 3865; x_wconf 82' lang='lat' dir='ltr'><strong>iacit,</strong></span> <span class='ocrx_word' id='word_1_309' title='bbox 999 3797 1027 3850; x_wconf 91' lang='lat' dir='ltr'><strong>et</strong></span> <span class='ocrx_word' id='word_1_310' title='bbox 1037 3791 1153 3866; x_wconf 87' lang='lat' dir='ltr'><strong>quidem</strong></span> <span class='ocrx_word' id='word_1_311' title='bbox 1163 3789 1192 3848; x_wconf 92' lang='lat' dir='ltr'><strong>vi</strong></span> 
     </span>
     <span class='ocr_line' id='line_1_39' title="bbox 142 3871 1192 3950; baseline 0.001 -19"><span class='ocrx_word' id='word_1_312' title='bbox 142 3871 270 3932; x_wconf 85' lang='lat' dir='ltr'><strong>eiusdem</strong></span> <span class='ocrx_word' id='word_1_313' title='bbox 288 3873 500 3948; x_wconf 87' lang='lat' dir='ltr'><strong>potentissimae</strong></span> <span class='ocrx_word' id='word_1_314' title='bbox 516 3874 676 3948; x_wconf 85' lang='lat' dir='ltr'><strong>voluntatis,</strong></span> <span class='ocrx_word' id='word_1_315' title='bbox 694 3892 767 3950; x_wconf 83' lang='lat' dir='ltr'><strong>qnae</strong></span> <span class='ocrx_word' id='word_1_316' title='bbox 782 3893 849 3950; x_wconf 93' lang='lat' dir='ltr'><strong>non,</strong></span> <span class='ocrx_word' id='word_1_317' title='bbox 876 3881 907 3934; x_wconf 95' lang='lat' dir='ltr'><strong>ut</strong></span> <span class='ocrx_word' id='word_1_318' title='bbox 929 3875 1065 3949; x_wconf 87' lang='lat' dir='ltr'><strong>humana,</strong></span> <span class='ocrx_word' id='word_1_319' title='bbox 1087 3872 1192 3933; x_wconf 87' lang='lat' dir='ltr'><strong>sterilis</strong></span> 
     </span>
     <span class='ocr_line' id='line_1_40' title="bbox 142 3951 1193 4051; baseline 0.005 -35"><span class='ocrx_word' id='word_1_320' title='bbox 142 3961 194 4038; x_wconf 77' lang='lat' dir='ltr'><strong>ast,</strong></span> <span class='ocrx_word' id='word_1_321' title='bbox 211 3951 314 4022; x_wconf 80' lang='lat' dir='ltr'><strong>sedeat</strong></span> <span class='ocrx_word' id='word_1_322' title='bbox 328 3956 431 4022; x_wconf 85' lang='lat' dir='ltr'><strong>eitlcax</strong></span> <span class='ocrx_word' id='word_1_323' title='bbox 446 3967 474 4022; x_wconf 85' lang='lat' dir='ltr'><strong>at</strong></span> <span class='ocrx_word' id='word_1_324' title='bbox 488 3961 705 4051; x_wconf 46' lang='lat' dir='ltr'><strong>actuosa38ane</strong></span> <span class='ocrx_word' id='word_1_325' title='bbox 720 3961 814 4038; x_wconf 89' lang='lat' dir='ltr'><strong>prima</strong></span> <span class='ocrx_word' id='word_1_326' title='bbox 827 3976 925 4024; x_wconf 87' lang='lat' dir='ltr'><strong>rerum</strong></span> <span class='ocrx_word' id='word_1_327' title='bbox 940 3959 1045 4026; x_wconf 77' lang='lat' dir='ltr'><strong>creone</strong></span> <span class='ocrx_word' id='word_1_328' title='bbox 1059 3973 1118 4023; x_wconf 80' lang='lat' dir='ltr'><strong>nun</strong></span> <span class='ocrx_word' id='word_1_329' title='bbox 1140 3955 1193 4021; x_wconf 79' lang='lat' dir='ltr'><strong>afl-</strong></span> 
     </span>
    </p>
   </div>
   <div class='ocr_carea' id='block_1_6' title="bbox 0 0 1423 4492">
    <p class='ocr_par' dir='ltr' id='par_1_9' title="bbox 0 0 1423 4492">
     <span class='ocr_line' id='line_1_41' title="bbox 0 0 1423 4492; baseline 0 0"><span class='ocrx_word' id='word_1_330' title='bbox 0 0 1423 4492; x_wconf 95' lang='lat' dir='ltr'><strong> </strong></span> 
     </span>
    </p>
   </div>
   <div class='ocr_carea' id='block_1_7' title="bbox 1376 3128 1391 3917">
    <p class='ocr_par' dir='ltr' id='par_1_10' title="bbox 1376 3128 1391 3917">
     <span class='ocr_line' id='line_1_42' title="bbox 1376 3128 1391 3917; baseline 0 0"><span class='ocrx_word' id='word_1_331' title='bbox 1376 3128 1391 3917; x_wconf 95' lang='lat' dir='ltr'><strong> </strong></span> 
     </span>
    </p>
   </div>
  </div>
 </body>
</html>
