2767 4492
511 367 741 416 emendatores
1128 349 1146 407 7

1 447 3 453 ’
112 461 194 520 licere
207 456 356 532 intelligat
375 471 409 516 eu
422 457 518 531 ipsum
537 455 700 515 mortalium
713 453 841 528 primum
853 465 911 510 nou
924 449 1039 526 proprio
1054 448 1148 508 smnio

112 543 246 618 acquisita
261 543 312 602 sed
338 542 433 602 diuino
450 547 565 615 accepta
581 539 720 600 beneficio
737 539 923 598 informatum
941 537 1029 594 luisse
1047 534 1148 594 latebi-

111 633 162 688 tur.
178 629 252 687 Deus
267 627 346 687 enim
361 632 405 686 est
420 627 569 702 providum
586 640 639 684 nec
654 625 691 698 ei,
708 639 794 698 quem
808 623 905 682 adulta
919 627 998 681 certa
1012 625 1104 680 aetate
1118 624 1149 679 et

110 717 253 788 tamquam
267 713 418 772 universae
437 710 628 786 generationis
646 714 795 783 parentem
814 712 842 766 et
859 708 1030 782 magistrum
1048 706 1149 766 coude-

109 796 165 870 bat,
184 802 293 858 tantum
305 797 439 857 scientiae
456 802 516 854 tum
528 794 720 870 speculatiuae
736 798 797 852 tum
819 794 962 867 practicae
981 807 1086 866 negare
1099 807 1149 866 po

110 882 170 955 tuit,
188 887 326 956 quantum
340 897 399 942 non
414 881 545 940 modoad
562 879 686 938 hominis
700 878 903 952 perfectionem
918 893 952 936 ac
966 893 997 937 se
1012 877 1150 936 tuendum

109 966 361 1041 dirigendumque,
379 967 428 1025 sed
450 965 536 1024 etiam
556 963 592 1023 ad
611 963 778 1038 progeniem
794 962 944 1036 disciplina
963 961 1151 1020 imbuendam

110 1065 225 1109 neeesse
241 1057 310 1110 erat.
326 1051 401 1118 Quae
416 1050 557 1110 sententia
571 1049 735 1108 iudeetiam
746 1052 831 1122 patet,
842 1047 953 1121 quodsi
964 1047 999 1105 ad
1015 1045 1152 1119 antiquie

66 1210 70 1216 .
110 1134 197 1193 simas
211 1141 316 1196 aetates
329 1136 525 1210 regrediamur
540 1135 632 1208 (quae,
644 1137 742 1207 utpote
755 1147 854 1191 rerum
863 1131 1026 1206 primordiis
1036 1129 1150 1206 propin·

110 1218 231 1294 quiores,
244 1221 412 1280 earumdem
427 1221 560 1294 aperiunt
575 1217 725 1292 originem)
740 1217 1059 1292 philosophiaprimitus
1073 1216 1151 1274 theo

110 1301 199 1375 legiae
214 1303 342 1378 implexa
355 1320 423 1364 cum
437 1304 499 1377 ipso
514 1303 640 1360 humano
655 1317 760 1374 genere
778 1302 952 1360 succrevisse
968 1301 1149 1376 conspicitur.

111 1387 260 1448 orientalis
273 1388 353 1446 enim
369 1387 509 1460 sapientia
523 1385 602 1444 omni
616 1385 736 1442 historia
751 1384 894 1458 antiquior
908 1391 959 1443 est.
977 1384 1091 1442 Graecia
1104 1399 1153 1442 ue

108 1486 141 1529 ro
156 1471 193 1529 ab
208 1471 323 1530 Oriente
336 1469 434 1528 hausit
447 1469 607 1543 scientiam;
625 1484 661 1528 ea
672 1483 730 1542 qua
739 1468 842 1527 deinde
856 1469 983 1528 Romana
995 1474 1024 1527 et
1035 1468 1154 1526 blesan-

110 1553 195 1612 driua
205 1554 371 1613 dimanavit.

144 1637 320 1698 Incunabula
334 1639 423 1714 igitur
438 1638 638 1714 philosophiae
652 1638 683 1697 in
700 1637 812 1698 Oriente
825 1639 951 1710 luerunt,
969 1653 1053 1714 quem
1067 1635 1155 1712 prisci

111 1723 252 1798 sapientes
267 1739 380 1799 semper
396 1737 427 1784 ut
440 1725 610 1805 magistrum
631 1741 795 1800 suspexere,
814 1730 898 1800 atque
912 1725 990 1798 illuc,
1004 1723 1154 1786 erudiendi

111 1807 220 1881 gratia,
246 1824 331 1883 saepe
348 1809 448 1884 longas
462 1811 707 1885 peregrinationes
725 1811 852 1884 aggressi
870 1815 945 1870 sunt.
964 1811 1067 1870 Earum
1086 1825 1154 1885 gen·

111 1893 182 1951 tium
197 1893 339 1970 Sinenses,
357 1896 473 1971 Assyrii,
489 1897 618 1972 Aegyptii
632 1897 812 1972 potissimum
826 1897 1035 1970 praestiterunt,
1052 1902 1080 1956 et
1093 1911 1154 1954 ma-

111 1975 188 2036 xime
203 1979 274 2052 Indi,
291 1981 367 2056 apud
382 1996 454 2055 quos
469 1982 624 2056 speculatio
633 1988 739 2040 'omnes
751 1981 810 2040 fere
825 1981 932 2041 iormas
946 1981 1052 2055 induit,
1069 1986 1098 2040 et
1111 1981 1154 2040 in-

110 2076 231 2120 numera
245 2066 376 2137 procudit
391 2071 545 2142 systemata
561 2068 585 2125 l.

146 2145 309 2222 sapientum
324 2149 511 2210 vetustissimi
525 2151 665 2211 memoria
678 2151 830 2225 praecipue
847 2149 1026 2210 celebrantur
1045 2167 1061 2209 e
1076 2148 1155 2208 Chal·

110 2229 189 2288 dacis
210 2231 296 2318 (quos
316 2234 423 2293 Tullius
437 2234 684 2308 antiquissimum
702 2235 857 2294 doctorum
870 2251 961 2309 pertus
977 2235 1104 2310 appellat
1119 2235 1155 2307 2)

109 2321 245 2394 Berosus,
261 2335 300 2378 ex
313 2319 455 2392 hegpptiis
471 2319 682 2393 trismegistum
700 2321 776 2394 apud
790 2320 888 2378 Persas
903 2321 1061 2392 Zoroaster3
1080 2317 1156 2393 apud

109 2405 194 2465 Indos
209 2405 300 2479 llpasa
313 2409 342 2462 et
356 2403 476 2477 buddas,
496 2405 571 2478 apud
588 2405 719 2464 Sinenses
732 2405 862 2463 Laotseu
871 2409 900 2463 et
914 2404 1074 2476 Coniucius,
1087 2404 1156 2461 Sau-

110 2489 263 2548 choniatcn
274 2487 449 2561 Phoenicius,
466 2489 607 2548 zamolris
619 2496 647 2548 et
660 2488 830 2548 Anacharsis
841 2489 970 2563 Scythae,
988 2488 1093 2561 aliique
1107 2501 1157 2562 pe-

110 2589 163 2634 nes
178 2573 247 2632 alias
262 2578 359 2646 gentes
375 2589 432 2632 non
447 2575 541 2647 pauci.

147 2658 173 2717 6.
189 2659 264 2717 inter
280 2658 435 2717 orientales
450 2659 580 2718 nationes
595 2659 687 2719 omitti
702 2675 759 2718 non
774 2655 1060 2720 debetllebraeorum
1074 2673 1154 2734 gens,

111 2758 184 2818 quae
205 2748 302 2816 utpote
321 2749 507 2817 paternarum
528 2745 713 2804 traditionum
731 2745 938 2805 studiosissima
961 2751 990 2804 et
1008 2759 1155 2804 sacrorum
1192 2777 1196 2783 ·

109 2827 264 2886 bibliorum
273 2833 373 2887 ornata
384 2828 531 2901 institutis,
544 2844 612 2904 prae
622 2829 740 2903 reliquis
753 2830 865 2903 populis
875 2829 1033 2890 abundauit
1043 2829 1156 2902 sapien-

111 2913 160 2971 tia.
176 2913 231 2973 Nec
246 2929 314 2973 vero
336 2913 495 2972 audiendus
510 2918 553 2971 est
567 2913 709 2983 Bructer,
730 2916 779 2984 qui
794 2915 907 2985 proprie
928 2911 1111 2985 philosophos
1125 2911 1157 2969 in

110 3011 145 3056 ea
160 2997 289 3055 extitisse
303 3001 399 3068 negat,
415 2997 470 3054 etsi
483 2997 639 3069 permultos
656 3007 725 3051 vere
738 3008 857 3064 magnos
871 3001 899 3054 et
913 2993 1092 3052 doctissimos
1110 3008 1158 3066 po

109 3079 265 3152 liticaeque
274 3079 443 3152 prudentiae
452 3079 578 3136 eruditos
593 3076 722 3136 floruisse
731 3077 862 3138 fateatur.
876 3077 908 3138 tt
918 3093 971 3151 ego
981 3091 1049 3136 sane
1060 3077 1156 3136 nescio

108 3411 201 3452 mama,
218 3397 261 3442 duo
275 3397 395 3456 Sontabya.
412 3393 551 3459 Philosophia
565 3398 683 3444 Himeraea
701 3396 814 3444 exordium
828 3412 881 3443 auae
899 3395 1048 3457 vestigationis
1066 3394 1127 3440 ducit
1146 3410 1160 3443 a

107 3473 250 3534 revelatione,
269 3476 290 3518 at
304 3477 398 3534 systema
413 3471 471 3533 quod
487 3471 587 3519 eiiorrnat
600 3473 724 3536 appellatur
740 3475 850 3529 Vettonia,
865 3471 928 3535 qnasi
941 3471 1092 3534 amplificatat
1101 3485 1160 3517 cora·

107 3547 173 3610 pleat·
186 3549 263 3612 Velina,
279 3545 348 3594 libros
362 3547 467 3594 nimirum
482 3547 562 3609 quibus
575 3550 729 3596 continebatur
742 3549 842 3595 doctrina
851 3563 920 3596 sacra
932 3547 1073 3610 Philosophia
1087 3552 1160 3594 aniana

107 3625 197 3682 anya
210 3623 321 3670 exorditur
332 3640 344 3670 a
359 3625 468 3686 principio
482 3624 590 3685 cogitanta
603 3641 609 3688 ;
624 3625 762 3688 philosophia
776 3628 887 3685 Seabltpa
896 3641 910 3672 a
920 3623 1103 3686 contemplatione
1116 3639 1161 3674 na·

109 3703 182 3746 turae.
199 3700 279 3746 biirnrn
294 3715 346 3746 sane
360 3705 394 3747 est
407 3701 515 3762 quomodo
530 3701 645 3748 infantiam
664 3702 808 3750 humanitatis
826 3707 961 3764 munies,
977 3716 1025 3748 eam
1038 3700 1161 3748 abundasse

104 3766 237 3840 'sapientia,
254 3777 365 3838 etprimis
381 3777 506 3826 hominibus
521 3779 650 3826 immensam
664 3779 736 3828 lucan
749 3794 874 3830 meuse
887 3778 1030 3846 reperiamus.
1047 3777 1073 3824 lt
1087 3781 1161 3841 aperte

108 3849 194 3899 Mutat
206 3867 242 3898 eoa
257 3855 295 3916 qai
310 3853 392 3916 primos
407 3853 506 3903 homines
520 3855 623 3906 barbaros
637 3855 733 3922 fingunt.

161 3925 178 3976 2
191 3929 225 3979 De
238 3929 391 3983 Divinatione
404 3944 452 3995 cap.
469 3931 493 3980 i.
