2767 4492
198 282 254 348 idi
531 273 943 344 usnmnxstoaasesotams'

198 391 242 445 ter
255 385 292 445 ab
307 382 378 460 ipsis
392 379 563 444 aduersariis
572 381 742 456 explicatur,
758 379 815 440 nisi
824 376 993 440 efficacitate
999 373 1253 438 divinaeuolunta·

202 471 247 542 tis,
264 483 398 544 quaeres
412 467 541 528 conditas
559 467 675 527 enilrllo
689 465 828 529 evocavit:
844 464 922 525 dicit
939 471 964 522 et
973 464 1055 536 foetu
1067 470 1148 522 aaut.
1160 463 1190 523 Si
1198 463 1253 537 igi·

200 561 247 613 tur
270 552 339 628 quia
351 553 426 613 Deus
440 551 538 626 voluit,
555 567 601 612 res
622 567 638 611 e
659 551 750 612 nihilo
774 551 900 626 primum
918 548 1083 625 prosiluere
1099 549 1142 608 sic
1164 546 1252 608 etiam

200 640 268 714 quia
282 639 356 698 Deus
370 637 440 712 vult,
456 653 504 697 res
517 641 661 711 receptam
675 635 857 697 existentiam
872 633 1049 694 continuant.
1064 633 1099 692 tt
1118 633 1254 707 quemad·

198 723 317 783 modum
327 722 375 783 ille
386 727 466 782 actus
481 727 556 782 stare
571 737 629 782 nou
644 721 745 795 potuit,
761 719 912 795 quinDeus
922 718 953 778 in
963 717 1146 778 existentiam
1154 732 1253 777 rerum

197 808 338 881 indueret
355 805 396 866 ita
410 821 524 882 quoque
539 807 619 880 alter,
632 807 701 881 quia
715 821 773 865 non
786 803 892 863 minori
902 802 1032 862 efficacia
1041 802 1187 876 praeditus
1197 806 1249 874 est,

196 892 314 966 eogitari
329 891 438 966 nequit,
454 891 525 966 quin
539 891 613 950 Dens
639 891 781 950 iudtrxum
797 888 922 963 aliquem
946 892 1080 946 exerceat
1098 887 1129 945 in
1152 900 1252 946 rerum

197 983 358 1036 creatarum
372 976 612 1050 permansionem.
629 975 748 1034 Videant
760 973 847 1048 igitur
861 973 912 1046 qui
930 972 1012 1031 aliter
1026 972 1189 1046 opinantur,
1215 985 1252 1029 ne

197 1059 254 1138 sihi
269 1075 328 1119 non
343 1059 523 1120 consentiant
537 1060 616 1119 satis.

231 1145 265 1203 tt
278 1145 357 1204 enim
372 1145 435 1218 (hoo
450 1145 592 1218 siquidem
606 1143 682 1203 dicet
696 1141 808 1217 adonis)
824 1141 930 1202 idcirco
946 1141 1019 1200 Deus
1034 1145 1102 1199 actu
1120 1155 1190 1200 suae
1203 1155 1251 1200 to

195 1229 323 1302 lunatis,
339 1245 406 1288 cnm
421 1231 546 1304 primum
560 1244 605 1288 res
620 1227 755 1299 condidit,
767 1233 920 1286 externum
935 1225 1080 1285 intluxum
1109 1224 1248 1298 exercuit

199 1315 267 1388 quia
281 1329 377 1374 rerum
392 1314 543 1373 existentia
553 1313 660 1387 aliquid
676 1312 752 1371 reale
761 1319 823 1370 erat
837 1320 866 1370 et
879 1326 995 1383 notum,
1010 1309 1087 1385 quod
1097 1314 1174 1369 certe
1186 1307 1251 1383 pro

200 1397 266 1456 duci
281 1399 436 1472 oportebat.
454 1399 485 1456 ln
500 1397 714 1456 conservatione
738 1403 834 1455 autem
849 1401 964 1454 nonest
986 1396 1035 1467 ita,
1063 1393 1169 1468 quippe
1185 1408 1251 1453 cum

199 1497 237 1540 ex
248 1498 281 1540 ea
294 1481 366 1541 nihil
381 1482 447 1541 novi
462 1481 548 1541 rebus
564 1481 622 1540 iam
637 1482 741 1540 creatis
755 1481 936 1554 adiungatur.

235 1567 339 1626 Verum
356 1573 466 1626 tantum
482 1566 575 1638 abest,
588 1572 620 1624 ut
634 1565 662 1624 id
679 1564 849 1640 prolatuma
865 1564 946 1624 nobis
959 1570 1161 1638 argumentum
1175 1564 1250 1623 iran-

196 1655 244 1722 gat
258 1650 303 1709 vel
318 1649 463 1724 debilitet,
481 1656 512 1709 ut
526 1649 639 1708 roboret
654 1651 755 1724 magis.
779 1650 891 1708 Etenim
913 1650 1082 1709 existentiae
1103 1649 1249 1707 continua·

202 1736 257 1808 tio,
275 1736 413 1810 quidquid
429 1735 478 1807 sit,
498 1743 573 1794 certe
588 1733 695 1808 aliquid
710 1735 787 1793 reale
802 1740 853 1806 est,
871 1735 947 1805 quod
960 1734 1142 1793 existentiam
1156 1733 1250 1808 ipsam

202 1818 290 1878 veluti
304 1819 432 1878 extendit
447 1825 475 1878 et
489 1824 582 1894 auget.
600 1818 665 1878 Plus
680 1819 758 1877 enim
773 1819 897 1893 prolecto
912 1818 1000 1877 estin
1015 1824 1145 1892 suscepta
1158 1815 1252 1876 semel

203 1903 356 1962 existentia
370 1918 571 1976 perseverare,
588 1919 675 1978 quam
690 1905 740 1963 illa
755 1903 792 1962 ad
808 1903 943 1978 temporis
956 1907 1094 1978 punctum
1107 1900 1175 1960 inti.
1196 1900 1252 1960 Per

195 2002 270 2068 eam
283 1987 371 2060 igitur
385 1986 493 2062 aliquid
508 1987 575 2048 novi
590 1988 704 2047 addittu
719 1988 876 2061 creaturis,
893 1987 969 2062 quod
983 1995 1060 2047 certe
1074 2001 1141 2045 cum
1154 1985 1250 2059 prima

204 2085 304 2130 earum
319 2071 461 2131 creatione
476 2071 612 2132 conlundi
626 2088 685 2132 non
702 2071 796 2132 debet.
818 2071 929 2146 Optime
948 2072 1027 2131 enim
1046 2077 1121 2130 stare
1140 2075 1252 2145 poterat

204 2161 232 2214 ct
247 2155 365 2230 cogitari
379 2156 493 2229 creatio,
509 2156 621 2216 etiamsi
635 2157 715 2216 nulla
724 2158 841 2232 posthac
851 2163 1017 2232 sequoretur
1028 2172 1126 2216 rerum
1139 2159 1251 2215 creata-

201 2255 268 2300 rum
282 2240 453 2314 permansio.
471 2241 548 2300 Hunc
562 2241 649 2316 igitur
663 2242 695 2301 in
707 2243 794 2302 rebus
808 2243 931 2301 conditis
941 2241 1059 2316 produci
1074 2244 1193 2315 oportet,
1211 2245 1252 2298 at·

202 2340 258 2398 que
272 2331 422 2401 propterea
435 2326 573 2400 positivus
588 2332 616 2386 et
630 2331 768 2388 externus
781 2327 832 2386 Dei
845 2319 983 2400 intluxus,
995 2325 1046 2400 qui
1060 2341 1124 2385 eam
1139 2325 1249 2400 gignat,

204 2409 338 2483 origitur.

166 2549 171 2558 .
238 2493 386 2555 Praeterea
399 2495 455 2555 nisi
470 2495 599 2555 voluutas
613 2494 664 2554 liei
680 2500 831 2555 externum
850 2496 976 2570 aliquem
996 2499 1025 2554 et
1038 2495 1194 2569 positivum
1207 2495 1253 2554 in-

201 2579 315 2639 iluxum
329 2580 360 2640 iu
374 2595 471 2641 rerum
486 2581 732 2641 conseruationem
745 2587 902 2654 exerceret,
916 2582 972 2640 duo
982 2581 1112 2639 maxima
1127 2579 1253 2641 offende-

200 2671 300 2724 rentur
325 2664 458 2725 absurdo.
486 2667 631 2739 Primum,
649 2665 724 2740 quod
748 2681 794 2724 res
814 2666 943 2725 conditae
964 2671 1090 2739 perstare
1113 2670 1251 2739 possent,

201 2749 314 2808 etiamsi
323 2750 420 2810 diviua
430 2751 561 2810 uoluntas
572 2757 797 2810 commutaretur
807 2751 943 2825 fieretque
954 2749 1106 2822 contraria3
1118 2749 1251 2822 alterum,

201 2835 276 2906 qttod
291 2848 375 2893 secus
389 2841 513 2909 potestas
528 2835 559 2894 in
569 2836 625 2896 Deo
640 2837 788 2911 redigendi
805 2837 835 2895 in
850 2837 974 2894 nihilum
985 2851 1030 2894 res
1040 2841 1151 2893 creatas
1163 2831 1253 2907 expli-

203 2919 262 2976 cari
277 2918 396 2977 minimo
411 2926 515 2994 posset.
538 2920 571 2978 Et
585 2937 654 2980 sane
668 2922 692 2982 si
711 2921 844 2981 voluntas
858 2921 908 2979 liei
923 2926 1042 2979 externo
1058 2919 1155 2993 aliquo
1168 2917 1254 2977 indu·

202 3015 244 3058 xu
259 3001 437 3062 durationem
456 3005 487 3063 in
508 3005 593 3064 rebus
616 3007 719 3066 creatis
740 3022 797 3064 non
822 3005 968 3079 producit,
991 3004 1134 3079 proiecto,
1151 3003 1250 3061 adres

202 3084 279 3160 ipsas
298 3086 426 3147 conditas
440 3090 515 3162 quod
529 3090 638 3164 attinet,
651 3091 722 3149 nihil
738 3092 856 3149 interest
869 3096 966 3148 utrum
981 3089 1111 3148 voluutas
1125 3088 1175 3146 illa
1189 3102 1250 3145 ces

203 3176 246 3229 set
259 3175 442 3246 mutaturque
456 3173 487 3233 in
502 3175 674 3233 contrariam
688 3190 789 3233 necne.
802 3175 952 3234 llutatione
963 3174 1041 3232 enim
1051 3173 1095 3231 vel
1110 3171 1249 3230 desitione

202 3255 356 3316 voluntatis
371 3263 517 3333 externae,
533 3275 607 3333 quae
621 3259 728 3319 iurem
743 3274 801 3318 non
815 3259 919 3332 influit,
935 3258 1059 3332 resipsa
1073 3271 1128 3315 neo
1142 3254 1248 3313 desinit

203 3354 256 3400 nec
270 3346 406 3401 mutatur.

238 3425 369 3486 instabis:
385 3426 415 3486 id
429 3426 549 3486 minime
567 3425 658 3502 sequi.
680 3429 752 3489 llam
771 3429 796 3488 si
811 3428 886 3487 Deus
905 3442 952 3487 res
971 3427 1099 3487 conditas
1118 3425 1250 3485 desinere

202 3510 317 3586 mallet,
333 3513 467 3571 continuo
482 3529 519 3571 ex
534 3513 589 3572 hac
602 3513 747 3574 voluntate
766 3515 803 3572 ad
824 3513 965 3573 audonem
984 3513 1111 3586 aliquam
1126 3509 1250 3569 adduce

204 3598 293 3668 retur,
310 3611 366 3669 qua
380 3613 426 3658 res
441 3613 489 3656 eas
502 3613 617 3674 priorsus
631 3605 779 3659 everteret.

239 3678 322 3754 Resp.
340 3681 473 3749 Quamvis
486 3684 516 3742 id
530 3683 695 3757 larffl'amur,
707 3691 804 3743 tamen
818 3697 878 3742 non
891 3680 960 3744 inde
969 3681 1125 3757 impeditur
1139 3677 1253 3754 quomi-

202 3777 260 3822 nus
274 3763 299 3822 si
313 3763 343 3822 in
358 3767 507 3839 cogitanda
521 3767 670 3826 dumtaxat
684 3767 783 3826 divim
797 3769 941 3828 voluntate
956 3781 1121 3840 moremur,
1137 3761 1254 3836 concipi

202 3845 277 3908 Deus
290 3849 381 3923 possit
393 3865 491 3910 rerum
510 3851 687 3914 cannarum
705 3854 936 3927 permansionem
954 3853 1049 3928 nolle,
1066 3851 1137 3930 quin
1152 3855 1252 3912 amen
