2767 4492
654 300 814 351 minutium-i

543 474 708 534 Solvuntur
726 446 919 550 difficultates

251 643 338 703 Obiir.
357 660 392 704 io
408 642 563 705 llousacni'i.
580 645 601 705 l.
618 646 652 705 Ut
667 651 759 705 statiis
772 646 911 706 naturalis
928 646 1050 707 bominis
1065 646 1257 723 dignoscatur,

214 728 309 803 ipsum
324 746 430 790 enuere
448 737 558 804 oportet
575 731 709 789 omnibus
730 733 813 790 donis
828 733 1018 805 superadditis
1032 738 1060 790 et
1077 733 1260 792 facultatibus

216 822 275 873 arte
291 816 449 888 explicatis,
467 817 516 874 llis
527 822 622 874 antem
638 816 769 889 demptis
791 816 878 875 bomo
894 816 1032 875 siluestris
1046 818 1163 875 omnino
1178 834 1211 875 ac
1222 834 1263 876 se-

215 914 286 972 grex
299 907 424 974 apparet,
437 916 489 958 nec
500 900 558 959 nisi
569 900 750 959 sensionibus
762 906 872 959 tantuin
882 902 1049 959 instructus.
1062 902 1094 959 ll.
1108 901 1190 959 ideae
1202 904 1263 960 iini·

215 983 338 1043 ieisales
353 1001 406 1058 ope
416 986 555 1044 sermonis
565 985 762 1059 acquirantur.
780 987 812 1043 iit
823 1001 916 1044 sermo
929 986 1036 1044 bomini
1050 986 1188 1044 naturalis
1203 1003 1262 1046 non

215 1070 306 1127 estin
318 1077 392 1129 statu
404 1071 490 1142 igitur
500 1071 622 1129 naturali
637 1070 720 1128 bomo
732 1077 810 1129 caret
819 1070 890 1129 ideis
901 1070 1120 1145 uniuersalibus.
1131 1072 1174 1129 lll.
1185 1072 1262 1130 bliilti

215 1154 320 1226 reperti
335 1162 401 1213 sunt
416 1156 545 1215 bomincs
559 1156 589 1213 in
606 1156 735 1213 Amerina
751 1161 779 1213 et
794 1155 886 1213 ltlricii
906 1171 939 1214 ac
958 1155 1026 1213 locis
1045 1156 1108 1229 polo
1123 1157 1263 1229 proximis

215 1237 374 1297 belluarum
390 1255 469 1299 moie
484 1240 627 1312 uiuentes,
645 1240 707 1298 sino
722 1239 876 1313 religione,
894 1240 954 1299 sine
970 1240 1089 1313 legibue,
1106 1241 1168 1300 sinc
1180 1243 1264 1301 inori-

214 1322 284 1395 bus3
301 1324 459 1404 cuiusmodi
475 1332 541 1383 sunt
552 1326 704 1396 Hiirrones,
721 1324 900 1399 Hutenioiu,
918 1326 1048 1398 Lapoiiii,
1059 1326 1174 1398 aliique.
1186 1328 1220 1384 lit
1234 1326 1263 1384 bi

216 1408 245 1463 in
262 1415 338 1465 statu
350 1411 473 1468 naturali
483 1410 647 1468 manebant.
665 1410 736 1483 Ergo
748 1410 874 1468 conditio
887 1402 1025 1468 naturalis
1040 1410 1165 1468 bominis
1179 1412 1264 1471 abel·

216 1491 271 1550 luis
286 1494 404 1553 niinime
420 1495 523 1553 ditiori.

177 1582 183 1589 '
251 1578 333 1652 llesp.
352 1581 381 1637 ln
399 1580 500 1653 primis
517 1580 620 1639 laisum
640 1587 686 1641 est
710 1580 874 1641 exuendum
890 1596 951 1640 esse
970 1580 1116 1640 bominem
1131 1582 1264 1641 omnibns

216 1664 440 1736 perfectionibus
455 1673 514 1724 arte
530 1667 694 1740 acquisitis,
707 1674 739 1726 ut
759 1674 849 1726 status
863 1669 941 1726 enim
956 1668 1094 1726 naturalis
1108 1669 1266 1742 depreben-

216 1749 309 1806 datur.
327 1750 354 1807 Si
365 1751 442 1807 enini
453 1751 506 1809 bae
521 1759 640 1810 natiuae
656 1754 801 1810 bumanao
813 1760 879 1811 sunt
894 1757 1099 1811 consentaneae
1115 1757 1143 1811 et
1153 1768 1190 1811 ex
1200 1769 1266 1811 evo

217 1830 324 1890 latione
340 1834 557 1907 proficiscuntur
577 1838 762 1911 pricipioium
778 1884 785 1909 ,
802 1852 874 1911 quae
890 1837 996 1895 boniini
1012 1838 1101 1894 indita
1116 1844 1199 1911 sunt;
1218 1854 1266 1896 na·

219 1918 338 1975 turalom
353 1920 448 1993 potins
462 1923 524 1980 eins
539 1927 644 1980 statum
659 1924 846 1981 constituunt.
865 1923 959 1981 Status
977 1922 1053 1981 enim
1070 1922 1208 1985 naturalis
1219 1922 1266 1980 ille

217 2008 269 2074 est,
287 2004 334 2077 qui
350 2006 525 2079 aprincipiis
540 2016 663 2067 naturae
673 2009 815 2082 procedit,
833 2013 861 2065 et
873 2008 907 2065 ad
921 2022 1006 2079 quem
1021 2023 1066 2064 res
1081 2007 1173 2065 omnis
1189 2022 1267 2065 ana-

157 2102 161 2109 ·
218 2094 282 2147 tuin
296 2090 465 2162 dirigituiet
475 2101 663 2165 promouetur.
680 2093 786 2151 Deinde
801 2092 911 2150 etiamsi
925 2092 969 2149 liis
979 2092 1063 2150 bomo
1075 2092 1265 2150 abstractione

218 2178 348 2246 exuatur,
367 2182 533 2236 nontamen
551 2180 614 2235 talis
636 2184 774 2251 superest,
793 2176 906 2251 qualem
922 2176 1064 2235 lloiisseau
1076 2176 1267 2235 comminisci·

219 2263 273 2314 tur.
290 2259 348 2316 Non
369 2260 446 2319 enim
471 2262 531 2321 sola
552 2262 740 2321 sensibilitate
764 2268 880 2319 ornatus
898 2261 1074 2334 persisteret,
1093 2262 1142 2319 scil
1157 2262 1267 2320 rationo

218 2342 302 2399 etiam
320 2342 520 2418 instrueretur,
546 2364 619 2420 ipine
642 2346 801 2404 essentialis
819 2344 927 2403 bomini
951 2350 1009 2417 est3
1028 2352 1086 2403 tuni
1112 2346 1268 2404 domestica

219 2426 352 2485 societate
367 2431 569 2503 contineretur,
592 2432 620 2490 in
643 2448 699 2505 qna
715 2432 831 2489 omnino
846 2430 925 2487 nasci
941 2430 1047 2501 debirit,
1061 2436 1088 2487 et
1103 2431 1138 2487 ad
1153 2430 1269 2489 civilem

219 2510 425 2571 ellormandam
436 2516 588 2586 tenderet,
605 2516 640 2573 ad
657 2532 742 2589 qnam
754 2516 780 2573 ui
797 2521 915 2572 naturae
931 2514 1074 2572 incitatur.
1091 2514 1129 2571 nd
1144 2516 1268 2572 alterum

218 2609 301 2667 iera,
323 2599 398 2671 quod
423 2599 514 2671 addit,
540 2600 705 2672 reponimus
724 2607 876 2671 utriunque
897 2598 1044 2655 ai'eiitate
1064 2597 1200 2655 delicere:
1223 2599 1268 2657 ui·

219 2680 325 2739 nitrum
342 2684 420 2741 ideas
438 2685 586 2756 generales
603 2701 620 2741 a
635 2700 764 2742 sermone
780 2686 916 2757 pendere,
934 2690 961 2739 et
977 2698 1136 2740 sermonem
1157 2682 1269 2742 bomini

219 2766 378 2823 naturalem
401 2784 458 2825 non
474 2785 545 2826 esse.
573 2769 702 2826 ldeainm
719 2768 795 2826 enini
811 2768 1011 2827 universalitas
1031 2783 1086 2825 non
1102 2782 1119 2824 a
1133 2766 1266 2840 vocibus,

220 2862 292 2921 quae
313 2852 392 2910 ideas
413 2853 666 2927 subaudiunt,sed
682 2868 716 2910 ex
733 2852 922 2910 abstractione
936 2852 1040 2922 oritur,
1059 2868 1130 2934 quae
1146 2852 1269 2910 incultas

220 2936 256 2992 nd
280 2936 501 3009 intelligentiam
517 2938 639 3010 pertinet
653 2943 681 2996 et
696 2954 751 2996 non
770 2937 909 3011 loquelam
930 2938 978 2993 scd
994 2936 1097 2995 obiecti
1112 2928 1269 3010 perceptio·

220 3035 287 3091 nem
302 3021 432 3078 includit.
451 3022 661 3081 sermocinatio
677 3030 772 3081 autem
787 3038 857 3095 opus
872 3028 990 3079 naturae
1005 3028 1060 3093 est,
1078 3036 1150 3094 quac
1160 3036 1270 3092 oritana

220 3106 253 3161 ad
271 3106 438 3163 articulatas
449 3121 532 3164 i'oces
547 3108 672 3165 edendas
682 3108 764 3165 nobis
779 3108 979 3177 consarcinavit,
992 3112 1019 3164 et
1032 3108 1091 3163 iim
1108 3106 1185 3164 ideas
1201 3122 1269 3164 euin

220 3190 309 3262 signis
319 3192 477 3250 associandi
487 3193 634 3251 concessit.
645 3193 740 3260 Quoad
752 3192 862 3251 tertiani
873 3191 1060 3249 abiectionem
1070 3206 1154 3249 nemo
1165 3192 1270 3265 estqui

220 3274 330 3344 ienoict
341 3274 368 3332 in
382 3278 521 3349 praesenti
533 3278 666 3335 bistoriae
678 3278 739 3335 luco
750 3276 952 3337 ltoiisscaiium
965 3278 992 3333 iii
1006 3275 1192 3334 describenda
1202 3290 1270 3335 con·

221 3359 327 3417 ditione
345 3376 442 3418 earnm
459 3363 587 3434 gentiunt
599 3364 683 3436 plane
699 3363 850 3420 mentitum
865 3377 936 3436 esse.
950 3360 1007 3418 bist
1022 3361 1099 3419 enini
1110 3359 1175 3418 illae
1186 3362 1270 3420 valdo

220 3444 351 3503 baibmis
361 3448 490 3505 moribus
500 3455 660 3520 uterentui3
672 3448 749 3506 baud
764 3454 857 3505 tamen
869 3464 902 3505 ea
913 3448 1076 3521 stupiditate
1088 3446 1267 3521 laborabant,
1363 3470 1370 3493 ⁴

221 3546 308 3602 uuam
323 3532 360 3589 iis
376 3532 429 3590 iste
445 3532 586 3590 fabulator
601 3534 740 3606 appinxit.
753 3535 821 3591 Nam
838 3532 956 3591 rationis
972 3549 1024 3591 usn
1038 3533 1216 3603 fruebantur,
1236 3550 1270 3591 ao

221 3616 270 3674 liei
283 3617 411 3690 legisque
422 3624 540 3676 naturae
550 3617 705 3690 notionem,
717 3625 873 3693 utcumque
884 3618 1065 3690 depravatam
1082 3623 1111 3675 et
1123 3617 1272 3677 erionbus

220 3701 387 3773 implexam,
400 3702 527 3775 aliquam
544 3708 639 3759 tamen
654 3703 838 3775 possidebant
852 3710 880 3761 et
890 3702 1029 3760 consortio
1044 3716 1101 3759 non
1115 3702 1208 3760 solum
1219 3703 1271 3761 do·

221 3785 339 3842 niestico
350 3786 400 3843 sed
414 3787 500 3843 eliani
512 3788 712 3859 quadantenus
723 3788 801 3847 ciuili
812 3788 974 3846 utebantur.
991 3786 1119 3845 Ceterum
1129 3784 1271 3860 quidquid

222 3866 260 3925 sit
276 3866 311 3922 de
324 3869 438 3928 miseris
451 3870 592 3931 eiusmodi
607 3872 785 3947 nationibus,
805 3872 982 3947 probandum
1004 3878 1079 3933 esset
1092 3872 1269 3935 Rousseavio
