2767 4492
187 479 526 596 ELEMENTA
558 476 730 589 lURIS
761 478 1061 592 NATURAE

486 803 758 826 m

408 1455 412 1465 ‚
517 1328 673 1418 umus
700 1325 736 1415 Ι.

309 1665 312 1672 .
401 1609 481 1670 ills
511 1609 857 1670 illnlvlnunuc

568 1883 695 1916 101,-

142 2606 281 2680 Ouonium
295 2608 343 2669 ius
358 2623 408 2685 pro
425 2605 502 2668 iusto
517 2611 665 2683 nocentum
683 2605 714 2668 in
729 2605 908 2680 lucullolem,
924 2619 998 2681 nuos
1012 2606 1152 2680 pressiore

105 2697 264 2770 signiliculu
279 2696 328 2754 ius
342 2695 510 2770 annullatur,
522 2693 793 2769 elobblioalioocm,
810 2709 884 2768 quse
899 2691 1149 2766 officiosissimum,

105 2781 370 2854 recludispescilur,
389 2787 474 2854 sique
493 2795 592 2840 corum
608 2779 730 2838 silerum
745 2780 863 2838 oilerius
877 2775 1077 2836 comclullrum
1090 2781 1149 2848 est3

104 2867 336 2940 optimepossenl
348 2881 397 2936 nro
412 2865 501 2923 lubitu
522 2864 784 2922 ulterulronumine
795 2859 914 2920 inscribi
925 2859 1150 2934 singulamilia,

105 2949 210 3026 quibus
231 2949 335 3006 librum
358 2949 435 3006 hunc
460 2946 738 3021 comprehendimus.
759 2946 915 3021 Uirumque
932 2945 1061 3005 enimsi
1075 2959 1153 3004 eam·

105 3035 171 3094 uem
184 3032 374 3104 cognitionem
389 3032 419 3089 in
442 3037 538 3090 mente
551 3031 725 3105 gignendum
740 3030 839 3106 pollet3
856 3045 923 3090 num
942 3029 1109 3090 correlativo
1123 3044 1155 3089 sc

103 3122 203 3176 mutuo
219 3115 392 3174 collustrent.
410 3115 598 3176 Nihilominus
616 3115 704 3174 oillcii
722 3131 829 3176 nomen
845 3124 874 3176 cl
888 3121 1058 3190 conceptum
1073 3129 1155 3188 pros·

104 3202 236 3273 ierimus3
255 3206 314 3259 lum
332 3201 409 3274 quio,
431 3205 462 3260 ul
477 3199 597 3260 iniurius
612 3201 757 3275 dicemus,
779 3201 879 3261 ordine
893 3206 1013 3269 naturus
1027 3199 1107 3274 prius
1122 3198 1156 3258 in
1265 3231 1268 3236 -

104 3285 222 3346 homino
237 3285 356 3360 pullulat
377 3285 520 3361 officium,
541 3297 628 3362 quum
643 3285 709 3361 ius;
729 3293 789 3346 lum
808 3287 894 3347 sliam
908 3286 977 3361 quia
990 3285 1099 3344 bonum
1113 3291 1159 3344 est

105 3387 160 3430 usn
175 3370 237 3446 iuso
247 3371 365 3429 vilinssc
375 3371 573 3432 consuetudini
582 3372 786 3447 commulcens,
804 3387 860 3447 quo
869 3367 976 3430 lunaris
984 3369 1083 3430 buccis
1092 3369 1158 3428 iurs

1 3453 3 3470 '
105 3457 232 3517 hominis
255 3457 358 3531 iugiter
381 3459 595 3534 praedicuntur,
613 3459 649 3518 dc
665 3458 769 3519 ciliciis
784 3475 868 3533 vero,
889 3472 963 3532 quse
981 3455 1039 3516 illis
1058 3455 1158 3514 lundu-

104 3549 234 3602 msnlum
249 3541 444 3616 suppeditant,
462 3559 498 3602 nc
516 3545 636 3604 verbum
647 3545 764 3619 quidem
785 3544 917 3604 honour,
934 3543 1031 3614 lucus
1047 3555 1098 3615 oro
1109 3540 1158 3599 tri·

103 3625 171 3702 plici
187 3635 326 3702 respectu,
344 3643 399 3702 quo
414 3627 594 3688 individuum
609 3630 730 3705 quodvis
744 3631 906 3690 humanum
921 3624 1096 3686 considerari
1109 3639 1158 3699 po-

106 3717 178 3778 lest,
195 3713 311 3772 diversa
324 3711 449 3771 lromiuis
464 3712 560 3772 oillciu
575 3713 636 3772 sivo
650 3729 720 3788 erga
734 3714 843 3786 Deum,
860 3712 921 3772 sirs
936 3725 1004 3785 crgo
1018 3709 1157 3785 scipsum,

105 3796 166 3855 sivo
182 3813 249 3870 eigs
266 3797 336 3856 ulios
352 3797 490 3872 hominos,
510 3797 758 3874 incussionibus
778 3796 1033 3874 porroruublmur.
1051 3794 1160 3864 Quibus

105 3886 191 3956 copul
202 3883 418 3958 praemunimus,
432 3882 644 3959 quonolionem
655 3885 727 3946 iuris
737 3883 879 3965 sicilici,
891 3877 1159 3966 prculpcllesiuul

104 3965 298 4042 constituunt,
315 3967 667 4038 brevitcrillustrolrimus
765 3961 769 3974 '
