2767 4492
399 274 835 340 rassmrmassrsrcnonocm
1088 281 1139 346 133

97 378 167 436 dum
181 377 286 434 moret.
307 372 455 434 obiectum
470 379 565 434 autem
579 389 637 433 nou
646 375 733 435 *aliter
747 381 855 452 emtat,
871 379 930 439 nisi
948 382 981 439 ut
994 379 1138 456 siugrlare

96 467 125 520 et
138 464 310 531 concretum,
327 475 380 518 uec
396 459 463 532 nisi,
480 465 620 532 quatenus
635 459 691 519 tale
713 466 763 534 est,
780 465 950 537 cogitantem
969 481 1065 539 perse
1084 467 1138 526 im·

94 547 185 620 pellit.
201 545 309 604 Primus
325 545 410 618 igitur
425 547 504 602 actus
518 545 696 617 cognitionis,
713 546 774 603 sive
787 547 912 607 directae
926 550 987 608 sive
1001 550 1135 624 rellcxae,

94 630 238 688 obiectum
252 634 416 688 concretum
434 632 462 686 et
476 629 656 702 complexum
671 629 793 702 satage.
809 631 840 688 ld
857 635 966 690 mutum
989 634 1070 693 docet
1089 651 1137 694 ex·

94 715 234 789 perieulia
257 714 378 772 etratio.
400 713 503 772 Verrem
527 714 598 772 haec
620 713 783 776 adversario
801 713 843 771 nil
860 715 1060 789 suffragantur.
1076 721 1137 779 Non

15 843 16 872 ,
94 800 173 857 enim
187 799 222 856 de
237 797 335 856 ordine
345 796 514 870 cognitionis
521 799 678 871 generatim
687 802 818 870 sumptae
828 797 876 856 hic
887 799 1030 872 loquimur
1041 803 1139 875 (quem

15 875 16 886 ’
92 883 249 942 iatemma
267 882 406 940 concretis
426 881 576 941 exordium
590 883 725 955 sumeret
742 881 792 941 sed
806 880 950 955 loquimur
967 883 1003 941 de
1018 885 1076 944 solo
1095 902 1137 945 or·

93 967 161 1025 dine
176 967 345 1040 cognitionis
358 965 499 1025 mentalis.
516 967 642 1025 lamvero
657 967 688 1025 in
702 967 756 1025 boc
771 967 871 1024 ordine
882 967 918 1024 ab
927 967 1137 1029 universalibus

92 1057 120 1111 et
135 1051 285 1110 abstractis
307 1051 420 1110 animus
434 1051 542 1125 incipit,
560 1051 802 1125 quemadmodum
817 1051 848 1108 iu
860 1052 1041 1125 praecedenti
1055 1067 1137 1127 para·

89 1135 200 1209 grapho
214 1135 430 1209 explicavimus.
448 1135 526 1203 Ouod
540 1151 598 1208 qua
621 1136 732 1193 ratione
746 1135 905 1208 contingat,
922 1150 975 1194 suo
985 1137 1048 1196 loco
1061 1138 1137 1196 dice·

89 1234 166 1294 mus3
183 1235 249 1278 cum
264 1221 299 1278 de
323 1220 432 1293 origine
457 1221 589 1278 idearum
616 1219 797 1278 tractandum
818 1219 880 1277 erit.
897 1219 978 1279 Falsa
992 1225 1035 1279 est
1051 1221 1138 1295 igitur

87 1304 174 1374 ratio,
190 1317 277 1374 quam
292 1303 394 1360 Gousin
413 1303 537 1360 secundo
553 1301 613 1360 loco
628 1303 785 1376 proposuit.
903 1309 906 1314 '

127 1385 192 1443 Pari
205 1385 289 1443 modo
304 1385 408 1442 laisum
422 1386 554 1458 estquod
568 1385 671 1444 obiecit
685 1386 778 1459 primo
792 1386 863 1458 loco,
880 1387 1017 1445 nimirum
1031 1388 1137 1446 iudicia

89 1469 123 1526 in
142 1468 297 1542 sententia,
314 1483 400 1542 quam
415 1469 604 1542 defendimus,
621 1470 736 1528 nonnisi
755 1470 905 1530 abstractis
920 1471 991 1529 ideis
1009 1473 1135 1530 contine·

88 1553 126 1612 ri.
145 1553 205 1620 Oua
216 1553 248 1611 in
261 1569 292 1611 re
312 1554 450 1612 memoria
468 1555 662 1632 repetendum·
675 1560 719 1613 est
735 1556 811 1627 quod
829 1556 960 1628 superius
980 1555 1135 1629 explicavi·

88 1653 157 1696 mus
173 1641 198 1711 l,
219 1643 354 1710 mentem,
383 1639 436 1696 etsi
450 1638 530 1711 prius
545 1639 706 1697 uniuersale
719 1645 752 1697 ut
765 1641 911 1713 proprium
926 1640 1069 1698 obiectum
1087 1641 1137 1699 ah·

87 1725 193 1784 strabit
207 1729 235 1783 et
249 1727 406 1794 contuetur,
423 1725 518 1780 tamen
533 1723 718 1802 conversione
725 1737 812 1796 supra
826 1728 906 1782 actus
921 1724 981 1782 sive
995 1739 1062 1783 suos
1076 1725 1137 1783 sive

88 1809 239 1868 sensilium
254 1808 423 1867 facultatum
437 1807 531 1879 ipsum
547 1806 691 1880 singulare
706 1807 863 1881 percipere.
880 1809 952 1866 ilinc
974 1809 1007 1866 ut
1025 1814 1057 1867 ut
1070 1809 1136 1867 uui·

86 1893 227 1952 versalem
240 1893 335 1951 ideam
355 1891 501 1950 individuo
518 1891 641 1950 tribuere
656 1893 754 1965 possit,
773 1892 1013 1965 quemadmodum
1028 1909 1066 1950 cx
1080 1893 1132 1951 illo

87 1976 245 2050 campeius
267 1977 454 2035 abstraxerat.
471 1976 566 2048 Nerpre
580 1975 611 2034 in
631 1975 684 2034 hoc
699 1991 825 2035 errorem
839 1977 931 2035 ullum
945 1977 1075 2048 incurrit
1093 1977 1132 2034 si·

88 2060 205 2133 quidem
228 2059 388 2118 universale
403 2059 435 2116 in
447 2059 604 2118 individuis
624 2060 720 2133 aliquo
738 2061 823 2119 modo
841 2075 942 2119 revera
958 2061 1129 2132 continetur,

86 2149 173 2217 prout
190 2143 221 2200 in
235 2143 335 2200 ultimo
349 2142 547 2216 psychologiae
562 2145 654 2216 capite
668 2143 773 2202 dicturi
787 2159 896 2203 sumus.
912 2145 1061 2203 Processus
1081 2145 1132 2216 igi-

15 2271 16 2274 ,
86 2233 135 2284 tur
148 2226 316 2298 cognitionis
330 2225 487 2297 generatim
502 2231 634 2300 acceptae
649 2226 696 2284 hic
710 2242 772 2286 esse
792 2229 913 2300 videtum
930 2229 1046 2288 initium
1068 2229 1134 2286 sita

84 2310 270 2383 perceptione
285 2309 383 2368 sensili
397 2309 576 2367 individuum
591 2311 829 2383 apprehendente.
842 2312 973 2386 Sequitur
989 2313 1133 2386 perceptio

84 2393 220 2452 mentalis
244 2393 394 2465 abstracta,
421 2409 477 2466 qua
502 2393 665 2452 universale
692 2396 860 2470 concipitur.
877 2397 947 2455 lum
961 2397 1070 2455 accedit
1085 2411 1132 2467 ap

16 2491 17 2518 l
83 2476 315 2550 prehensioitem
330 2476 461 2536 mentalis
475 2477 625 2547 individui,
644 2485 758 2554 propter
775 2480 964 2540 reflexionem
972 2478 1087 2550 mentis,
1099 2482 1132 2536 ut

84 2561 157 2632 dixi,
175 2561 205 2618 in
215 2562 360 2633 praeviam
374 2562 584 2636 perceptionem
599 2579 746 2623 sensuum.
758 2565 828 2624 Cum
838 2579 905 2622 vero
915 2567 1129 2635 neqrreatmens

84 2661 144 2704 uon
159 2647 285 2706 contueri
297 2647 328 2706 iu
341 2647 488 2706 individuo
504 2649 544 2718 (in
558 2650 634 2722 quod
649 2650 818 2722 cogitatione
842 2649 926 2721 redit)
941 2649 1035 2706 inesse
1050 2647 1131 2721 quid-

35 2777 42 2793 .
83 2729 211 2801 ditatam,
227 2745 313 2803 quam
328 2729 394 2788 inde
409 2731 580 2790 abstractam
590 2747 641 2804 per
650 2749 680 2789 se
690 2739 719 2788 et
728 2732 928 2789 universaliter
942 2731 1133 2803 contemplata

84 2817 154 2884 erat,
179 2813 302 2873 allicitur
315 2814 384 2872 hinc
406 2819 437 2871 ut
455 2814 592 2872 iudicium
619 2820 766 2883 exsurgat,
783 2829 839 2884 quo
854 2819 990 2884 concepta
1004 2829 1023 2868 a
1035 2820 1132 2871 mente

84 2897 227 2970 quidditaa
236 2897 383 2956 individuo
395 2898 545 2953 tribuatur.
558 2897 615 2966 Sic,
632 2903 664 2951 ut
674 2895 806 2967 exemplo
816 2911 878 2952 rem
888 2894 1058 2968 collustrem,
1070 2911 1132 2953 aen·

84 2997 133 3039 sus
149 2981 238 3037 solem
252 2985 317 3036 actu
332 2983 512 3050 praesentem
527 2978 637 3034 visione
651 2977 846 3048 apprehendit.
864 2981 949 3052 hiens,
967 2995 1040 3052 quae
1051 2980 1131 3040 exiu-

79 3067 113 3124 de
129 3063 271 3121 rationem
286 3060 456 3119 existentiae
471 3074 516 3116 cx.
535 3073 577 3130 gr.
590 3058 780 3132 abstraxerat,
793 3077 859 3120 cum
869 3063 1004 3138 deinceps
1018 3066 1053 3124 ad
1068 3082 1131 3124 scn-

82 3151 166 3208 silem
181 3143 260 3204 illam
274 3143 564 3217 repraesentationem
574 3141 667 3200 redita
676 3143 800 3215 quodam
810 3147 1044 3207 considerationis
1064 3165 1130 3206 con·

83 3233 212 3302 vertitur3
228 3229 348 3303 percipit
362 3243 431 3286 saue
446 3233 554 3286 astrum
570 3226 834 3302 individuumquod
850 3232 950 3289 eadem
957 3231 1128 3305 conductus,

84 3318 195 3391 ipsique
210 3321 372 3390 competere
387 3312 570 3372 existentiam
586 3312 671 3382 videt,
688 3323 805 3386 propter
815 3315 921 3374 iactum
935 3315 1031 3387 ipsum
1041 3330 1127 3374 sensu

83 3403 301 3475 apprehensum.
319 3399 359 3458 iln
375 3398 520 3469 iudicium;
538 3398 574 3456 ad
589 3397 664 3471 quod
680 3399 882 3468 pmlerendom
901 3402 979 3472 (cum
1001 3399 1037 3457 de
1051 3399 1127 3458 exis·

84 3485 171 3544 entia
181 3485 223 3544 rei
239 3489 369 3544 concrete
384 3483 526 3556 ageretur)
538 3483 594 3540 duo
608 3483 902 3543 necessariaiuerunt:
914 3483 1050 3557 primum,
1060 3484 1128 3544 sim·

84 3569 150 3643 plen
162 3569 274 3628 intuitio
288 3567 430 3640 complexi
445 3567 602 3640 cuiusdam3
619 3567 732 3640 deinde,
747 3569 883 3628 resolutio
898 3567 985 3626 huius
1003 3567 1127 3641 comple·

16 3677 18 3686 r
85 3653 155 3712 xiin
169 3653 239 3712 duos
254 3659 419 3727 conceptus,
448 3653 639 3726 subsequente
663 3652 760 3714 statim
784 3652 967 3726 perceptione
983 3650 1129 3714 rdationis

129 3823 139 3870 l
159 3822 214 3870 vide
229 3837 284 3886 qnae
300 3823 393 3870 dirimas
408 3821 434 3888 3.
454 3823 496 3884 ili,
