2767 4492
530 327 608 373 milis
626 325 769 373 Nasones
1116 323 1166 383 311
1178 391 1181 396 Ι

119 405 187 480 hem
197 414 393 492 complectitur
406 426 440 474 ac
455 425 541 488 scopo
554 412 655 472 ultimo
670 417 699 472 et
713 413 871 475 universali
884 416 1011 478 hominis
1020 417 1166 494 advigilat.
1215 453 1221 468 ·

120 507 153 566 lt
167 503 292 580 prolecto
308 499 373 560 linis
383 499 501 558 interior
514 498 608 558 altiori
623 498 743 572 substat,
758 504 788 558 et
802 501 922 561 societas
935 503 1031 563 minor
1045 520 1063 562 a
1079 506 1168 566 maio·

120 605 152 648 rc
166 585 426 662 comprehenditur.
441 585 498 645 llcc
512 599 580 644 uero
594 583 652 642 dici
666 588 758 659 potest
766 583 892 643 Ecclesia
901 587 992 647 dividi
1001 588 1032 647 in
1042 589 1169 657 moereas

120 673 269 745 Ecclesiae,
286 677 371 744 prout
385 669 505 728 societas
520 668 613 728 civilis
624 668 653 728 in
664 668 792 728 diuersos
802 669 896 728 Status
907 670 1085 745 dispescitur¹
1098 676 1169 736 llam

121 755 246 818 Ecclesia
260 755 405 814 maximae
420 754 626 814 universalitati
641 754 802 813 maximam
819 753 907 812 etiam
916 756 1055 815 unitatem
1067 760 1166 819 adiun-

122 844 172 918 git,
190 852 218 902 et
232 840 334 902 eadem
348 838 465 898 omuino
488 843 532 898 eet
553 839 584 898 ln
601 838 723 912 singulis
740 837 905 912 regionibus
923 839 972 899 ubi
988 839 1081 914 rigct3
1106 843 1169 904 Fiet

120 943 219 987 naum
232 925 306 985 ovile
320 932 346 984 ct
355 941 435 983 anns
445 923 551 982 Pastor
566 925 591 983 l.
606 924 678 982 lum
689 923 779 983 etiarn
793 923 913 982 minime
926 925 1109 998 cogitandum
1126 934 1170 989 cst

121 1013 277 1074 Ecclesiam
293 1010 381 1070 veluti
394 1011 426 1070 in
443 1010 552 1070 Statum
572 1009 695 1082 ingredi,
711 1024 779 1068 cum
794 1009 888 1084 potius
909 1010 1003 1090 Status
1016 1026 1117 1072 omncs
1139 1013 1169 1073 in

121 1095 277 1158 Ecclesiam
291 1095 500 1170 ingrediantur.
516 1095 614 1154 Exstat
629 1094 708 1154 enim
722 1095 900 1155 institutione
913 1095 1012 1155 diuina
1025 1097 1097 1156 llaec
1110 1113 1169 1158 ma-

121 1199 179 1258 gna
193 1183 312 1242 societas
327 1179 579 1256 spiritualemne
592 1195 692 1240 omnes
707 1185 807 1254 gentes
816 1179 920 1239 inritet
932 1185 1017 1254 atoue
1027 1183 1063 1241 ed
1077 1197 1108 1242 se
1123 1199 1171 1243 ro·

122 1273 183 1342 cat3
200 1271 298 1341 gentes
312 1281 390 1341 uero,
417 1280 483 1325 cum
501 1265 544 1325 illi
562 1265 752 1325 inritamento
766 1264 998 1342 respondentia
1019 1265 1111 1342 ipsam
1125 1269 1169 1330 iu·

121 1355 207 1424 mant,
223 1355 256 1411 ut
269 1350 391 1410 flumina
405 1351 515 1409 intrant
528 1351 558 1409 in
568 1365 658 1409 mare.

158 1431 285 1506 Denique
299 1432 524 1506 adpostremam
538 1431 727 1510 abiectionem
744 1433 903 1506 respondeo
916 1436 1086 1508 potestatem
1100 1435 1169 1494 lon-

124 1518 207 1578 tiilcis
221 1517 330 1577 nemini
346 1516 474 1575 fidelium
487 1523 638 1575 extemem
653 1531 726 1589 csse,
743 1517 791 1575 sed
803 1517 929 1576 maxime
938 1518 1090 1578 internam.
1100 1521 1170 1579 Pon-

125 1603 196 1662 tilex
210 1602 288 1661 enim
304 1606 346 1661 est
361 1602 458 1660 Pastor
476 1600 646 1660 universalis
669 1601 764 1674 gregis
779 1600 880 1660 Christi
905 1606 932 1660 et
953 1617 1018 1662 rere
1038 1603 1171 1678 Princeps

123 1687 294 1762 spiritualis3
312 1687 359 1745 cni
381 1701 495 1760 omncs,
516 1684 564 1760 qni
586 1685 776 1744 Christianam
799 1685 967 1760 religionem
990 1688 1168 1762 profitentur,

124 1771 239 1831 obedire
255 1772 479 1844 adstringuntur.
496 1771 563 1830 llius
585 1770 705 1845 proinde
726 1770 878 1830 auctoritas
897 1769 1016 1844 singulis
1041 1772 1171 1831 lidclibus

123 1857 215 1930 magis
230 1855 408 1930 internecet,
425 1871 512 1931 quam
534 1860 657 1930 potestas
682 1855 791 1929 cirilis3
815 1855 956 1930 siqnidem
971 1857 1007 1914 od
1025 1856 1171 1916 hominem

124 1942 216 2015 magis
231 1941 345 2001 animus
368 1941 491 2015 pertinet
511 1957 597 2014 quam
619 1956 781 2015 corpusne
801 1941 893 2014 magis
915 1941 1033 2000 interest
1055 1948 1171 2000 aeterna

124 2026 201 2086 salus
216 2042 303 2100 onam
322 2025 443 2085 felicitas
458 2027 638 2100 temporaria.
656 2027 735 2086 Unde
754 2026 780 2086 si
804 2027 898 2086 Status
920 2027 1023 2101 aliquis
1041 2027 1171 2102 politicus

124 2117 292 2185 potestatem
307 2110 450 2168 Pontillcis
465 2109 521 2167 sibi
545 2115 694 2168 externam
719 2111 850 2185 appellat,
867 2111 921 2170 hoc
935 2113 998 2187 ipso
1016 2128 1047 2171 se
1067 2112 1103 2170 ab
1123 2113 1171 2180 Ec-

125 2196 213 2255 clesia
227 2195 387 2253 seiunctum
401 2209 463 2253 esse
478 2194 612 2253 subaudit
626 2200 711 2268 atque
724 2196 799 2256 inter
812 2213 880 2259 ores
895 2199 996 2260 Girristi
1009 2198 1130 2260 minime
1141 2213 1171 2259 sc

127 2278 310 2337 adnumerari
320 2278 434 2336 latetur.
488 2325 490 2328 .

173 2449 184 2497 l
203 2449 286 2498 Ionan.
303 2449 328 2496 ll.
346 2449 385 2498 lo.
