2767 4492
228 281 282 340 332
668 293 828 336 nennumu

261 379 388 439 Secundo
400 377 536 438 dividitur
547 375 655 436 bellium
665 375 830 434 incolamus
840 389 876 433 ac
886 367 1127 435 miuuseolemac.
1140 375 1281 434 Prienam

225 471 269 524 est
283 465 358 538 quod
372 464 475 523 ritibus
490 461 677 521 solemnitatis
692 468 829 533 ornatur,
845 461 982 518 nimirum
992 468 1030 519 nt
1043 467 1159 533 geratur
1182 463 1281 520 retrin-

225 565 280 623 que
295 550 411 608 nomine
426 563 576 622 supremae
591 546 752 620 potestatis3
770 552 801 603 ut
811 551 878 604 ante
893 545 947 603 rite
956 544 1167 618 tdenuntiatum
1181 545 1232 617 sit,
1249 550 1282 603 et

223 641 337 708 tempus
356 643 548 708 opportunum
563 631 770 701 intercesserit,
787 645 844 703 qno
858 630 948 688 altera
962 646 1029 703 paru
1049 631 1085 688 ad
1101 629 1214 688 bellum
1234 629 1280 688 vi·

225 719 343 778 tandum
361 719 582 778 satisfactionem
597 716 721 776 iniuriae
729 708 867 776 exhibere
881 715 1021 789 potuerit3
1034 716 1064 774 in
1074 730 1189 774 summa
1202 716 1280 773 illud

224 803 278 863 erit
292 805 367 878 quod
388 805 461 862 ritus
476 818 575 863 omues
589 801 738 873 observat,
755 815 827 874 quos
840 815 898 858 nou
919 800 1004 858 modo
1019 805 1123 858 natura
1137 800 1276 872 requirit,

225 889 274 946 sed
289 889 378 948 etiam
389 888 530 946 cultarum
545 886 674 958 gentium
688 883 863 944 cousuetudo
875 883 1042 943 introduxit.
1054 884 1158 942 Contra
1173 884 1277 942 minus
1359 904 1360 909 ¹

224 972 350 1032 solemne
364 972 485 1044 dicitur,
502 971 577 1045 quod
596 971 689 1044 aliquo
706 969 811 1028 herum
831 969 939 1028 rituum
958 968 1136 1041 destituitur3
1160 975 1234 1042 puta
1249 969 1278 1027 si

224 1064 324 1116 corrtra
342 1056 480 1131 populum
504 1071 564 1114 nou
583 1054 824 1127 independentem
845 1061 975 1127 geratur3
998 1059 1049 1112 aut
1071 1053 1134 1112 sine
1152 1053 1277 1127 praeuia

223 1139 450 1213 denunciatione,
469 1147 501 1200 ut
514 1139 683 1214 quandoque
698 1139 802 1197 accidit
816 1139 847 1195 in
868 1139 942 1196 bello
957 1138 1129 1210 'dolensium
1146 1145 1276 1209 autnon

224 1232 338 1300 accepta
353 1225 486 1286 luculente
497 1241 514 1284 a
525 1239 656 1299 supremo
671 1224 830 1297 imperante
840 1223 877 1282 ob
892 1228 1042 1296 urgentem
1055 1223 1272 1295 necessitatem,

224 1325 298 1384 quae
312 1325 422 1369 moram
437 1325 493 1368 non
509 1310 624 1384 patitur.

257 1395 319 1454 229.
338 1396 370 1454 ltt
384 1395 511 1454 maxima
525 1393 671 1468 diligentia
686 1393 851 1454 curandum
860 1397 904 1452 cst
917 1398 950 1452 nt
963 1393 1117 1452 bellumiis
1127 1393 1274 1454 conditio

222 1479 307 1538 nibus
321 1485 447 1552 eruetur,
464 1494 537 1552 quae
552 1479 588 1536 ael
603 1479 666 1538 eius
682 1478 797 1552 plenam
817 1478 956 1536 iustitiam
974 1479 1175 1552 requiruntur3
1196 1493 1275 1552 quas

223 1563 337 1638 quidem
353 1565 451 1638 paucis
466 1563 708 1630 commemorabo.

257 1649 351 1708 Prima
371 1649 458 1720 igitur
477 1648 600 1708 conditio
618 1654 670 1721 est,
690 1653 721 1707 ut
737 1663 830 1707 cocao
849 1649 932 1708 testo
944 1648 992 1708 ait.
1007 1647 1087 1717 Quod
1105 1664 1165 1708 non
1186 1648 1274 1707 mmo

221 1731 437 1806 intelligendum
451 1738 503 1806 est,
520 1738 662 1808 quatenus
679 1733 725 1792 ius
739 1749 792 1808 pro
806 1749 841 1792 ea
851 1740 931 1808 parte
944 1734 1056 1807 militet,
1070 1750 1145 1807 quae
1161 1734 1271 1792 bellum

221 1823 314 1875 mouet
330 1818 337 1890 t
343 1817 371 1876 id
386 1818 462 1876 eninr
476 1833 527 1891 per
541 1834 571 1876 se
588 1820 687 1890 patet),
701 1819 848 1877 sedetiam
857 1824 998 1891 quatenus
1009 1818 1146 1877 iustitiam
1161 1818 1271 1876 habeat

220 1901 368 1960 relatiuam
382 1908 512 1975 respectu
527 1901 569 1959 rei
583 1908 699 1975 propter
712 1917 800 1974 quam
818 1909 927 1960 tantum
948 1903 1075 1960 medium
1096 1903 1270 1961 assumitur.

220 1987 270 2046 lot
283 1988 361 2047 enim
375 1988 451 2045 mala
465 1993 493 2044 et
511 1987 686 2046 calamitates
701 2003 801 2046 seeum
817 1989 872 2046 lert
887 1987 1003 2056 bellarm,
1016 1993 1048 2044 ut
1058 1987 1161 2045 urerito
1171 1987 1270 2061 tingel-
1359 2011 1361 2018 ·

221 2069 280 2129 lum
297 2073 444 2129 nationem
459 2071 630 2128 nomioetur.
641 2071 714 2130 Hinc
725 2088 783 2130 non
797 2074 915 2145 quaevis
926 2071 1201 2130 causatuendiiuris
1211 2071 1272 2130 sul·

221 2155 281 2212 ficit
294 2156 330 2212 ad
346 2155 581 2230 belligerandum,
605 2157 654 2214 sed
673 2158 746 2216 ratio
765 2159 849 2217 debet
867 2173 930 2216 esse
950 2157 1121 2230 gravissima
1136 2163 1271 2230 respectu

220 2239 288 2296 honi
311 2241 481 2313 eommunia,
498 2257 571 2316 quae
592 2257 732 2301 excusare
760 2243 849 2316 possit
866 2247 912 2300 tet
934 2242 1036 2300 caedes
1056 2247 1085 2299 et
1102 2257 1269 2314 aerumnas,

220 2328 288 2395 quot
302 2322 409 2382 bellurn
424 2324 483 2384 sive
500 2342 549 2400 per
564 2342 594 2384 se
611 2329 671 2385 sive
688 2327 811 2385 rnilitum
835 2326 951 2385 licentia
971 2326 1071 2399 gignit.
1088 2327 1161 2384 Turn
1181 2328 1270 2386 etiam

219 2421 277 2484 non
293 2407 381 2466 dultia
396 2416 444 2468 aut
460 2410 599 2484 prohrrbili
617 2417 727 2468 tantum
743 2410 861 2482 iustitia,
878 2411 928 2468 sed
943 2416 1021 2468 certa
1036 2410 1089 2468 niti
1103 2410 1207 2483 debet;
1227 2427 1270 2470 se·

220 2506 271 2550 cus
284 2508 341 2552 uon
356 2493 484 2568 gigneret
499 2495 544 2553 ins
558 2500 678 2566 certum,
695 2509 749 2552 nec
766 2494 929 2553 securitatem
943 2495 1054 2553 laceret
1068 2494 1215 2553 inferendi
1228 2500 1269 2553 al·

221 2591 275 2652 que
286 2579 444 2638 sustinendi
453 2579 529 2636 mala
538 2585 624 2651 certa,
638 2593 711 2652 quae
723 2578 989 2652 bellumimportat3
1003 2594 1126 2652 quorum
1136 2581 1270 2638 omnium

220 2677 287 2721 reus
302 2655 424 2722 eflicitur
439 2664 472 2736 is,
498 2665 545 2736 qui
566 2663 673 2722 bellum
692 2662 870 2735 moretoni
892 2663 1030 2736 gravitmc
1049 2669 1078 2722 et
1096 2664 1267 2722 oeruiuuiue

220 2762 332 2816 canisae,
349 2747 437 2807 immo
453 2748 539 2806 etiam
555 2749 734 2820 necessitate,
747 2762 835 2821 quam
850 2747 995 2806 declinare
1005 2748 1122 2807 omnino
1132 2755 1268 2822 nequeat,

221 2837 383 2892 excusetur.
399 2833 470 2891 illuc
485 2849 535 2905 ner
551 2849 580 2892 se
595 2834 715 2907 quisque
729 2830 864 2904 inteiligit
877 2831 962 2904 bella,
973 2848 1047 2906 quae
1061 2833 1201 2892 dilatandi
1216 2835 1269 2891 irn-

220 2915 292 2989 perii
307 2917 399 2988 gratia
413 2917 606 2990 suscipiuntur
619 2919 654 2976 ad
669 2923 768 2990 gentes
781 2917 922 2976 innocuas
937 2917 1119 2990 subigendas,
1136 2919 1270 2989 metatos

222 3015 252 3058 so
264 3001 421 3072 latrocinia,
438 3007 475 3074 et,
493 3001 630 3076 elinquit
645 3003 761 3074 Seneca,
778 3001 944 3075 gloriosum
957 3001 1268 3074 scelus3uecnlsima·

221 3100 292 3158 gnos
307 3086 462 3160 praedones
476 3087 681 3145 existimandus
696 3102 759 3145 esse
774 3103 831 3159 eos,
849 3086 898 3160 qui
913 3087 954 3144 sic
970 3088 1059 3160 partis
1078 3086 1206 3145 victoriis
1224 3088 1268 3144 ia·

221 3170 389 3229 clarescunt.
411 3171 487 3229 ldem
506 3172 552 3230 dic
572 3173 607 3230 de
626 3171 748 3231 utilitate
766 3172 868 3246 quavis
888 3172 1082 3245 umcurauda,
1105 3187 1180 3244 quae
1198 3171 1268 3231 belli

221 3253 359 3314 iustitiam
374 3271 432 3315 non
449 3257 605 3316 constituit.

256 3340 350 3398 llltera
364 3342 486 3401 conditio
501 3348 543 3401 est
557 3348 588 3401 ut
602 3342 709 3402 bellum
723 3341 761 3402 sit
774 3360 839 3403 uero
853 3345 1061 3412 amatorium,
1073 3345 1113 3404 ita
1122 3349 1155 3402 ut
1169 3345 1267 3403 omnia

221 3424 301 3499 prius
316 3430 422 3484 tentata
437 3427 494 3485 sint
507 3427 542 3485 ad
557 3427 678 3502 litigium
695 3429 813 3502 pacilice
828 3430 995 3501 finiendum,
1005 3443 1060 3487 nec
1074 3429 1134 3487 ulla
1147 3430 1206 3488 alia
1218 3446 1266 3487 su·

221 3511 309 3584 persii
325 3510 369 3568 ria
388 3511 459 3570 iuris
486 3513 580 3570 tuendi
603 3518 652 3570 aut
673 3513 832 3587 repetendi.
850 3515 984 3586 llam,ius
1005 3513 1265 3578 bellanditandem
1359 3566 1361 3579 ,

221 3595 371 3668 aliquando
387 3597 422 3654 nd
437 3596 482 3654 ius
497 3597 555 3656 rior
571 3597 597 3655 ri
613 3598 797 3671 propulsandi
807 3598 961 3658 reducitur.
973 3597 1262 3670 Utenimindiridua,

221 3679 263 3737 sic
284 3680 371 3738 etiarn
393 3683 522 3742 nationes
535 3683 580 3741 ius
595 3683 702 3742 lrabeat
722 3683 882 3756 repellendi
901 3684 1035 3742 iniustam
1051 3683 1265 3757 aggressionem

219 3779 310 3833 usquo
325 3766 360 3821 ad
375 3767 547 3837 aggressuris
562 3783 671 3840 necem,
689 3767 714 3825 si
727 3768 755 3825 id
779 3783 896 3828 necesse
921 3769 1016 3827 tuerit.
1038 3769 1069 3827 lu
1093 3769 1148 3826 lroc
1168 3774 1262 3826 tamen
1359 3796 1361 3805 ·

221 3846 374 3904 seruandae
388 3862 450 3907 esse
460 3849 586 3910 diximus
602 3850 686 3926 leges,
701 3867 774 3926 quae
788 3852 894 3913 iustam
908 3852 1103 3930 detonsionem
1113 3851 1264 3914 enodemu-
