2767 4492
580 339 712 388 summa
1140 326 1174 387 87

134 457 144 488 t
167 433 196 494 di
210 429 352 506 passione,
369 429 385 489 i
400 429 515 490 lundata
524 429 556 488 in
571 425 665 501 quella
680 426 835 486 essmnue
849 425 987 486 undenas
997 424 1025 486 al
1034 440 1101 486 vero
1110 439 1127 484 e
1136 425 1175 484 al-

132 543 143 573 ·
164 519 181 577 l’
192 518 310 586 ordine,
328 515 381 574 che
396 516 488 575 formo
503 513 531 572 la
545 518 650 571 natura
672 517 763 570 stesso
777 510 842 570 dell’
853 527 959 572 umana
983 512 1171 585 intelligeuza.

133 629 143 656 ι
164 601 235 676 ogni
249 601 393 662 disordine
407 598 528 676 essendo
540 612 597 656 uua
607 595 796 670 disposicione
810 594 883 655 delle
892 611 958 656 cose
967 596 1108 658 contrarie
1117 596 1172 656 alle

133 715 143 742 ι
163 704 230 748 rere
243 687 303 746 loro
317 684 462 752 rslorioni,
481 683 585 758 append
600 681 721 741 essendo
735 696 792 739 una
807 680 920 753 tatuit,
935 681 1058 756 ripogoa
1075 697 1171 740 esson-

132 797 142 827 ·
163 773 313 832 riolmonte
326 771 381 830 alla
395 775 507 840 mento;
524 767 598 826 oudo
614 782 678 826 essa
699 765 841 824 domanda
861 780 902 822 nin
923 765 1046 824 violento
1063 766 1170 825 ritorno

133 883 142 911 l
164 856 316 916 all’ordiue
331 852 504 929 perturbato,
521 867 536 910 e
552 857 652 926 questa
667 851 797 910 violonza
810 851 827 908 d
842 848 863 908 il
877 849 987 924 gssugo
1001 850 1026 907 t,
1041 873 1052 902 ι
1065 850 1169 909 lerum

129 943 163 1002 de
178 958 208 1001 ra
223 941 277 1000 hoc
292 940 385 1000 insius
398 939 527 998 dicemus
540 937 572 996 in
586 938 648 996 iure
664 941 798 1010 naturae,
816 949 883 996 cum
898 935 934 993 du
949 933 1062 1008 capitoli
1077 949 1169 1008 poena

129 1042 221 1088 serum
235 1024 351 1086 incidet.

537 1191 762 1254 dnnrcuuuslll.

199 1363 236 1430 Dc
249 1341 481 1445 proprietatibus
501 1365 571 1441 lepis
587 1364 737 1427 notusalis
753 1365 875 1440 eiusque
892 1361 1097 1438 summonte.

164 1537 208 1599 55.
223 1536 323 1598 Variae
338 1535 408 1613 legis
422 1531 561 1596 notirrolis
572 1533 758 1613 proprietates
771 1535 915 1596 recenseri
930 1538 1059 1610 possent,
1075 1537 1104 1592 at
1117 1543 1170 1592 uos

128 1624 295 1720 praecipuas
309 1628 419 1684 tantum
434 1621 737 1696 commemorabimus,
757 1637 831 1696 quas
844 1619 1040 1696 complectitur
1048 1631 1171 1692 ecquem

127 1715 290 1783 propositio.

553 1873 744 1940 Pnososrrio.

162 2045 217 2111 lca
233 2045 385 2112 ttuiuroiis
397 2051 437 2110 est
455 2047 664 2122 immutabitis,
675 2044 865 2123 universatis,
880 2052 1001 2110 aeterua
1020 2053 1046 2108 ot
1065 2040 1135 2122 lepis

445 2135 589 2208 positivae
603 2134 848 2207 [adamnanus.

157 2315 242 2378 Proi.
259 2316 328 2378 Nam
344 2318 391 2377 lex
405 2317 544 2376 naturalis
559 2317 721 2378 necessario
731 2317 908 2378 connectitur
922 2331 989 2378 cum
1001 2316 1064 2393 ipsa
1076 2329 1171 2376 essen·

126 2403 165 2462 tia
180 2408 326 2462 creaturae
338 2403 496 2476 rationalis,
514 2407 542 2461 et
557 2403 695 2470 tundatur
709 2404 740 2462 in
754 2404 817 2478 ipso
831 2409 934 2462 natura
948 2403 1054 2462 divino.
1071 2403 1171 2462 Neces-

125 2486 201 2546 sario
215 2487 393 2546 connectitur
408 2501 475 2545 curn
490 2485 615 2545 essentia
629 2493 777 2561 creatione
791 2486 955 2557 rationalis;
972 2485 1113 2558 siquidem
1134 2491 1170 2543 to

125 2577 154 2630 ta
168 2577 275 2645 quauta
292 2578 335 2632 ost
346 2577 474 2630 versatur
489 2571 520 2630 in
534 2572 746 2646 praecipiendis
760 2577 810 2630 aut
828 2569 959 2630 vetandis
974 2569 1027 2641 iis,
1045 2583 1118 2641 quae
1132 2584 1169 2626 cx

124 2657 335 2731 comparatione
352 2657 477 2716 hominis
487 2657 705 2716 cumobiectiuo
719 2657 819 2716 ordine
832 2669 930 2714 rerum
939 2652 1112 2712 intrinsecus
1122 2651 1170 2710 bu

124 2755 163 2798 na
173 2745 223 2800 sut
236 2742 312 2800 mala
326 2741 555 2814 manifestantur,
568 2750 680 2815 atquae
694 2741 731 2799 ad
743 2741 830 2799 linem
844 2739 978 2799 ultimum
992 2751 1169 2809 consequen·

125 2824 195 2882 dum
210 2825 371 2884 necessaria
385 2825 501 2884 omnino
516 2830 583 2883 eunt
602 2830 651 2884 eut
665 2823 818 2882 contrariu.
836 2821 981 2880 Fundetur
996 2820 1026 2878 iu
1047 2819 1170 2878 essentia

126 2907 237 2979 divina,
254 2908 331 2980 cruia,
347 2913 379 2965 ut
393 2923 478 2981 saepe
493 2907 631 2980 diximus,
648 2921 746 2965 rerum
760 2912 864 2964 natura
877 2909 906 2963 et
919 2903 1080 2975 relationes,
1097 2918 1170 2976 quae

126 2991 194 3050 inde
209 2991 369 3048 necessario
384 3001 545 3063 emergunt,
564 2990 693 3049 adirina
714 2988 855 3064 sapientis
869 2989 1022 3062 dictantur,
1043 2987 1170 3047 divinam

126 3074 280 3134 essentiam
296 3074 514 3147 contemplante.
532 3075 606 3133 llaec
621 3074 710 3147 enim,
729 3074 969 3148 quemadmodum
983 3073 1014 3132 in
1029 3071 1170 3147 lietapiry·

126 3160 186 3218 sica
201 3158 417 3233 explicavimus,
435 3159 583 3233 exemplar
597 3173 765 3234 supremum
779 3165 823 3218 est
837 3175 934 3218 rerum
956 3158 1086 3217 omnium
1107 3171 1170 3230 pos·

126 3243 263 3304 sibilium.
280 3243 371 3312 Quare
386 3244 435 3303 lex
448 3243 587 3302 naturalis
597 3244 637 3302 ito
650 3249 786 3302 naturam
798 3244 956 3304 humanam
971 3242 1168 3316 consequitur3

125 3335 158 3388 ut
172 3327 208 3387 ab
224 3343 259 3387 ea
278 3327 362 3388 avelli
376 3345 435 3388 non
457 3329 559 3404 possit,
576 3343 667 3403 eaque
683 3332 815 3388 exstante
835 3334 960 3403 nequeat
977 3340 1035 3388 non
1056 3333 1169 3385 exstare

126 3419 177 3472 aut
189 3413 271 3472 aliter
286 3429 316 3472 se
331 3412 447 3474 hahere.

162 3499 241 3568 Quod
255 3498 280 3557 si
294 3498 342 3558 lex
357 3499 495 3559 naturalis
510 3515 577 3559 cum
590 3499 723 3561 rationali
737 3505 842 3559 natura
855 3499 1016 3560 necessario
1030 3496 1168 3571 nectiturf,

125 3584 297 3644 anniversalis
312 3583 398 3642 stium
408 3584 445 3642 sit
455 3589 573 3658 oportet.
591 3585 773 3658 Universalis,
789 3585 918 3660 iuquam,
930 3601 989 3644 nou
1004 3583 1089 3644 modo
1102 3597 1171 3656 qua-

126 3673 210 3728 tenus
224 3669 390 3738 universum
404 3669 554 3730 hominum
564 3685 655 3744 genus
669 3672 841 3745 adstringat,
859 3682 959 3731 verum
973 3670 1060 3730 etiam
1074 3675 1171 3743 quoto·

125 3767 182 3814 nus
196 3754 331 3815 omnibus
345 3755 519 3828 hominibus,
539 3771 594 3814 usu
608 3755 728 3815 rationis
742 3756 919 3830 fruentibus,
935 3755 1104 3815 innotescat
1123 3754 1170 3814 Se·

116 3961 118 3970 ‹
173 3931 182 3980 l
202 3933 286 3996 Sappio
305 3937 420 3988 Tsoretico
435 3937 462 3987 di
476 3937 561 3988 dioillo
576 3937 745 3988 naturalem.
762 3938 806 3990 vot
823 3938 841 4008 i,
860 3937 946 3988 dinoot.
961 3937 987 4005 i,
1002 3951 1026 3988 tt.
1042 3939 1098 3998 tsi,
