2767 4492
498 314 577 358 rurus
594 311 735 356 mannaan
843 347 847 355 .
1115 303 1168 364 343
1251 286 1253 289 ’

127 400 225 475 ginem
237 396 385 474 potestatis
398 395 544 454 Ecclesiae
553 400 713 468 competere
726 393 853 454 diximus
866 401 998 471 respectu
1008 398 1102 456 Status
1114 414 1165 472 po

118 481 209 554 illici,
225 485 317 540 sartae
333 483 478 551 tectaeque
492 477 534 536 illi
549 482 665 536 manent
679 475 766 534 etiam
779 483 910 550 respectu
924 481 1067 540 societatis
1082 482 1168 540 inter-

128 563 291 623 nationalis.
307 563 346 640 lle
360 561 448 634 igitur
461 561 573 618 iactura
593 558 729 632 temporis
746 560 846 617 eadem
864 568 1036 636 repetamus,
1053 579 1102 624 eas
1119 565 1167 625 bic

129 646 233 706 iterum
242 659 464 705 commemorare
474 641 735 716 praetermittimus.
747 641 841 700 Potius
850 643 989 702 nonnulla
1002 645 1165 721 innuamus,

130 743 203 803 guae
217 729 248 787 iu
261 727 499 787 consociationem
512 727 587 784 bano
602 725 741 799 gentium,
750 725 878 799 praecisa
889 732 1029 799 quatenus
1041 730 1104 790 talis
1114 740 1166 806 est,

131 827 168 873 cx
182 811 306 871 Ecclesia
318 811 548 884 proficiscuntur.

166 896 226 962 Oua
239 895 270 953 in
281 910 312 953 re
326 893 397 954 illud
410 893 535 966 primum
549 896 648 966 sponte
664 907 716 950 sua
731 907 762 951 se
775 892 812 950 ad
826 893 1066 952 considerandum
1075 897 1167 972 oliert,

35 970 38 978 ’
130 979 168 1040 ab
184 977 308 1038 Ecclesia
322 977 519 1036 acutissimum
533 975 750 1034 incitamentum
769 975 805 1033 ad
823 991 889 1034 eam
907 977 1072 1036 societatem
1088 979 1169 1038 elior-

130 1063 266 1120 mandam
290 1066 375 1134 atoue
399 1060 436 1120 ad
458 1059 589 1117 eamdem
611 1059 792 1118 retinendam
813 1058 1022 1124 validissimum
1042 1060 1193 1120 medium

129 1143 271 1205 exbiberi.
286 1145 356 1204 llam
372 1143 458 1201 bomo
475 1157 533 1200 non
554 1141 612 1200 solo
628 1156 746 1213 corpora
760 1145 883 1213 namtat3
900 1142 950 1201 sed
964 1143 1055 1201 multo
1076 1145 1170 1217 magis

11 1263 14 1271 ,
131 1227 244 1300 spiritu,
260 1225 310 1300 qui
324 1226 507 1298 praecipuam
522 1224 584 1282 eius
598 1227 718 1282 naturae
728 1228 838 1296 partam
852 1223 991 1282 edormat
1007 1225 1064 1285 Nec
1078 1226 1113 1284 ad
1128 1241 1172 1284 se

129 1310 262 1369 oietatem
274 1310 362 1368 ullam
376 1324 442 1368 rere
456 1307 612 1366 ineundam
626 1307 728 1364 adduci
744 1311 844 1380 potest,
860 1306 916 1365 nisi
932 1308 1027 1380 quoad
1037 1308 1172 1380 spiritum
1254 1307 1270 1332 '
1361 1301 1365 1308 ’

131 1393 302 1465 attrahatur;
320 1407 374 1451 nec
389 1393 421 1450 in
434 1389 535 1450 eadem
549 1389 752 1463 perseverabit,
768 1390 824 1447 nisi
839 1388 941 1462 spiritu
959 1389 1024 1448 aliis
1038 1390 1172 1449 adbaere-

132 1479 202 1535 soat.
217 1475 252 1533 tt
264 1489 331 1534 vero
345 1475 409 1548 quis
420 1473 533 1546 ignorat
547 1478 635 1530 totam
650 1471 790 1530 actionem
804 1471 944 1530 Ecclesiae
958 1472 1016 1530 buc
1026 1472 1173 1532 intendere

37 1623 42 1630 ,
132 1561 165 1618 ut
174 1558 262 1616 animi
277 1557 405 1616 omnium
419 1556 577 1627 bominum,
590 1555 796 1627 cuiuscumque
805 1555 931 1627 regionis
941 1558 990 1612 aut
1003 1555 1174 1615 conditionis
1201 1608 1203 1610 ,

132 1641 199 1714 sint,
215 1640 323 1699 nuimte
342 1638 513 1714 cognitionis
532 1642 562 1697 et
580 1637 696 1710 amoris,
712 1642 742 1696 et
759 1637 948 1710 obedientiae,
964 1637 1049 1710 quast
1069 1637 1175 1710 triplici

132 1739 223 1797 eoque
237 1722 427 1782 indissolubili
443 1721 567 1793 viuculo,
584 1720 708 1779 inuicem
722 1719 908 1792 copulentnrt

129 1819 130 1824 ’
167 1806 219 1865 llla
232 1806 355 1878 prolecto
369 1819 459 1877 genus
474 1804 635 1861 humanum
649 1817 708 1861 non
721 1802 805 1860 modo
820 1802 856 1860 ab
872 1816 929 1860 uno
942 1802 999 1860 lieo
1014 1802 1172 1876 conditum,

132 1888 333 1948 verumetiam
348 1887 384 1946 ab
400 1901 457 1946 uno
472 1891 590 1958 parente
600 1888 767 1957 generatum
776 1884 871 1956 docet3
883 1899 917 1942 ac
926 1885 1045 1958 pminde
1058 1885 1102 1944 vel
1111 1886 1175 1958 ipsa

132 1970 273 2032 materiali
287 1970 395 2042 origine
411 1969 590 2027 considerata
604 1981 704 2026 omnes
719 1966 850 2026 homines
860 1968 1028 2039 cognatione
1038 1966 1172 2027 devincit.

134 2055 268 2112 Tomeos
287 2051 324 2108 ad
344 2052 478 2109 eumdem
493 2051 581 2108 linem
602 2051 757 2109 destinatos
776 2050 908 2122 ostendit,
925 2055 1012 2124 atque
1032 2051 1069 2108 ad
1088 2065 1176 2108 unam

132 2134 320 2206 eamdemque
329 2133 493 2190 societatem
502 2132 652 2190 uonmodo
661 2133 692 2190 in
702 2134 798 2191 loturo
809 2133 1045 2204 acro,sedetiam
1053 2133 1085 2192 in
1094 2147 1175 2207 prae

134 2217 208 2278 senti
222 2215 382 2275 coeundam
396 2213 533 2272 diuinitus
542 2228 605 2272 esse
617 2215 762 2272 ordinatos
777 2216 863 2274 tradit
877 2216 930 2274 sub
944 2216 1085 2290 regimine
1094 2221 1123 2275 et
1133 2222 1177 2275 tu·

135 2301 191 2359 tela
205 2299 290 2358 unius
304 2297 433 2370 supremi
448 2295 639 2369 pestanensi
652 2296 703 2354 liei
718 2297 780 2354 vice
794 2298 939 2370 iungatur.
948 2301 1033 2358 Porro
1043 2301 1079 2358 ad
1089 2300 1177 2358 finam

137 2395 318 2442 communem
333 2384 362 2439 et
376 2379 462 2438 simul
477 2379 624 2452 proprium
638 2379 817 2451 singulorum
827 2380 1036 2452 capessendum
1042 2381 1177 2439 omnibus
1265 2418 1267 2423 -

134 2468 235 2528 eadem
250 2465 345 2523 media
362 2465 490 2537 largitur,
507 2463 621 2522 easdem
631 2462 709 2535 leges
723 2462 853 2534 imponit,
862 2463 1027 2520 eorumdem
1036 2463 1177 2522 bonorum

134 2547 308 2610 desiderium
324 2548 407 2606 indit.
424 2547 523 2618 Immo,
540 2545 641 2619 quavis
662 2541 827 2603 differentia
841 2543 962 2612 sublata,
978 2559 1077 2603 omncs
1093 2544 1177 2617 plane

134 2632 275 2704 homines,
291 2631 497 2700 cuiuscumque
512 2627 659 2699 diguitatis
673 2631 723 2685 aut
737 2626 910 2686 conditionis
924 2625 991 2694 sint,
1003 2627 1090 2684 unius
1104 2627 1177 2685 eius-

135 2716 258 2788 demque
272 2727 388 2772 mensae
402 2711 537 2769 conuiuas
553 2708 700 2769 constituit
713 2724 748 2769 ac
766 2711 892 2768 fraterna
905 2709 1056 2768 dilectione
1074 2724 1178 2768 conne-

135 2798 195 2858 ctit.
207 2798 298 2864 Quare
309 2810 365 2852 nou
380 2793 464 2852 modo
480 2791 653 2867 principium
665 2793 763 2867 ipsum
778 2792 932 2851 iunctionis
942 2793 1064 2865 attingit,
1073 2789 1177 2865 nempe

135 2879 278 2950 animum;
294 2877 343 2935 sed
358 2877 510 2934 innumera
523 2877 611 2934 nectit
628 2875 751 2948 vincula,
770 2873 876 2948 qulbus
890 2880 950 2933 tum
960 2873 1178 2933 indiuiduatum

135 2962 264 3020 nationes
282 2960 359 3017 inter
376 2973 407 3016 se
426 2959 586 3016 arctissima
602 2959 822 3031 coniungantur.
839 2959 935 3030 Neque
949 2957 1003 3016 boc
1023 2963 1177 3030 utcumque

4 3098 19 3117 ,
137 3045 272 3118 praestat,
287 3041 337 3100 sed
351 3039 505 3099 stabilitate
514 3040 652 3113 maxima,
662 3045 690 3098 et
700 3040 798 3099 divina
808 3045 892 3098 utens
901 3040 1058 3099 mactione-
1069 3039 1109 3097 Ex
1121 3053 1177 3112 quio

136 3127 169 3185 lit
183 3130 214 3185 ut
227 3128 326 3198 gentes
341 3137 440 3181 omnes
456 3137 530 3195 utrae
540 3121 603 3180 eius
623 3123 687 3182 luce
702 3123 903 3182 collustrantur
918 3127 947 3181 et
961 3137 1042 3182 sacro
1056 3113 1178 3194 igneio

136 3213 248 3279 ventur,
263 3206 301 3264 ad
314 3205 480 3264 societatem
492 3204 579 3262 etiam
592 3211 723 3277 respectu
735 3205 897 3280 temporalis
912 3203 1054 3264 felicitatis
1063 3203 1138 3262 inter
1146 3219 1177 3261 se

137 3291 293 3349 ineundam
311 3302 369 3346 uon
386 3287 470 3346 modo
492 3287 619 3346 maxime
638 3286 816 3361 alliciuntur,
838 3288 890 3348 sed
908 3288 992 3362 quasi
1010 3285 1177 3346 necesdtate

137 3373 260 3445 quadam
275 3371 460 3429 adducantur.
517 3401 520 3406 -

172 3455 235 3514 tlt.
250 3455 307 3514 Nec
322 3468 399 3525 vero,
416 3453 478 3511 sine
492 3453 546 3511 boc
560 3453 674 3512 caelesti
686 3454 808 3526 vinculo,
817 3454 927 3527 sperari
938 3453 1042 3526 poterit
1051 3452 1177 3510 interua-

137 3537 272 3597 tionalem
290 3536 454 3595 societatem
471 3535 625 3595 stabilitate
644 3551 772 3609 unquam
788 3538 926 3596 donatum
945 3536 992 3594 iri.
1012 3537 1092 3607 Nam,
1109 3549 1178 3593 cnm
1226 3538 1232 3549 ’

137 3621 267 3680 nationes
281 3619 310 3678 vi
325 3621 417 3678 Status
433 3618 540 3693 politici
554 3634 612 3677 non
633 3619 703 3678 satis
719 3620 824 3679 uiridis
843 3619 1008 3692 indigentiis
1027 3617 1179 3676 solliciten-

139 3707 195 3776 tur,
203 3702 308 3775 quibus
318 3700 488 3774 repellendis
498 3703 672 3760 consortium
682 3709 817 3762 constans
824 3703 945 3761 aliarum
954 3701 1081 3774 gentium
1088 3699 1178 3760 omni·

138 3797 177 3843 no
190 3784 228 3843 sit
241 3783 448 3856 necessarium,
464 3783 520 3842 nisi
532 3783 630 3844 altiore
644 3788 769 3858 quodam
783 3786 925 3859 principio
935 3799 966 3843 se
975 3784 1034 3843 iam
1048 3784 1179 3842 immuta-
