2767 4492
541 347 671 403 artatum

491 519 662 586 musenius
682 520 715 588 11.

152 697 192 756 Ita
205 696 348 772 facultate
362 709 425 774 ooo
439 692 591 756 collectam
604 692 808 756 omratitatoa
821 695 1058 762 toarooectccor.

121 871 164 932 24.
181 871 317 932 Ordinem
332 869 470 930 moralem
486 883 503 927 a
521 867 605 928 nobis
618 867 735 943 agnosci
748 883 835 929 nemo
849 885 936 929 mnus
950 869 1072 931 inficiari
1082 885 1130 946 po·

87 961 146 1016 lost.
163 957 203 1015 bd
217 957 297 1015 hunc
308 955 387 1015 enim
402 953 631 1027 cognoscendum
646 953 719 1013 nibil
738 953 817 1015 aliud
836 955 1010 1030 exquiritur,
1026 955 1084 1015 nisi
1098 963 1131 1016 ut

86 1041 168 1101 bomo
184 1041 311 1116 seipsum
326 1044 494 1099 contueatur
508 1038 539 1096 in
557 1038 695 1098 relatione
709 1055 767 1113 qua
781 1043 825 1099 est
838 1054 906 1099 cum
919 1056 972 1100 sua
985 1055 1074 1100 causa
1087 1057 1131 1100 re·

85 1125 194 1200 hiisque
209 1125 320 1199 ceteris,
334 1139 408 1200 quae
423 1123 454 1182 in
469 1123 576 1182 mundo
591 1128 714 1185 exstant.
726 1123 810 1183 Actus
825 1124 903 1184 enim
916 1124 1070 1186 voluntatis
1084 1126 1130 1185 bis

85 1209 271 1270 relationibus
282 1212 470 1282 congruentes
480 1207 609 1266 ordinem
625 1208 763 1267 moralem
773 1208 934 1269 efformem.
944 1210 1131 1285 btreroquis

85 1295 159 1353 hanc
183 1293 315 1352 notitiam
336 1292 446 1352 homini
466 1291 634 1366 denegabit?
656 1293 797 1365 Proiecto,
818 1292 844 1353 si
861 1294 899 1352 ad
922 1295 1131 1369 experientiam

84 1377 277 1452 confugimus,
299 1377 421 1451 quisque
436 1377 492 1436 sibi
507 1383 550 1436 est
571 1377 702 1437 conscius
717 1392 748 1436 se
761 1381 909 1451 naturam,
929 1384 1128 1453 quaedamst,

1 1503 2 1508 η
83 1463 285 1533 internoscere,
302 1467 443 1536 quatenus
457 1460 564 1534 duplici
580 1461 713 1520 coalescit
727 1468 815 1536 parte,
833 1461 930 1527 sensili
950 1463 1088 1527 nimirum
1101 1471 1131 1523 et

1 1545 2 1580 ³
82 1545 222 1619 rationali,
240 1560 362 1621 qlrarum
376 1546 469 1619 prima
485 1546 566 1605 alteri
582 1551 729 1621 tamquam
746 1548 944 1620 praestantiori
958 1547 1061 1607 subiici
1082 1548 1130 1606 de·

1 1621 2 1702 s
83 1629 159 1688 beat.
172 1631 241 1688 Tum
252 1631 337 1689 etiam
353 1646 438 1690 nemo
449 1631 561 1705 ignorat
575 1647 634 1690 sea
648 1647 783 1707 suprema
796 1633 920 1706 quadam
934 1648 1030 1707 causa,
1041 1649 1130 1708 quam
1150 1641 1152 1645 ’
1215 1623 1221 1632 ’

1 1719 2 1724 ’
81 1714 168 1774 Deum
184 1715 374 1788 appellamus,
392 1715 576 1774 existentiam
589 1716 763 1789 suscepisse,
780 1731 798 1774 a
812 1732 869 1790 qua
883 1717 1003 1791 proinde
1022 1718 1128 1792 depen-

81 1799 207 1858 dentium
223 1799 318 1858 babet.
336 1799 463 1872 Denique
481 1815 565 1860 nemo
580 1816 638 1859 non
658 1801 736 1859 videt
749 1815 780 1860 se
802 1801 988 1861 simulitudine
1008 1807 1129 1862 naturae

81 1899 147 1941 cum
159 1884 259 1944 ceteris
269 1884 434 1944 bominibus
445 1885 581 1958 colligari.
595 1886 748 1958 despectus
762 1900 829 1944 vero
844 1885 1019 1960 reliquarum
1029 1903 1128 1947 rerum

80 1983 115 2026 ex
131 1969 238 2041 ordine,
255 1970 305 2044 qui
320 1970 351 2028 in
365 1971 472 2028 mundo
486 1970 607 2042 renidet,
622 1970 849 2044 introspicimus:
871 1970 1013 2044 siquidem
1026 1987 1127 2031 rernm

78 2053 248 2113 universitas
263 2061 410 2129 tamquam
426 2055 555 2113 ordinata
569 2055 712 2128 quaedam
726 2053 861 2114 machina
873 2055 957 2116 nobis
972 2055 1123 2131 obiicitur,

79 2139 148 2197 ordo
164 2145 260 2197 autem
275 2146 312 2198 ex
326 2139 435 2197 mutuis
449 2153 546 2196 rerum
561 2138 748 2196 relationibus
763 2141 902 2212 exsurgit.
1181 2138 1185 2144 ⁴

114 2223 203 2296 liqna
217 2223 281 2297 boc,
293 2223 369 2296 quod
383 2222 559 2297 experientia
569 2222 652 2299 nobis
667 2223 840 2298 manifestat,
852 2225 926 2285 ratio
936 2240 1050 2302 guoque
1061 2242 1127 2287 con·
1195 2302 1197 2305 Ι

78 2307 185 2367 firmat.
202 2307 231 2366 Si
246 2307 325 2366 enim
339 2311 442 2370 natura
455 2307 532 2366 bunc
547 2307 635 2366 linem
656 2309 740 2368 nobis
754 2311 930 2386 praestituit,
946 2318 979 2371 ut
997 2314 1128 2373 ordinem

77 2392 219 2452 moralem
233 2407 454 2467 prosequamur,
467 2393 662 2467 proculdubio
677 2393 818 2468 adipsum
828 2397 1057 2470 cognoscendum
1067 2399 1128 2457 ido·

78 2493 149 2536 neas
163 2477 239 2537 vires
254 2476 435 2552 suppeditare
450 2477 536 2536 etiam
551 2477 665 2551 debuit,
683 2479 922 2553 qurandoquidem,
936 2481 998 2539 sine
1011 2483 1128 2556 praevia

78 2562 184 2622 obiecti
199 2562 315 2636 notitia,
331 2562 477 2622 uoluntate
491 2563 603 2636 operari
624 2563 745 2622 minime
759 2579 921 2638 possumus.
939 2563 1017 2631 Quod
1031 2569 1128 2622 autem

77 2647 203 2721 cognitio
217 2647 357 2708 eiusmodi
372 2663 472 2707 rerum
486 2647 569 2707 nobis
584 2647 692 2717 afferat,
710 2649 793 2708 iaoile
808 2648 947 2721 intelliget
962 2648 996 2721 is,
1018 2647 1067 2721 qni
1083 2663 1127 2706 eo-

77 2733 150 2806 gitet
164 2733 293 2792 ordinem
307 2737 405 2793 rerum
420 2749 477 2792 non
492 2749 553 2792 esse
568 2732 647 2790 aliud
661 2748 748 2807 quam
762 2731 1022 2802 reverberationem
1036 2730 1126 2791 veluti

77 2819 234 2890 quamdam
249 2819 411 2877 divinarum
425 2818 575 2889 idearum,
591 2817 690 2874 lumen
705 2821 801 2874 autem
816 2816 921 2874 meotis
934 2820 1048 2874 nostrae
1061 2832 1126 2890 pur·

77 2901 275 2974 ticipetioncm
295 2903 421 2975 aliquam
441 2907 470 2960 et
491 2900 679 2957 imitationem
695 2914 757 2958 esse
780 2899 893 2956 divinae
911 2899 1124 2974 intelligentiae.

78 2987 173 3057 Quare
182 3000 248 3043 cum
263 3000 344 3044 mens
358 2983 526 3043 naturaliter
541 2983 689 3055 evolvitur,
703 2998 752 3041 eas
762 2983 887 3057 proiecto
900 2984 1038 3058 producat
1047 2985 1126 3046 ideas

76 3083 198 3130 necesse
212 3074 269 3145 est,
287 3083 360 3144 quae
375 3067 469 3128 ordini
491 3081 589 3128 rerum
610 3065 718 3130 divinis
738 3067 811 3128 ideis
824 3068 1008 3142 respondenti
1025 3086 1127 3146 reapse

75 3152 278 3229 respondeant.
348 3195 350 3198 -

49 3249 71 3296 ·.
115 3239 162 3298 25.
178 3237 250 3298 Hinc
264 3237 347 3298 facilc
366 3237 629 3313 intelligitur'quae
648 3238 769 3300 facultas
790 3240 827 3299 ad
841 3241 972 3302 ordinem
986 3241 1066 3302 hunc
1084 3243 1127 3302 di-

74 3323 285 3399 gnosoendum,
298 3337 333 3380 ac
343 3322 461 3397 proinde
471 3323 507 3382 ad
521 3323 679 3383 bonitatem
688 3325 734 3384 val
743 3323 883 3384 malitiam
898 3327 1042 3386 actionum
1052 3327 1126 3386 diin·

75 3409 241 3482 dicandam,
259 3406 369 3467 nobisa
384 3411 485 3466 natura
500 3407 704 3482 suppeditetur.
720 3409 919 3484 Nihilominus,
932 3411 1126 3484 quoniambie

75 3495 167 3553 etiam
178 3509 233 3552 non
245 3493 397 3552 deruerunt
406 3492 554 3566 opiniones
565 3493 794 3553 dissentientium
807 3495 1051 3569 pbilosophorum,
1061 3511 1125 3557 rem

73 3579 155 3638 hano
171 3579 263 3638 tucius
278 3577 423 3653 aliquanto
437 3577 580 3638 discutere
595 3579 669 3639 etin
684 3579 812 3641 diversas
836 3585 932 3656 partes
953 3580 1061 3656 agitare
1077 3582 1126 3640 od·

75 3662 259 3738 stringimur.

113 3746 148 3805 in
163 3748 263 3820 primis
276 3751 354 3810 enim
369 3749 507 3824 Robinet,
523 3749 656 3809 sonsismi
672 3750 762 3825 elapsi
786 3751 893 3810 saeculi
907 3749 1015 3812 deliciis
1029 3751 1125 3826 erogi-

74 3834 171 3902 tatus,
188 3830 341 3908 iudicium,
359 3849 414 3910 quo
437 3833 546 3894 bonum
559 3851 576 3893 a
590 3835 665 3895 malo
679 3836 875 3910 discernatur,
892 3837 989 3896 sensui
1010 3836 1124 3897 cuidam

72 3916 192 3981 interno
207 3917 308 3978 ceteris
323 3918 449 3998 quinquo
463 3919 652 3984 euoenoribus
666 3919 786 3996 analoga
801 3920 986 3982 tribuendum
999 3936 1062 3984 esse
1072 3922 1123 3982 tin·
