2767 4492
228 336 280 407 tiu
609 367 612 372 ·
664 350 827 407 mausum

225 425 418 521 apositiouem,
429 425 493 521 'qua
506 450 582 506 certe
596 460 614 505 a
628 446 743 506 nemine
758 445 872 522 spoliari
886 450 987 521 potest.
1008 444 1087 515 Quod
1106 447 1132 507 ei
1150 446 1187 508 ad
1200 460 1266 509 cau-

225 548 297 604 sam,
313 543 386 606 quae
401 532 437 591 ad
450 532 590 591 eiusmodi
605 532 780 591 caelibatum
800 531 929 607 impellit,
955 532 1068 591 enimus
1089 532 1264 610 advertitur,

223 616 314 676 multo
327 616 497 677 luculentior
511 616 624 690 veritas,
636 632 724 691 quam
737 622 860 692 tuemur,
876 618 986 678 evadet.
996 618 1071 677 llaec
1085 617 1163 678 enim
1177 634 1267 681 causa

223 702 255 762 in
267 702 372 761 virtute
385 702 478 777 posita
490 708 542 777 est,
557 702 603 761 cui
617 708 651 761 ut
663 703 749 762 unice
773 703 920 763 addicatur
934 702 1028 777 bomo,
1045 718 1063 762 e
1084 704 1191 777 nuptiis
1215 704 1266 766 ab

222 788 317 847 stinct.
335 787 403 856 Quis
417 802 484 847 vero
499 788 570 848 adeo
583 788 689 848 clinans
705 794 733 849 et
747 788 922 863 impudentis
930 788 1066 848 audaciae
1076 790 1138 859 erit,
1154 790 1204 865 qui
1215 791 1266 852 bo·

221 871 293 931 mini
308 872 471 932 facultatem
485 873 652 933 subtrahere
667 874 743 948 uelit,
761 878 898 948 mantem
912 874 1038 933 maxime
1052 874 1156 949 possit,
1174 876 1265 949 perie-

218 958 343 1017 ctionem
356 958 542 1033 conquirendi
556 964 584 1017 et
597 958 628 1017 in
641 958 702 1018 sola
716 957 819 1019 virtute
834 958 989 1019 excolenda
1002 961 1189 1035 augendaque
1200 978 1265 1038 ope-

221 1058 284 1101 ram
297 1042 477 1103 collocandi?
488 1044 545 1103 Nec
559 1059 627 1103 vero
648 1044 885 1118 qualemcumque
904 1044 1106 1119 perlectionem
1116 1052 1207 1106 status
1217 1048 1265 1108 bic

220 1128 416 1203 complectitur
426 1147 433 1202 3
445 1129 495 1188 aed
510 1128 604 1201 talem,
620 1135 652 1187 ut
667 1128 851 1189 excellentior
873 1128 953 1187 nulla
970 1130 1154 1203 excogitetm.
1180 1132 1219 1191 lla
1234 1148 1265 1193 e·

220 1214 282 1271 uim
296 1215 390 1289 bomo,
406 1214 460 1274 etsi
474 1229 591 1288 corpore
605 1213 753 1287 coalescat,
770 1213 888 1288 perinde
902 1228 933 1273 se
947 1214 1028 1288 gerit,
1048 1216 1130 1290 quasi
1145 1232 1263 1299 corpore

220 1298 329 1357 uolutus
343 1300 381 1358 sit
395 1315 507 1374 unoque
517 1304 627 1359 constet
639 1298 751 1373 spirita3
764 1298 905 1373 siquidem
919 1314 1056 1359 sensuum
1075 1302 1263 1375 perturbatio-

219 1396 271 1441 nes
285 1384 388 1458 iugiter
403 1386 589 1454 subiicienda,
602 1385 686 1460 plane
699 1384 811 1459 perficit
824 1390 857 1443 ut
871 1400 939 1459 pars
956 1385 1070 1445 sensilis
1089 1403 1107 1446 a
1130 1389 1264 1450 rationali

218 1468 426 1541 quodammodo
440 1470 634 1529 absorbeatur.
651 1470 743 1538 Quare
757 1468 793 1543 is,
809 1468 858 1543 qui
874 1470 1020 1530 bocmodo
1034 1472 1208 1547 estraelebs,
1219 1475 1262 1533 iu-

218 1568 250 1612 re
263 1554 420 1629 meritoque
433 1559 580 1631 tamquam
593 1570 714 1630 mnenon
728 1555 884 1613 humanam
906 1554 1101 1615 conditionem
1118 1559 1262 1619 excedens

221 1638 384 1713 suspicitur,
400 1646 429 1699 et
443 1641 524 1714 longe
538 1639 707 1713 excelsiore,
725 1654 813 1715 quam
836 1640 1026 1700 communiter
1049 1641 1148 1700 baberi
1172 1642 1260 1718 solet,

217 1722 313 1783 animo
329 1725 471 1799 praeditus
485 1726 674 1785 existimatur.
690 1726 778 1784 Tanto
801 1724 879 1784 eninr
903 1724 1004 1785 robore
1028 1740 1059 1785 se
1077 1725 1261 1789 obfirmatum

217 1810 348 1881 ostendit,
365 1815 397 1867 ut
411 1809 466 1869 eibi
478 1810 560 1886 plene
575 1810 710 1883 sufiicial,
720 1810 790 1885 quin
801 1809 934 1869 muliebri
949 1810 1057 1869 auxilio
1067 1810 1186 1887 loretum
1199 1818 1260 1873 tan·

217 1897 246 1949 ta
263 1899 358 1951 antem
373 1896 478 1954 mentis
492 1895 706 1969 affectuumque
722 1896 870 1955 altitudine
884 1910 971 1973 supra
980 1896 1127 1969 vulgarem
1142 1912 1261 1959 consue·

217 1976 345 2036 tudinem
358 1978 497 2053 evehitur,
507 1984 538 2037 ut
552 1979 708 2053 sapientiae
723 1980 886 2054 summique
904 1979 971 2038 boni
986 1980 1140 2054 dilectioni,
1153 1996 1260 2041 conuu-

101 2070 130 2092 ἰ
216 2060 264 2120 bio
278 2062 361 2136 quasi
374 2063 499 2137 caelesti,
515 2064 699 2123 adhaerescat
713 2080 747 2123 ec
764 2064 890 2123 familiae
910 2078 981 2123 cura
999 2063 1136 2125 liberatus
1162 2082 1193 2125 se
1216 2072 1258 2127 to·

216 2152 278 2205 tum
287 2148 323 2206 ad
337 2150 535 2208 exornandum
549 2147 680 2209 animum
693 2150 885 2223 uirtutemque
898 2147 930 2208 iu
950 2148 1015 2208 aliis
1035 2152 1258 2223 promovendam

216 2232 346 2307 applicet.

249 2318 402 2387 Quodcum
414 2322 455 2381 ita
468 2322 513 2398 sit,
528 2322 638 2383 nemini
648 2322 755 2381 mirum
765 2335 827 2380 esse
837 2320 929 2389 debet,
941 2318 966 2379 si
976 2319 1120 2381 eiusmodi
1130 2321 1254 2383 caelitu-

212 2409 273 2464 tum
286 2422 398 2466 summa
407 2408 588 2468 veneratione
602 2423 715 2483 semper
730 2407 871 2481 sapientes
880 2420 979 2465 omues
991 2406 1085 2465 mirati
1095 2406 1256 2469 sintmaxl·

211 2506 314 2565 meque
329 2494 480 2563 laudarinl,
497 2500 643 2569 tamquam
657 2492 764 2568 aliquid
779 2493 853 2567 quod
868 2491 998 2551 homines
1012 2492 1044 2549 in
1059 2493 1174 2565 angelos
1189 2508 1256 2553 verae

212 2583 388 2637 transmutet.
409 2580 487 2647 Quod
505 2581 529 2639 si
550 2580 638 2654 aliqui
656 2578 851 2651 inveniuntur,
868 2576 918 2651 qni
934 2581 992 2635 tam
1012 2574 1165 2636 sublimem
1181 2579 1256 2639 vitae

211 2670 316 2722 statum
325 2669 510 2740 oppugnant,
528 2667 558 2726 bi
572 2682 609 2726 ex
623 2681 723 2725 eorum
737 2681 822 2739 grege
843 2670 918 2737 sunt,
939 2664 987 2738 qui
1009 2671 1121 2739 praeter
1137 2680 1256 2727 sensum

210 2748 283 2806 nibil
297 2751 419 2825 sapiunt,
436 2767 489 2810 nec
504 2751 559 2811 nisi
573 2750 664 2810 animi
678 2750 848 2826 procacitate
867 2750 981 2823 pollent.
1000 2750 1068 2808 llum
1083 2750 1160 2809 enim
1178 2752 1255 2811 eius·

209 2835 287 2892 modi
302 2835 505 2895 homunciones
520 2842 578 2895 tam
592 2836 705 2895 excelso
720 2836 873 2910 anima-ut
887 2840 992 2893 statum
1002 2834 1077 2893 bunc
1087 2841 1253 2911 sequantur,

210 2932 242 2977 sc
259 2920 377 2979 minime
391 2929 505 2979 ornatos
520 2922 674 2995 consciaut,
696 2926 724 2980 et
738 2920 847 2980 abiecta
862 2920 983 2995 quadam
999 2920 1154 2979 invidentia
1170 2936 1200 2980 se
1215 2922 1254 2979 ab

210 3001 273 3061 aliis
288 3004 389 3063 virtute
403 3006 530 3078 soporari
545 3022 628 3080 aegre
645 3006 797 3065 admodum
814 3008 920 3078 ieranl3
936 3010 1042 3065 lanum
1052 3006 1255 3064 bumanaena-

209 3092 290 3149 turae
309 3089 475 3163 dignitatem
496 3091 531 3150 de
552 3092 640 3165 gradu
659 3092 791 3162 deiicere,
808 3096 837 3149 et
857 3090 1026 3164 vituperare,
1043 3096 1079 3163 ct,
1097 3089 1122 3148 si
1141 3091 1254 3164 superis

209 3174 311 3247 placet,
325 3174 360 3233 de
374 3175 468 3234 medio
482 3176 586 3248 pellere
600 3178 740 3235 nituntur.

133 3292 138 3297 -
247 3257 307 3319 tal.
320 3260 396 3328 Quod
412 3268 506 3320 autem
516 3261 622 3321 inflatis
633 3262 731 3321 buccis
739 3260 908 3339 inclamant:
920 3259 1058 3319 eiusmodi
1069 3258 1191 3320 caelibes
1199 3260 1253 3322 bu·

209 3355 311 3402 manae
329 3345 455 3404 societati
477 3346 593 3405 inutiles
614 3363 690 3420 esse;
714 3359 812 3406 eorum
832 3362 889 3405 uon
903 3346 998 3403 minus
1016 3345 1252 3405 inverecundiam

209 3444 295 3502 qnam
310 3430 458 3489 stultitiam
472 3432 644 3491 manifestat.
661 3434 730 3493 Nam
746 3432 865 3490 societas
875 3446 932 3489 nou
942 3429 1253 3504 estaggregatioquae-

209 3513 275 3571 dam
289 3514 448 3587 plantarum
463 3525 512 3574 aut
525 3518 676 3591 pecudum,
698 3518 728 3575 in
744 3532 800 3591 qua
819 3532 874 3590 quo
893 3514 1039 3573 meliorest
1053 3528 1198 3583 numerus
1215 3530 1252 3575 eo

209 3601 300 3656 maior
314 3599 435 3659 balrotnr
448 3602 565 3660 utilitas.
583 3602 636 3660 Sed
651 3608 694 3660 est
710 3601 889 3675 congregatio
903 3599 1052 3657 bonunum
1066 3598 1175 3658 ratione
1189 3600 1251 3673 pol-

209 3681 339 3754 lentium,
355 3686 385 3742 in
401 3685 503 3759 quibus
516 3686 604 3745 animi
614 3686 749 3760 perfectio
759 3685 937 3760 potissimum
948 3684 1110 3758 quaerenda
1121 3690 1173 3743 est.
1190 3684 1250 3745 lam

210 3782 275 3826 vero
290 3770 421 3844 caelibes,
436 3773 470 3829 de
485 3772 588 3844 quibus
602 3766 753 3845 loquimur,
770 3770 875 3830 idcirco
890 3786 907 3828 a
922 3766 1028 3842 nuptiis
1045 3768 1197 3843 abstinent,
1219 3777 1254 3829 ut

209 3852 244 3908 de
258 3855 427 3924 perliciendo
443 3858 537 3915 animo
553 3858 635 3915 unico
650 3856 772 3930 cogitent
786 3862 815 3915 et
828 3854 1001 3913 adlaborent.
1018 3852 1089 3927 Ergo
1110 3854 1253 3915 maximo

208 3950 275 4009 pere
290 3945 390 3996 curant
404 3938 442 4012 id,
459 3940 533 4017 quod
547 3940 726 4017 potissbonm
741 3942 777 4005 ad
790 3942 898 4003 bonum
916 3936 1040 4001 bominis
1059 3943 1087 4002 el
1107 3938 1254 4003 sericatis
