2767 4492
411 373 488 419 nnis
503 373 644 420 ulturum
659 390 671 401 -
686 374 847 421 inomaus
1097 348 1151 422 1'05

110 463 245 533 consopito
257 464 372 521 solearii,
387 471 465 529 atquo
475 464 570 514 exinde
583 476 691 514 eausam
703 471 827 527 repetant
840 478 886 514 sur
899 466 947 516 doe
957 465 999 517 vel
1013 465 1082 517 illud
1095 467 1152 520 iure

111 561 154 605 aut
169 554 275 603 iniuria
286 557 420 615 patretur.
966 603 975 614 „

143 638 261 702 Denique
275 651 344 693 euru,
355 643 386 687 ut
399 635 454 686 olio
470 635 524 687 loeo
537 636 639 688 diuitem
653 638 690 686 osi
711 630 735 693 i,
750 637 793 688 lea
802 641 919 689 naturae
932 636 983 690 Dei
997 647 1151 705 conceptum
1233 683 1238 690 .

110 723 160 774 sibi
171 723 305 786 implicet;
318 723 408 772 eadem
418 722 525 772 notione
538 722 673 774 rationem
685 724 752 774 iusti
766 727 889 773 constare
902 730 1016 785 oportet.
1031 723 1149 778 Proinde

112 823 159 874 pua
171 809 288 858 uiuidior
302 814 326 858 et
337 809 433 870 purior
444 809 505 858 idea
520 807 571 858 Dei
582 809 716 860 montibus
729 808 854 859 ltumanis
865 805 995 873 offulpoot
1006 823 1038 858 ar
1051 810 1149 872 sortiris

112 896 230 953 animum
242 891 409 958 inflammet:
422 905 450 941 eo
464 893 548 941 tutior
562 899 586 943 et
598 897 733 956 operosior
747 893 871 943 iustitiae
891 894 1026 943 sanctitas
1043 907 1152 956 perusa·

112 980 192 1032 nebit.
207 977 280 1027 Hine
289 978 386 1040 optimo
400 989 433 1025 eu-
445 976 583 1040 relipionm
597 993 651 1041 qua
661 981 721 1042 quis
733 978 803 1043 torte
815 983 942 1037 ornatur,
955 978 1095 1026 criterium
1107 993 1151 1028 so-

112 1066 195 1114 mitur
208 1065 244 1114 ad
256 1063 430 1112 iudicandum
442 1075 495 1124 pua
515 1062 666 1114 stabilitate
679 1070 705 1114 et
722 1076 812 1113 amore
824 1062 960 1111 iustitiam
972 1064 1095 1125 prosequi
1109 1077 1152 1113 so·

113 1150 234 1208 leot‚·uee
241 1147 353 1210 proinde
364 1148 501 1208 potentius
512 1159 543 1196 ae
552 1149 640 1211 mapis
654 1153 834 1211 opportunum
844 1148 961 1196 medium
971 1147 1009 1196 od
1018 1147 1154 1197 iustitium

112 1235 182 1284 inter
193 1233 311 1282 domines
320 1231 464 1294 fouendum
476 1238 584 1294 praesto
595 1239 645 1290 est,
656 1247 737 1297 quam
746 1239 776 1283 ut
786 1231 908 1282 studium
917 1238 942 1281 et
953 1244 1030 1281 amor
1041 1232 1153 1306 relipio-

113 1322 156 1369 nts
166 1324 364 1381 promoveatur.
680 1331 683 1338 ·

147 1403 199 1453 His
212 1404 361 1474 pepererim
372 1404 404 1452 de
418 1400 517 1454 abieoto
533 1403 610 1454 liuius
621 1404 784 1468 disciplinae
794 1400 966 1466 praelibatis,
977 1403 1008 1452 de
1022 1403 1079 1452 sius
1088 1415 1153 1465 por·

113 1489 218 1544 titions,
231 1501 297 1551 puae
312 1488 368 1538 inm
382 1489 463 1538 initio
475 1489 600 1540 indicata
614 1497 650 1540 est
667 1489 701 1551 2,
716 1491 822 1553 aliquid
838 1489 980 1538 addamus.
997 1487 1154 1550 Tripartita

112 1573 197 1636 ipitur
209 1573 339 1623 diuisione
352 1575 464 1630 utimur,
479 1580 607 1637 quatenus
621 1577 665 1624 ius
677 1582 725 1625 aut
738 1570 918 1633 individuale,
929 1578 978 1622 out
987 1569 1097 1627 sociale,
1108 1577 1157 1622 out

113 1653 317 1708 internitionele
329 1671 445 1708 seorsum
458 1660 560 1722 triplioi
572 1660 640 1710 libro
651 1661 871 1722 contemplamur.
884 1657 1020 1718 linurin,
1033 1671 1099 1720 quae
1109 1659 1156 1706 lio-

112 1755 154 1792 mo
167 1743 272 1792 actions
285 1756 334 1792 sua
345 1749 485 1806 praestare
500 1749 603 1794 tenetur
617 1751 665 1795 aut
677 1747 782 1808 eripere
794 1743 828 1792 ab
843 1743 908 1792 aliis
922 1744 980 1793 iurs
1001 1748 1107 1804 potest,
1120 1754 1156 1791 ea

111 1827 286 1878 relationibus
300 1830 429 1888 pendent,
440 1828 534 1892 quidus
551 1831 708 1882 instruitur.
723 1829 876 1879 delationes
900 1833 989 1878 autem
1008 1827 1160 1877 huiusmodi

110 1901 277 1962 volmarsen
291 1919 391 1962 noireto
405 1919 554 1977 eosurpunt
566 1915 628 1974 soei
646 1929 679 1965 en
692 1914 765 1977 sarto
788 1913 926 1962 societatis
945 1912 1090 1968 oriuntur,
1105 1925 1159 1975 quo

113 1995 188 2046 domo
206 2011 260 2046 non
274 1999 331 2046 iam
347 2001 495 2060 separatim
513 1999 676 2062 inspicitur,
691 2006 773 2062 prout
790 1984 838 2048 ¹ens
855 1998 989 2061 quoddam
1006 1999 1107 2047 morale
1130 2001 1155 2046 et
1242 2051 1247 2060 ‚

110 2095 224 2144 persono
238 2087 276 2132 est
288 2084 442 2142 dumtaxat,
458 2085 503 2132 sed
515 2091 659 2146 quatenus,
673 2085 811 2133 iuuetions
824 2096 884 2132 eum
896 2082 963 2130 aliis
975 2095 1082 2143 ssopum
1101 2081 1156 2129 ali·

114 2179 189 2230 quem
199 2179 360 2216 communem
371 2169 563 2230 praestitutum
575 2168 664 2226 dolat,
676 2170 714 2218 ud
725 2170 862 2231 ipsumque
872 2167 1062 2230 assequendum
1073 2167 1159 2215 sosio-

113 2264 184 2306 rum,
198 2252 304 2300 tollatis
319 2251 434 2308 nisibus,
447 2253 585 2314 praesidio
599 2255 697 2302 utitur.
714 2252 745 2302 Si
760 2259 847 2303 status
862 2253 904 2301 die
918 2257 1065 2313 spectatur,
1076 2250 1155 2300 liudt-

115 2342 160 2387 tur
172 2337 215 2386 ius
229 2337 325 2386 sosiale
337 2343 361 2387 et
374 2339 416 2386 ius
428 2340 567 2401 pontium,
582 2340 613 2389 de
627 2338 723 2402 quidus
734 2340 765 2388 in
777 2340 891 2388 seeundo
904 2344 930 2387 et
940 2344 1072 2399 postremo
1087 2335 1156 2385 libro

114 2423 215 2471 dicturi
225 2435 323 2471 sumus.
335 2421 384 2472 Sin
395 2424 516 2486 superior
526 2430 772 2488 tantumrespeetas
782 2423 812 2473 ob
824 2424 913 2472 oeulos
922 2423 1066 2480 statuitur,
1078 2433 1158 2469 omer-

114 2508 155 2570 pit
168 2491 210 2556 ius
223 2507 410 2570 individuale,
425 2522 443 2558 a
463 2522 514 2572 quo
537 2511 727 2562 tractationem
748 2511 817 2558 liano
831 2513 954 2556 nostram
972 2506 1154 2564 auspicamur.

114 2589 241 2652 Quamuis
253 2593 324 2662 enim
337 2594 427 2651 domat
442 2596 478 2644 ad
490 2608 546 2646 rem
564 2597 634 2660 quod
647 2597 780 2660 pertinet,
793 2595 824 2642 in
836 2592 962 2640 societate
976 2589 1011 2636 sit
1026 2589 1156 2636 eonstitu-

114 2681 167 2744 ωε,
184 2679 220 2727 od
232 2691 312 2740 quam
324 2679 351 2727 ui
365 2685 481 2730 noturus
494 2682 673 2744 propellitur:
690 2687 780 2730 tamen
791 2677 878 2726 multa
896 2671 1077 2738 nantellino,
1092 2684 1160 2733 quas

114 2762 218 2811 ciuilem
228 2768 330 2812 statum
341 2763 372 2812 in
385 2777 432 2812 suo
444 2771 569 2828 consepta
579 2778 747 2829 nequaquam
757 2761 912 2818 inuoluunt,
925 2757 1063 2819 multoque
1077 2756 1161 2806 stiam

114 2846 178 2894 iura
192 2851 300 2896 exstant
314 2860 380 2910 quas
393 2849 471 2896 illum
484 2863 539 2898 non
552 2850 727 2903 subaudiunt,
738 2849 783 2896 sed
795 2846 917 2893 ordinem
927 2843 1003 2890 uniee
1016 2842 1109 2891 dieunt
1121 2842 1158 2891 od

115 2928 185 2977 alias
198 2929 313 2977 domines
324 2937 405 2990 prout
419 2931 554 2980 nobiseum
571 2939 687 2982 natissae
702 2937 809 2980 tautam
825 2927 1005 2976 similitudine
1024 2926 1158 2988 callipon-

116 3017 171 3063 tur.
188 3012 270 3060 immo
285 3024 317 3061 ne
332 3025 420 3062 eorum
438 3015 546 3076 quidem
564 3015 645 3064 realis
666 3014 813 3065 existentia
836 3011 1001 3076 requiritur:
1017 3013 1062 3060 sed
1080 3011 1162 3073 plane

113 3095 212 3162 sufficit
225 3101 255 3144 ut
269 3097 325 3145 sint
336 3097 489 3159 possibiles,
503 3099 723 3162 quemadmodum
742 3094 858 3161 inferius
881 3096 997 3146 elatiore
1011 3097 1068 3146 lues
1084 3102 1162 3157 pate-

116 3180 155 3230 ott
171 3177 196 3230 il.
211 3179 296 3244 Atque
309 3181 372 3231 liaeo
389 3189 516 3245 separato
534 3185 603 3234 iuris
617 3183 797 3234 individualis
815 3183 957 3246 oestipatto
971 3195 1000 3232 eo
1014 3181 1161 3231 sumutttus

162 3327 282 3389 t'tetiem
297 3357 344 3405 etp.
361 3342 385 3406 3,
401 3348 442 3390 ort.
461 3345 483 3391 i.

162 3418 177 3464 2
194 3418 281 3465 ididem
297 3418 380 3464 introd.
397 3425 438 3466 orl.
457 3419 480 3467 i.

162 3494 176 3539 ὅ
194 3493 226 3540 dd
242 3510 287 3540 rem
302 3495 430 3542 liosnrinus:
451 3518 459 3538 s
473 3493 495 3543 Si
511 3493 564 3546 dota
579 3510 689 3546 ossttuora
706 3495 746 3547 eise
762 3511 807 3546 nen
823 3496 835 3545 i
849 3495 884 3560 gii
906 3490 1037 3558 adiutorio,
1053 3490 1165 3542 tceiocehd

117 3587 126 3611 u
146 3569 163 3614 il
178 3569 244 3615 dritta
263 3569 398 3616 individuale
413 3585 476 3632 possa
492 3589 542 3620 svor
556 3575 633 3640 luogo,
652 3577 691 3622 cho
709 3574 727 3621 si
744 3590 887 3638 suppongono
906 3573 983 3619 essorsi
998 3572 1076 3618 trovnti
1093 3588 1106 3616 o
1123 3587 1165 3632 po-

118 3646 200 3692 aursi
216 3651 299 3694 trottru
316 3645 339 3690 in
356 3647 398 3692 itio
415 3653 471 3694 sisio
487 3650 537 3695 tutti
552 3651 581 3710 pli
597 3652 690 3714 nomini,
704 3667 739 3697 ms
750 3651 811 3696 busto
826 3650 875 3695 anzi
889 3647 929 3694 eho
943 3654 1017 3694 irotor
1031 3648 1053 3693 ri
1068 3646 1086 3691 si
1102 3662 1166 3708 possa

118 3741 127 3764 ι
147 3739 177 3768 ua
194 3723 248 3769 solo.
267 3723 372 3770 Perocohi
393 3724 461 3771 incito
477 3727 484 3770 i
504 3725 573 3772 liridi
590 3725 612 3772 d'
624 3745 653 3774 un
671 3719 719 3774 sola
735 3745 799 3775 uomo
820 3743 873 3774 sono
895 3741 936 3788 pur
957 3725 1031 3786 socri,
1048 3740 1060 3769 o
1076 3723 1167 3770 ssrebbs

118 3817 127 3841 ι
146 3813 221 3860 presso
236 3799 354 3862 deil'operu
369 3799 391 3846 lo
407 3801 506 3848 sorivorsi
522 3817 552 3848 un
567 3802 624 3850 libro
639 3804 744 3852 uil'onito
759 3819 824 3866 scapo
839 3800 982 3863 d'insepnoro
996 3816 1008 3846 s
1023 3799 1140 3862 qaeii¹uno
1156 3815 1168 3846 tt

118 3893 127 3917 ι
147 3875 284 3940 conoscorli,
301 3893 313 3922 o
328 3877 370 3938 opii
385 3877 436 3924 sliri
451 3880 501 3926 tutti
516 3895 528 3925 o
542 3879 668 3942 rispellorli.
691 3881 806 3928 Senonehd
820 3880 842 3926 lt
859 3879 965 3926 amoniti
981 3893 994 3924 e
1008 3877 1024 3922 l'
1036 3876 1170 3938 importunas

116 3971 127 3998 u
147 3950 198 4002 ‹leil’
208 3948 343 4008 individuale
358 3953 434 4006 ‹lirillo
451 3957 463 4008 l
478 3953 554 4008 tiitiis
570 3961 698 4012 mutuate
721 3955 882 4026 indipendeuto
901 3955 930 4006 tit
952 3953 1004 4022 ogni
1023 3952 1091 4004 tedii
1113 3951 1170 4004 teitu

887 4033 899 4058 ί

870 4031 887 4102 6
