2767 4492
247 281 306 341 136Ι
573 287 783 360 murmuraret
797 289 963 337 enarrans

245 380 294 452 tio,
310 391 377 437 cunr
391 375 590 436 convenientia
603 375 690 434 istaec
705 376 826 449 spectari
840 375 930 448 possit
937 374 984 445 rol
998 375 1092 448 quoad
1101 375 1232 435 notiones
1242 389 1291 447 ge·

244 463 366 535 noricas,
381 462 428 522 vel
440 461 533 535 quoad
547 459 728 520 constitutiva
742 459 885 532 specifica,
901 459 946 517 vel
961 459 1084 532 denique
1094 459 1187 532 quoad
1201 459 1291 516 deler-

244 545 418 606 minationes
432 544 594 603 numericas
603 542 839 616 individuamque
853 541 896 601 rei
905 540 1068 614 entitatem;
1082 542 1216 601 identitas
1224 557 1291 616 par·

243 630 341 690 tienda
354 633 398 688 est
410 628 497 688 etiam
508 629 538 687 in
552 626 728 702 guccricom,
744 626 917 702 specificam,
930 630 958 684 et
972 627 1170 685 numericam.
1187 625 1233 684 Sic
1244 626 1289 683 in·

244 718 287 774 ter
300 713 447 772 hominem
461 717 490 771 et
502 711 628 770 belluam
641 710 785 784 generice,
801 710 875 770 inter
889 709 1017 769 diversos
1031 711 1162 769 homines
1173 709 1289 784 'specifi-

197 841 203 853 .
243 812 288 870 ca,
299 798 374 856 inter
384 812 474 856 unum
487 794 633 854 hominem
643 795 807 868 etscipsum
822 795 970 852 numerica
980 793 1112 854 identitas
1128 793 1287 852 intercedit.

243 880 370 955 Denique
384 881 516 939 identitas
531 873 587 938 alia
602 883 645 938 est
658 879 757 952 reolo,
771 879 827 937 alia
841 877 984 950 coticula·
999 893 1121 951 quarum
1131 877 1224 950 prima
1238 877 1289 934 ha-

244 966 329 1024 hetur
343 979 410 1023 cum
426 981 478 1024 ens
493 963 548 1022 sibi
566 968 610 1022 est
627 963 703 1022 idem
720 963 813 1036 quoad
831 977 893 1021 rem
908 962 1014 1036 ipsam,
1031 961 1120 1021 altera
1137 975 1201 1019 vero
1222 974 1290 1018 cum

244 1048 400 1110 nonmodo
413 1064 455 1120 re,
472 1047 622 1106 sedebam
635 1052 774 1121 conceptu
788 1045 844 1104 eibi
859 1047 998 1119 congmit.
1338 1109 1341 1114 ,

282 1133 310 1191 8.
327 1133 397 1191 Cum
410 1131 573 1191 notionibus
587 1130 714 1189 cucitotis
737 1134 822 1203 atque
838 1129 1018 1198 idcodtotis,
1034 1134 1187 1203 conceptus
1201 1128 1289 1188 etiam

243 1219 367 1278 nectitur
378 1219 596 1291 similitudinis,
614 1234 688 1292 quae
702 1233 816 1291 semper
829 1218 860 1277 in
876 1217 1089 1291 aliquaunitate
1103 1218 1149 1276 ref
1158 1217 1288 1276 identita-

245 1308 273 1361 te
287 1303 432 1362 fundatur.
447 1303 495 1361 Est
507 1308 603 1360 autem
617 1301 773 1360 similitudo
794 1301 950 1360 concordio
965 1301 1188 1372 distichorum,-
1203 1305 1288 1373 atque

242 1386 306 1446 ideo
319 1385 362 1444 ibi
375 1386 466 1459 viget,
482 1386 533 1464 uhi
552 1386 630 1444 entia
644 1400 766 1444 numero
781 1385 942 1443 differentia
956 1385 986 1442 in
1001 1385 1097 1458 aliqua
1116 1385 1288 1459 perfectione

122 1518 126 1524 .
242 1469 288 1528 vel
302 1471 465 1528 charactere
480 1469 663 1528 conveniunt.
678 1469 865 1542 Proindeque,
882 1484 955 1542 quae
970 1468 1076 1526 similia
1090 1473 1237 1540 uocantur,
1254 1483 1287 1526 ea

242 1551 310 1610 licet
322 1568 443 1612 numero
455 1552 631 1625 discrepent3
648 1556 745 1610 tamen
760 1557 810 1610 aut
820 1551 923 1626 specie,
937 1557 986 1609 aut
1000 1567 1113 1624 genere,
1126 1558 1175 1609 aut
1185 1551 1287 1609 saltem

243 1635 390 1709 analogia,
410 1635 510 1694 eadem
524 1635 582 1694 sint
599 1640 717 1709 oportet.
739 1636 927 1696 Nihilominus
942 1635 1115 1708 frequentior
1135 1635 1285 1711 lulitusus

243 1723 276 1778 ut
289 1718 396 1777 similia
409 1735 445 1777 ea
458 1719 583 1779 strictius
597 1719 775 1793 dicerentur,
792 1735 865 1793 quae
879 1719 1008 1778 uicissim
1021 1719 1052 1776 in
1067 1719 1202 1792 qualitate
1222 1733 1287 1776 con-

245 1803 390 1874 sentiunt,
408 1808 441 1861 ut
455 1803 511 1861 duo
534 1818 652 1877 corpora
666 1803 797 1862 albedine
811 1804 936 1877 suffusa,
952 1818 1025 1876 quae
1041 1808 1136 1861 autem
1150 1803 1180 1861 in
1199 1817 1287 1875 quan·

245 1884 325 1943 titate
339 1891 511 1958 consonant,
526 1902 561 1944 ea
574 1886 687 1962 proprie
701 1903 760 1946 nou
779 1887 894 1946 similla
916 1888 965 1946 sed
980 1887 1120 1962 aequalia
1141 1900 1286 1958 nuncupa·

244 1973 352 2037 renum
368 1974 400 2028 ut
414 1969 470 2030 duo
484 1969 608 2038 metalla,
626 1976 745 2044 utraque
760 1978 876 2030 centum
889 1970 1028 2030 librarum
1044 1971 1146 2044 pondo.

278 2053 306 2112 9.
318 2053 377 2122 Oua
391 2055 469 2113 inre
483 2069 550 2113 cum
564 2055 600 2113 de
614 2054 800 2114 similitudine
815 2055 890 2112 facta
905 2054 1011 2113 mentio
1025 2054 1070 2128 sit,
1084 2054 1196 2112 silentio
1210 2067 1287 2127 prae

245 2137 323 2196 teriri
337 2138 435 2207 nequit
449 2138 569 2198 celebris
582 2139 658 2197 inter
670 2138 843 2198 Leihnitium
858 2143 886 2196 et
902 2138 1043 2196 Glarkium
1059 2142 1158 2196 exorta
1173 2142 1286 2196 conten·
1319 2163 1321 2168 ·

244 2219 296 2278 tio:
311 2225 408 2279 unum
423 2221 480 2280 duo
494 2223 571 2281 entia
585 2221 709 2281 inveniri
732 2226 846 2295 possent
865 2221 990 2294 perfecte
1006 2221 1128 2293 similia,
1146 2237 1198 2280 scu
1211 2235 1284 2295 quae

241 2303 301 2363 solo
310 2319 430 2363 numero
438 2305 634 2379 discreparent
648 2309 673 2363 ⁴.
685 2305 874 2364 Vehementer
888 2306 1011 2379 negabat
1025 2305 1194 2377 Leibnitius3
1211 2304 1287 2362 unde

241 2386 295 2446 boc
310 2388 485 2462 principium
499 2389 611 2447 sumit:
627 2388 695 2462 ficri
707 2403 858 2462 cooperor
870 2396 905 2445 ut
924 2388 983 2446 duo
993 2387 1287 2446 indiolcluosolo'mt-

240 2485 321 2528 mcro
331 2472 499 2545 differentia
512 2472 546 2530 io
560 2472 613 2530 boc
627 2471 741 2530 mundo
758 2479 877 2530 scatent.
888 2471 1055 2530 Affirmabat
1065 2471 1206 2544 (laricino,
1223 2471 1285 2530 nul-

240 2551 300 2610 lam
318 2554 460 2627 siquidem
477 2555 531 2613 hac
551 2555 582 2613 in
601 2571 634 2614 re
652 2556 752 2614 adesse
774 2555 992 2628 repugnantiam
1015 2555 1211 2614 contendebat.
1231 2555 1285 2613 llos

242 2633 352 2694 Clarkio
365 2635 594 2712 adstipulandum
609 2653 769 2718 censemus.
785 2637 815 2697 ld
829 2639 907 2697 enim
921 2639 983 2697 fieri
994 2653 1011 2696 a
1021 2639 1077 2698 fleo
1090 2643 1182 2712 potest
1192 2682 1199 2711 ,
1211 2638 1286 2711 quod

240 2717 413 2779 intrinsecus
426 2722 646 2796 repugnantiam
655 2736 715 2779 non
730 2721 863 2794 involvit,
881 2722 989 2780 nullam
999 2728 1094 2781 autem
1107 2723 1155 2780 hic
1166 2736 1228 2780 esse
1242 2737 1285 2780 re-

239 2803 426 2876 pugnantiam
440 2805 500 2878 ipse
515 2804 674 2864 heibnilius
688 2805 807 2863 renate
823 2805 940 2864 adactus
954 2804 1136 2878 largiebatur.

171 2940 175 2944 r
275 2886 331 2945 Nec
345 2893 513 2960 argumenta
523 2888 558 2945 de
571 2888 698 2947 carenda
707 2888 826 2947 rationis
840 2888 1009 2947 sufficientis
1028 2905 1079 2962 pro
1096 2889 1227 2961 utrisque
1236 2903 1284 2946 en·

242 2968 318 3027 libus
331 2970 363 3028 in
376 2971 488 3030 diverso
501 2971 563 3030 foco
573 2971 717 3046 mandis,
734 2977 783 3031 aut
797 2973 832 3031 de
846 2971 1022 3046 experientia
1036 2973 1066 3030 in
1081 2972 1214 3031 omnibus
1227 2971 1284 3030 dis·

241 3052 458 3112 similitudinem
476 3055 603 3129 aliquam
624 3057 814 3130 patefaciente
834 3055 962 3130 (quibus
985 3055 1033 3113 ille
1052 3056 1088 3113 ad
1105 3055 1283 3130 hypothesim

241 3150 323 3193 suam
335 3136 485 3211 utebatur)
499 3138 636 3198 evincunt
650 3139 767 3211 aliquid.
783 3141 853 3216 Nam
874 3139 910 3196 ad
924 3139 1050 3214 primum
1065 3139 1141 3212 quod
1159 3142 1281 3211 spectat,

239 3217 387 3279 individua
400 3221 456 3279 loci
469 3221 667 3281 determinatio
683 3236 742 3281 non
757 3237 775 3280 a
790 3228 893 3281 natura
906 3223 963 3296 rei,
980 3237 1052 3296 quae
1075 3221 1217 3293 conditur,
1235 3221 1285 3279 sed

240 3316 259 3359 a
273 3303 399 3375 supremi
414 3303 571 3363 conditoris
583 3305 690 3378 pendet
703 3304 842 3364 libertate.
860 3305 951 3372 Quare
965 3311 998 3364 ut
1010 3305 1059 3364 liei
1074 3304 1203 3363 voluntas
1218 3318 1284 3362 cunr

239 3401 291 3446 ens
306 3387 425 3460 quodvis
439 3393 559 3461 crearet,
574 3388 624 3446 tali
638 3388 700 3447 loco
714 3403 782 3460 prae
797 3389 852 3447 alio
867 3389 954 3448 libere
969 3390 1123 3461 constiutit,
1136 3389 1202 3447 licet
1216 3387 1283 3444 alibi

239 3469 376 3528 collocare
393 3471 545 3544 pohnsset3
561 3471 603 3530 sic
621 3470 647 3530 si
663 3485 770 3530 norum
790 3487 841 3530 ens
861 3473 993 3531 conderet
1014 3472 1152 3546 superiori
1169 3485 1284 3544 prorsus

239 3555 395 3629 consimile,
411 3555 508 3629 ipsum
520 3556 552 3614 in
566 3555 622 3616 alio
636 3556 770 3615 disuncco
785 3555 845 3618 loco
861 3557 946 3632 (quod
960 3573 1011 3631 pro
1021 3558 1113 3630 primo
1128 3556 1223 3616 facere
1232 3569 1283 3628 po-

236 3733 294 3859 00:
315 3736 416 3821 decurii.
434 3736 463 3784 do
478 3737 540 3785 lctfr.
562 3743 623 3786 eutr.
646 3739 710 3787 teil.
728 3744 750 3787 el
766 3741 846 3788 Clark.
868 3740 909 3802 Op.
931 3739 1120 3788 woormhout.
1141 3738 1164 3784 2.
1183 3735 1286 3785 Editione

283 3824 365 3862 menn.
