2767 4492
219 318 255 384 st
661 325 823 380 assumta

229 433 233 440 ’
255 421 299 480 39.
314 418 411 494 tuque
432 413 576 477 tendentia
594 415 644 477 illa
662 416 772 488 vitalis,
794 430 852 490 qna
868 412 981 473 animus
1000 411 1031 472 in
1048 410 1159 473 bonum
1172 414 1261 475 sensi·

218 505 273 564 bus
288 504 464 578 propositum
479 503 577 574 lertnr,
600 507 685 575 atque
703 516 720 557 a
739 499 815 557 malo
833 498 1002 570 retrahitur,
1024 497 1138 556 sensilis
1155 497 1262 572 appeti·

220 589 258 647 tio
272 588 444 647 nominatur.
465 587 538 646 llaec
557 599 623 644 oum
642 583 754 643 nonnisi
777 582 922 642 obiectum
943 581 1092 641 materiale
1105 588 1135 641 et
1147 597 1262 641 concre-

218 676 279 731 tum
293 671 406 747 proprie
420 668 568 745 respiciat,
590 683 763 743 exsuperare
782 667 882 741 nequit
902 667 1037 726 sensilem
1051 666 1257 740 cognitionem,

218 771 235 814 a
253 771 311 829 quo
326 756 357 813 in
376 753 513 822 subiecto,
531 753 577 811 cui
597 753 680 825 inest,
696 751 891 825 ingeneratur.
914 752 947 808 dt
962 751 993 809 in
1011 750 1127 810 homine
1145 757 1260 824 propter

135 905 139 910 ,
217 839 444 898 coniunctionem
457 837 547 911 partis
564 835 708 895 sensibilis
727 849 794 893 cum
810 834 959 907 rationali,
982 849 1189 908 saepenumero
1211 849 1260 909 ap·

218 921 383 996 petitionem
402 922 495 995 ipsam
521 919 674 980 voluntatis
696 919 773 978 circa
793 919 902 977 bonum
921 917 1070 993 spirituale
1092 919 1256 993 comitatum

216 1005 257 1064 ita
278 1013 374 1064 tamen
397 1011 504 1065 utnon
522 1004 599 1063 circa
616 1003 687 1063 illud
707 1002 821 1078 proprie
836 1007 981 1075 versetur,
1001 1002 1052 1062 sed
1072 1003 1167 1076 potius
1183 1003 1260 1062 circe

150 1108 161 1150 r
214 1091 384 1163 phantasma
393 1088 507 1163 aliquod
518 1087 743 1163 imaginationis,
756 1087 831 1160 quod
843 1102 901 1145 una
910 1101 976 1145 cum
986 1086 1171 1160 conceptione
1180 1101 1258 1145 men·

215 1173 250 1231 tis
269 1173 461 1246 exsiluisset
479 1173 511 1232 ia
526 1188 582 1247 quo
598 1171 742 1231 obiectum
754 1169 824 1229 illud
835 1170 984 1243 spirituale
993 1169 1202 1244 quodammodo
1216 1186 1258 1228 re-

213 1256 298 1316 lucet.
314 1257 398 1320 Porro
418 1257 488 1316 haec
500 1255 647 1331 appetitio,
668 1269 734 1313 oum
744 1253 890 1312 remissior
908 1259 960 1326 ast,
974 1255 1092 1313 allectus
1108 1255 1259 1313 domarat

214 1341 352 1414 qarosdam
372 1341 491 1400 sensiles
517 1339 672 1399 constituit.
694 1341 727 1397 llt
744 1339 775 1398 in
797 1339 896 1398 altiore
913 1354 965 1397 sno
985 1339 1076 1411 gradu
1097 1337 1256 1397 subiectum

213 1424 397 1484 vehementer
424 1425 514 1484 allicit
531 1424 630 1483 necin
655 1423 715 1482 sola
731 1423 822 1482 animi
845 1423 978 1482 facultate
996 1438 1028 1481 se
1047 1422 1189 1491 confluet,
1207 1422 1256 1481 sed

214 1510 340 1583 corporis
349 1509 439 1583 ipsius
454 1509 720 1568 transmutationem
729 1508 883 1582 quamdam
898 1513 1012 1582 praeter
1022 1511 1128 1566 statum
1138 1521 1256 1566 consue·

214 1598 276 1651 tum
291 1600 320 1652 et
343 1593 504 1651 naturalem
527 1593 691 1651 adiunctam
715 1591 811 1651 habet.
836 1593 865 1650 ld
885 1607 1003 1650 eernere
1021 1597 1064 1649 est
1088 1591 1119 1667 in
1141 1590 1257 1650 homine

212 1676 286 1735 iram
306 1675 500 1750 concipiente,
520 1676 602 1734 cuius
624 1691 656 1734 os
675 1675 782 1750 pallore
801 1675 988 1748 suffunditur,
1010 1681 1089 1733 artus
1107 1675 1256 1734 contremi-

213 1764 305 1832 scunt,
325 1760 480 1819 scintillant
499 1759 584 1819 oculi.
605 1759 639 1818 lli
651 1760 878 1819 vehementiores
892 1759 1086 1819 sensibilitatis
1102 1765 1206 1832 motus,
1218 1775 1256 1817 ex

213 1858 314 1916 graeco
336 1844 530 1902 lontedetorto
549 1843 696 1916 vocabulo,
713 1844 863 1919 passiones
876 1849 1030 1915 uocantum
1047 1859 1120 1917 quae
1136 1844 1256 1918 proinde

216 1926 328 1984 deliniri
344 1933 461 1999 possunt
476 1927 526 2000 sic,
545 1933 577 1984 ut
589 1942 651 1985 esse
664 1927 810 1986 dicantur:
828 1926 1026 1986 vehementior
1039 1927 1177 1985 excitatio
1190 1942 1254 1985 sea-

212 2009 276 2068 silt's
294 2012 449 2084 appetitos,
465 2026 534 2068 eant
552 2011 669 2069 truecto
684 2011 815 2087 coeperis
831 2012 1030 2070 commotione.
1042 2011 1085 2069 Ex
1103 2027 1160 2084 quo
1178 2017 1269 2085 patet,

213 2091 290 2166 ipsas
304 2092 410 2166 duplici
425 2092 566 2153 elemento
580 2105 726 2154 constare:
741 2094 880 2154 nimirum
899 2100 965 2154 actu
986 2094 1076 2153 animi
1091 2095 1253 2168 mutanda,

213 2183 241 2235 et
257 2177 491 2236 transmutatione
510 2193 561 2237 seu
579 2179 746 2238 alteratione
762 2178 957 2238 membrorum
973 2180 997 2236 l.

247 2259 292 2318 tt.
309 2259 455 2318 Passiones
469 2262 659 2320 communiter
678 2261 812 2321 bilariam
832 2262 1011 2322 dividuntur:
1033 2262 1065 2321 in
1083 2271 1194 2337 partem
1213 2263 1255 2322 ri·

212 2341 322 2416 delicet,
341 2357 427 2416 quam
446 2345 589 2419 appellant
609 2345 877 2420 concupiscibilem
893 2352 922 2405 el
937 2353 1065 2421 partam,
1086 2362 1173 2421 quam
1189 2349 1253 2406 iro·

210 2425 339 2485 scibilem
358 2434 467 2486 vocant.
490 2429 583 2487 Prima
600 2445 648 2488 eas
673 2429 885 2503 complectitur,
911 2446 984 2504 quae
1005 2437 1154 2489 versantur
1175 2431 1255 2490 circa

210 2511 318 2571 bonum
336 2513 563 2587 prosequendum
580 2520 629 2573 aut
642 2514 752 2573 melum
769 2514 973 2589 aversandnm3
993 2520 1023 2575 at
1039 2515 1209 2591 simpliciter
1224 2521 1255 2574 et

209 2611 261 2670 per
277 2613 309 2656 se
326 2597 507 2672 inspectum,
528 2603 612 2672 prout
630 2598 739 2657 bonum
754 2603 804 2656 aut
820 2598 941 2657 'malum
956 2604 1008 2657 est.
1028 2599 1121 2657 Altera
1137 2615 1203 2674 pars
1219 2599 1254 2658 il·

210 2681 252 2738 las
264 2682 398 2755 continet,
421 2697 495 2756 quae
511 2683 668 2757 respiciunt
679 2682 787 2741 bonum
804 2688 854 2740 aot
872 2683 980 2741 malum
999 2698 1057 2742 non
1067 2683 1251 2757 simpliciter,

210 2765 287 2824 omni
306 2765 600 2839 semotadiiilcultate,
614 2767 663 2825 sed
684 2765 895 2840 apprehensum
915 2772 946 2824 ut
961 2767 1121 2826 arduumet
1135 2767 1171 2824 ad
1181 2781 1253 2824 con·

150 2893 161 2912 .
211 2849 388 2921 sequendum
406 2849 663 2908 veldeclinandnm
683 2849 811 2908 dilticile.
823 2849 1255 2923 ldeeroproaenitexeoquod

210 2931 245 2988 ad
261 2932 429 2991 alterutrum
443 2933 616 3007 laciendum,
636 2949 667 2992 re
686 2933 783 3006 aliqua
792 2933 992 3007 impediamur.
1004 2935 1096 3002 Quare
1113 2933 1143 2993 hi
1155 2939 1253 2992 motus

209 3014 299 3100 animi
312 3015 457 3075 obiectum
468 3017 510 3076 sic
521 3024 705 3091 spectantut
722 3018 809 3077 simut
821 3024 950 3092 spectent
964 3019 1170 3093 impedimenta
1187 3019 1252 3092 qui·

208 3096 262 3157 bus
276 3097 420 3158 obiectum
440 3101 633 3173 adstringitur.

208 3203 210 3209 ⁴
243 3183 399 3256 Superioris
416 3185 503 3257 partis
520 3201 572 3244 sex
585 3186 731 3259 passiones
746 3191 968 3247 numerantura
988 3186 1015 3246 S.
1035 3187 1142 3247 Thema
1157 3189 1189 3261 ²,
1206 3187 1252 3247 ni·

206 3266 313 3324 nurum
330 3281 410 3326 amor
422 3274 451 3327 et
466 3269 573 3342 odium,
587 3270 761 3328 desiderium
778 3277 807 3329 et
823 3271 901 3346 luga,
921 3272 1057 3346 modium
1075 3278 1105 3331 et
1125 3264 1251 3330 tristitia.

207 3349 297 3410 Partis
315 3367 382 3411 vero
401 3353 565 3426 posterioris
581 3355 708 3428 quinque
727 3361 928 3415 recensentur:
945 3371 1010 3430 spes
1027 3361 1056 3414 et
1072 3355 1250 3431 desperatio,

206 3436 325 3495 andacia
345 3442 374 3495 et
393 3437 486 3510 timor,
507 3437 551 3496 ira
570 3438 704 3512 denique.
725 3438 777 3498 Hic
793 3455 913 3514 census,
930 3441 1069 3515 quidquid
1083 3447 1183 3500 contre
1200 3440 1254 3500 ob-

248 3633 261 3680 l
284 3633 352 3697 Saepe
368 3647 447 3681 nornen
462 3633 588 3698 passionom
604 3634 628 3683 in
643 3636 723 3685 melam
737 3642 850 3702 aquetur
865 3643 958 3703 parm,
973 3642 1081 3706 patenas
1095 3635 1186 3685 mustias
1199 3653 1256 3684 mo·

203 3707 238 3756 lta
254 3709 356 3772 exprimit
370 3709 450 3757 rationi
466 3713 593 3759 caraulas.
610 3712 645 3759 Sic
659 3713 771 3776 passiones
792 3715 870 3762 aalma·
883 3716 961 3763 scorti
974 3719 996 3763 el
1006 3716 1197 3775 mareotim
1216 3713 1256 3760 ‹ti-

202 3788 289 3831 enata.
370 3807 375 3818 ·

248 3800 376 3910 iratum
393 3863 470 3912 meat
486 3863 510 3928 l,
525 3863 549 3928 2,
565 3881 588 3928 tp.
605 3864 644 3930 25,
661 3869 703 3914 tri.
719 3862 743 3912 l.
