2767 4492
190 333 210 396 2
593 341 832 418 *emmorrouss

193 431 241 507 tia,
253 445 306 492 nec
320 444 448 506 unquam
463 428 593 490 absoluta
607 445 644 488 ex
658 429 737 487 omni
751 432 831 502 parte
845 425 966 486 scientia
974 425 1059 501 potiri
1072 440 1232 501 possumus

191 533 289 576 rerum
307 515 523 590 contemplatio,
540 515 587 573 cul
601 515 686 573 homo
701 517 800 586 vacat,
816 528 875 571 non
897 517 954 570 tam
975 512 1130 586 sapientia,
1146 527 1234 587 quam

190 602 284 675 potius
298 601 455 676 sapientiae
470 615 562 668 amor,
576 614 609 658 ac
623 597 704 657 nisus
718 597 810 656 animi
823 597 859 656 ad
873 612 937 656 eam
951 597 1235 671 comparandamve

191 685 251 744 curi
268 686 361 745 debet:
388 705 391 710 ·

223 771 257 828 ht
271 771 403 844 quamvis
416 771 492 830 inter
510 783 611 828 omnes
625 767 660 826 de
674 767 791 826 nomine
812 755 978 839 conveniat,
999 770 1095 825 tamen
1108 766 1144 825 de
1166 767 1234 825 dell·

189 854 307 927 nitlous,
325 870 473 929 quaeram
488 853 599 913 nomini
614 852 773 911 subiectam
791 851 924 928 explicet,
939 851 1081 910 dissidens
1095 852 1235 911 sententia

77 954 83 963 ·
190 942 241 996 est.
258 939 372 998 Veteres
386 939 543 1013 generatim
558 937 767 1011 philosophiam
782 935 981 1009 concipiebant
990 941 1137 1008 tamqnam
1151 951 1233 1008 geue·

188 1024 279 1082 ralem
292 1024 441 1083 scientiam
456 1023 669 1096 principiorum,
687 1021 793 1095 quibus
807 1036 854 1080 res
871 1035 971 1079 omnes
984 1021 1194 1080 constituuntur
1207 1027 1236 1080 et

189 1108 294 1182 uigent.
312 1109 417 1168 Tullios
428 1123 492 1167 eam
507 1107 651 1166 delinivit:
665 1121 770 1164 renen
786 1105 963 1164 divinornm
981 1114 1070 1180 atque
1087 1106 1235 1164 homone

190 1209 275 1267 rura,
294 1207 531 1268 consortemque,
550 1191 658 1266 quibas
678 1190 735 1248 boe
750 1205 796 1248 res
816 1191 1018 1264 conticentur,
1038 1191 1191 1249 scientiam
1207 1193 1234 1263 i,·

191 1278 316 1352 ltlollius,
330 1279 489 1353 cognitione
504 1278 632 1335 humana
645 1276 676 1333 in
690 1274 866 1347 historicam,
879 1274 1119 1349 mathematicam,
1131 1281 1159 1333 et
1172 1275 1235 1349 plri-

190 1362 363 1436 losophicam
378 1363 539 1434 distributa,
554 1360 764 1434 philosophiam
778 1359 929 1417 describit:
945 1360 1099 1418 scientiam
1114 1359 1236 1434 possibi-

191 1445 266 1504 lium
287 1455 434 1520 quatur-ro
454 1461 511 1504 esre
523 1452 646 1520 possunt
663 1446 694 1514 2,·
709 1443 866 1502 Genuensis
885 1459 950 1502 eam
964 1460 1026 1502 esse
1043 1444 1113 1502 dicit
1130 1459 1236 1502 rerum
1317 1475 1321 1484 ·

190 1536 391 1602 micenarum,
410 1533 564 1604 sactorum
581 1537 607 1588 ct
618 1528 815 1603 possibilium,
830 1543 996 1602 corumque
1009 1544 1182 1601 caurorum,
1201 1527 1235 1602 fr-

189 1613 286 1680 oium,
299 1614 488 1681 relationum,
500 1629 614 1672 risuum
628 1612 782 1670 scientiori
796 1615 824 1684 5;
840 1613 1018 1687 Galluppius:
1031 1613 1184 1671 sciomiom
1194 1627 1237 1670 co·

190 1697 342 1770 pilot-iocis
357 1697 508 1756 humanae
523 1699 550 1768 ⁴;
561 1697 744 1770 Romagnosi:
755 1697 909 1756 scient-iem
919 1697 1065 1755 recl-itatis
1073 1697 1236 1756 octboum·

191 1796 248 1855 quc
265 1797 370 1838 rorum
387 1781 522 1840 habituro
536 1797 590 1856 prr
609 1797 724 1855 cumas,
746 1798 823 1855 quac
838 1783 991 1856 assignari
1006 1789 1130 1857 possum
1146 1786 1171 1840 ὅ.

226 1865 253 1923 2.
270 1865 327 1924 Hoc
338 1865 430 1940 magis
444 1881 594 1940 apparens,
606 1881 695 1939 quam
708 1867 784 1925 reale
794 1866 946 1926 dissidium
956 1866 1088 1926 nonnulli
1098 1867 1140 1926 sic
1149 1882 1235 1942 exag-

191 1955 300 2023 gerant,
313 1955 345 2008 ut
358 1950 568 2024 taromiguiere
582 1965 710 2010 asserere
720 1967 778 2010 noo
793 1951 976 2024 dubitaverit,
993 1956 1101 2010 certam
1112 1952 1237 2026 philoso

190 2034 276 2108 phiae
290 2034 485 2094 definitionem
506 2035 672 2110 possibilem
691 2051 792 2095 revera
806 2052 864 2095 non
878 2053 941 2097 osse
957 2039 982 2094 ⁶.
998 2037 1103 2095 Verrrm
1116 2051 1175 2095 non
1194 2037 1236 2096 sic

192 2120 339 2193 negotiosa
353 2137 399 2180 res
415 2127 471 2194 est,
485 2127 517 2180 ut
531 2122 634 2181 resolvi
652 2127 790 2196 nequeat,
813 2123 899 2196 idque
920 2123 970 2181 liet
983 2122 1133 2196 perfacile,
1149 2123 1176 2180 si
1189 2138 1235 2181 oo·

191 2203 346 2277 gitabimus
360 2206 429 2280 quid
444 2206 633 2266 communiter
647 2222 681 2266 eo
696 2207 812 2266 nomine
826 2207 1009 2280 intelligatur.
1025 2208 1115 2280 hique
1134 2208 1166 2266 in
1180 2208 1237 2282 pri-

191 2288 247 2346 mis
261 2289 330 2348 illud
351 2295 476 2365 constat,
492 2291 688 2365 philosophiae
709 2306 814 2350 nomeu
829 2291 998 2364 generaliori
1019 2292 1145 2366 quadam
1158 2307 1237 2352 acce-

191 2374 287 2446 ptione
302 2376 508 2435 communicari
523 2377 638 2435 solitum
652 2392 715 2435 esse
725 2377 818 2435 cuivis
832 2371 982 2436 notionum
991 2378 1148 2452 systemati,
1159 2377 1237 2452 quod

192 2456 334 2517 obiectum
348 2461 472 2534 explieat
486 2476 617 2534 persnas
632 2477 744 2520 causas.
760 2462 830 2520 Nam
847 2475 915 2520 cum
927 2477 975 2521 res
988 2463 1083 2521 omnis
1097 2463 1236 2522 rationem

192 2544 318 2618 ahquam
339 2561 451 2620 semper
473 2548 576 2606 habeat
590 2563 642 2606 cur
660 2547 754 2621 potius
776 2547 814 2606 sit
835 2563 922 2621 quam
939 2548 1063 2621 nonsit,
1079 2548 1122 2607 sic
1142 2548 1236 2623 potins

193 2627 279 2704 quam
294 2629 376 2689 aliter
390 2631 441 2705 sit,
459 2633 585 2692 bumana
600 2632 724 2707 cognitio
737 2633 778 2691 ita
792 2632 823 2690 iu
833 2633 921 2691 rebus
935 2633 1095 2707 quibusque
1110 2631 1249 2692 scrutan'

191 2713 236 2772 dis
250 2715 358 2773 versari
371 2721 481 2790 potest,
501 2723 532 2775 ut
547 2732 648 2776 causas
662 2717 804 2776 eiusmodi
821 2722 850 2776 et
863 2718 987 2777 rationes
1001 2715 1143 2792 anquirat.
1159 2719 1237 2777 lunc

190 2797 391 2872 castigationes
405 2799 471 2858 illao
485 2801 680 2876 philosophiae
698 2802 815 2861 nomine
828 2802 860 2860 iu
875 2802 1063 2874 determinato
1079 2803 1174 2877 aliquo
1188 2819 1236 2876 ge·

192 2897 261 2942 nere
280 2885 513 2944 condecorantur.
533 2886 577 2946 Sic
589 2887 712 2946 dicirmm
725 2885 936 2961 philosophiam
953 2887 1097 2960 historiae,
1113 2887 1237 2960 philoso-

192 2968 289 3042 phiam
304 2971 406 3044 podsis,
423 2971 632 3046 philosophiam
645 2972 831 3051 pulchrarum
841 2972 956 3046 artium,
968 2978 1053 3046 atque
1068 2972 1108 3030 ita
1121 2973 1157 3030 de
1171 2972 1237 3031 aliis
1330 2963 1334 2968 ’

193 3054 305 3126 generis
320 3055 457 3115 eiusdem.
474 3055 504 3116 si
519 3057 605 3130 igitur
619 3057 793 3118 elementum
812 3071 965 3118 commune
978 3072 1016 3117 ex
1029 3057 1076 3116 his
1090 3057 1236 3116 abstraha-

238 3261 249 3308 l
268 3265 302 3312 Do
317 3265 409 3327 Officiis
421 3267 463 3314 tlt.
480 3267 504 3314 2,
778 3332 781 3336 ¹

238 3337 253 3386 2
267 3341 393 3389 obcursor
405 3345 482 3403 praet.
499 3346 527 3391 ac
539 3345 601 3405 phil.
614 3343 642 3394 in
655 3359 738 3406 pestere
752 3363 772 3395 c.
787 3345 812 3395 2.

237 3413 334 3464 Mrlir
348 3419 392 3476 loq.
409 3419 462 3465 crit.
479 3420 602 3482 Prolegom.

237 3489 251 3536 4
269 3493 320 3539 ιη.
338 3495 364 3540 dt
378 3495 432 3553 Lug.
449 3497 529 3544 elici.
543 3503 596 3543 tom.
614 3497 639 3562 l,
654 3497 694 3545 lez.
710 3497 734 3546 2.

237 3565 253 3612 b
270 3587 279 3609 ι
297 3569 326 3615 la
341 3571 426 3616 scieura
440 3570 491 3617 dell’
503 3589 573 3620 assare
588 3590 600 3620 e
617 3574 653 3620 ‹lal
668 3574 713 3622 lare
728 3575 785 3622 delle
799 3591 848 3624 cosa
867 3592 907 3640 per
919 3575 955 3625 rio
969 3572 1026 3625 tells
1035 3575 1083 3625 loro
1097 3589 1162 3624 cause
1177 3591 1238 3624 asse

194 3660 204 3684 .
220 3641 312 3703 gnarus.
327 3637 439 3694 niaco
453 3649 556 3708 [mm.
574 3651 630 3697 sorr
641 3655 692 3698 aro
703 3654 747 3712 op.
759 3652 776 3698 1.
793 3653 821 3715 rs
833 3670 852 3698 a.
865 3655 889 3716 r,
901 3669 944 3701 m.
956 3655 980 3700 l.
1086 3656 1089 3660 ·

239 3717 254 3763 (i
273 3739 281 3761 ι
298 3720 322 3766 ia
336 3735 364 3768 ns
379 3723 429 3785 puis
444 3723 500 3770 donc
515 3741 553 3788 pas
569 3741 623 3774 vous
638 3727 684 3774 diro
700 3744 724 3774 ca
738 3744 781 3791 qna
795 3727 848 3776 θοαί
861 3746 904 3792 qno
917 3731 939 3777 la
953 3731 1099 3795 philosophie.
1111 3733 1147 3780 On
1161 3746 1175 3782 t
1188 3745 1239 3780 ron·

198 3811 207 3840 ι
225 3791 324 3888 ‹ln-cotio
337 3795 453 3849 dibnilion
467 3800 603 3866 impossible.
618 3823 627 3850 ι
645 3805 729 3866 Legem
743 3806 771 3856 tic
782 3807 870 3869 pbilos-
886 3821 935 3872 ptr.
949 3807 976 3872 2,
991 3807 1034 3872 lot·
1049 3808 1074 3858 ⁴·
