2767 4492
335 271 968 340 mstttttttottesLodtdnnenotmotmnost
1141 273 1174 338 to

131 389 192 440 dum
202 385 386 452 informatum·
400 384 470 448 quod
482 384 545 433 dum
559 383 676 447 quaerit,
689 376 799 432 normas
813 379 921 445 aliquas
933 377 1064 444 sequitur,
1079 380 1176 445 quidus

131 473 264 539 copitandi
278 471 396 536 [acuitas
409 467 602 532 adstrinqitur.
614 466 651 518 Ae
665 481 724 517 cum
738 468 770 516 in
782 471 863 517 semet
876 465 974 516 reuerti
986 477 1060 516 mens
1072 479 1120 530 ope
1132 452 1176 517 ress

130 559 254 625 (teotonis
274 557 379 611 valeat,
402 555 468 618 isqes
490 553 619 603 eiusmodi
639 553 783 617 diiiqenter
800 550 967 628 perscrutari
985 555 1011 600 et
1027 551 1176 614 septennes

127 645 244 708 prosecta
261 646 360 707 potest.
384 639 458 690 Hinc
482 639 583 703 Loqica
602 639 738 703 acquisita
761 639 893 702 emerqit:
911 649 978 701 quae
1001 639 1101 687 idcirco
1120 651 1176 688 non

128 728 202 780 atiud
216 730 364 794 quidquam
383 727 462 776 addit
476 725 622 781 naturali,
637 725 694 774 nisi
713 723 871 774 distinctam
888 727 913 772 et
933 728 1088 772 accuratam
1101 723 1176 772 nott-

129 816 196 865 tiam
208 815 376 875 mediorum,
392 825 458 877 quae
471 821 544 862 mens
561 804 656 874 sponte
669 807 778 860 addidet
790 844 798 871 ‚
811 818 870 858 cum
883 818 973 860 cerum
986 807 1137 872 assequitur
1150 813 1175 859 et
1250 865 1255 874 ¹

128 903 246 954 declinat
258 914 382 953 errorem.

164 987 213 1037 Eu
224 1000 275 1051 quo
286 990 361 1050 patet
373 989 491 1050 quantoe
505 985 671 1037 necessitatis
686 997 718 1035 ea
730 981 768 1035 sit
780 983 817 1034 dd
828 982 955 1033 scientias
968 984 1174 1046 comparandos.

130 1069 193 1123 Nisi
207 1073 279 1123 enim
290 1071 416 1123 distincte
429 1077 455 1123 et
464 1071 543 1136 piene
555 1071 674 1135 sequias,
690 1081 757 1134 quas
773 1070 803 1118 in
822 1081 882 1119 aero
902 1069 1061 1132 inquirendo
1073 1069 1176 1117 servari

92 1145 98 1154 ’
129 1162 252 1221 oportet,
268 1161 331 1208 onte
348 1159 521 1224 noverimus:
542 1169 620 1219 ceqre
634 1157 779 1206 admodum
795 1167 843 1205 nec
859 1154 917 1204 stne
935 1153 1045 1203 errandi
1056 1153 1176 1215 pericuio

128 1243 223 1292 mediis
236 1243 273 1291 ad
284 1243 495 1306 coqnoscendum
507 1241 581 1289 dotis
594 1241 636 1289 uti
648 1252 787 1302 possumus
794 1254 805 1295 ,-
815 1239 975 1301 praesertim
987 1250 1046 1287 cum
1058 1239 1089 1289 dc
1099 1236 1177 1289 rebus

127 1327 325 1400 difficilioribus
340 1327 434 1390 aqitur
448 1339 466 1374 a
479 1332 610 1387 captuque
624 1325 733 1386 uuiqari
747 1323 943 1372 remotioribus.

165 1411 206 1462 De
221 1413 270 1460 nae
283 1423 344 1473 erqo
360 1407 462 1472 Leqiea
476 1401 701 1473 acquisita'nobis
711 1407 876 1470 impraesens
890 1409 1023 1470 aqendum
1035 1413 1090 1467 est;
1102 1411 1178 1459 cuius

125 1493 329 1561 praeceptiones
344 1507 378 1544 eu
390 1493 507 1542 rationis
520 1485 754 1543 animaduersione
767 1491 902 1555 profectus
911 1493 1014 1555 primus
1024 1490 1179 1544 ⁴iristoteies

128 1585 166 1632 ad
177 1581 308 1630 audentiae
322 1579 439 1642 sormam
452 1579 549 1642 eaeqit.
565 1577 641 1640 Quod
659 1591 725 1640 opus
742 1579 878 1642 eqreqium
892 1577 1089 1640 imperfectum
1101 1577 1179 1628 oiso-

129 1667 265 1728 iutumque
278 1676 312 1714 ea
325 1663 381 1714 eius
394 1663 518 1714 manibus
533 1665 650 1718 emersit,
663 1669 695 1712 ut
704 1662 776 1711 niisii
785 1663 810 1712 ei
818 1661 928 1724 postisac
941 1663 978 1712 ad
990 1669 1085 1713 nostra
1098 1678 1179 1728 usque

128 1733 249 1814 tempora
263 1751 328 1799 addi
341 1749 383 1821 oei
394 1748 500 1798 detrahi
513 1749 672 1812 oportuerit.
689 1747 885 1798 Ratiocinandi
899 1749 970 1799 enim
979 1749 1098 1812 requiae,
1111 1763 1178 1813 quos

124 1835 274 1900 proponit,
289 1839 369 1884 tanta
388 1833 501 1884 veritate
520 1839 544 1882 et
565 1835 706 1884 seueritate
722 1835 841 1897 qaudent
853 1868 861 1894 ,
875 1837 906 1882 ut
924 1833 1029 1883 natium
1042 1836 1179 1896 sophisma

128 1919 247 1984 eontinqi
259 1919 356 1982 possit,
372 1917 442 1982 quod
457 1931 549 1968 earum
563 1919 618 1968 iuce
630 1933 685 1967 non
700 1920 848 1982 deteqatur.
865 1917 910 1967 En
922 1920 1051 1982 quomodo
1065 1921 1178 1983 deipsis

128 2003 247 2068 loquitur
259 2003 350 2053 liant:
368 2019 381 2047 n
395 2001 523 2066 Loqioom
532 2002 594 2052 inde
605 1995 637 2052 ab
651 2003 850 2067 antiquissimis
861 2001 1023 2065 temporibus
1032 2004 1178 2054 iactatum

128 2105 141 2132 o
158 2089 211 2138 iter
228 2088 401 2144 instituitse,
421 2089 485 2137 inde
499 2093 589 2151 potest
604 2089 742 2151 perspici,
756 2086 826 2152 quod
843 2090 868 2138 ei
884 2095 945 2151 post
957 2086 1128 2140 Aristotelem
1145 2106 1179 2140 ne

129 2190 142 2216 o
154 2185 252 2236 passus
267 2156 373 2236 quidem
389 2177 461 2223 retro
474 2172 614 2236 ponendus
631 2172 714 2236 [uerit
725 2189 735 2230 ,-
746 2175 802 2222 nisi
817 2174 871 2237 sere
886 2175 1059 2224 remotionem
1071 2175 1177 2225 subtili·

128 2275 141 2302 o
159 2262 250 2307 tatum
265 2257 406 2306 inutilium
425 2258 623 2321 quarumdam,
641 2258 877 2322 dilucidioremque
899 2260 1116 2309 constitutionem
1135 2273 1178 2310 re·

128 2361 142 2387 o
156 2356 230 2404 rum,
243 2355 310 2406 quae
323 2346 506 2405 pertractatae
518 2347 606 2404 erant,
620 2355 671 2406 pro
684 2343 867 2393 emendatione
880 2343 1022 2401 habueris:
1034 2358 1102 2407 quas
1115 2359 1176 2394 uero

129 2445 142 2472 o
158 2427 248 2491 maqis
260 2428 297 2476 od
309 2427 612 2490 eieqantiamscientias
625 2427 753 2490 faciunt,
768 2441 849 2493 quom
864 2429 901 2478 ad
913 2429 1110 2478 certitudinem.
1127 2429 1178 2478 Est

130 2531 143 2558 n
160 2513 244 2563 etiam
262 2517 359 2563 notatu
377 2513 489 2577 diqnuut
508 2527 566 2564 eom
587 2515 623 2564 ad
637 2513 684 2563 troc
698 2515 787 2576 ipsum
804 2519 906 2576 tempus
923 2525 956 2563 ne
973 2513 1060 2562 ulium
1072 2513 1178 2577 quidem

127 2615 141 2642 a
155 2611 268 2662 passum
279 2599 396 2661 potuisse
406 2600 534 2663 proqredi
546 2634 555 2661 ‚
568 2599 676 2662 ideoque
693 2599 840 2663 perfectam
852 2599 962 2648 omnine
976 2598 1177 2672 abpoiutamque

128 2684 246 2733 ‹1osasre
264 2679 288 2732 ⁴.
303 2703 316 2728 υ
758 2671 762 2677 ’

162 2766 230 2817 Cum
244 2767 343 2832 loqico
357 2773 415 2819 tota
428 2773 545 2819 versetur
564 2769 594 2818 in
612 2769 712 2820 mentis
728 2769 929 2832 operationibus
943 2773 979 2820 ad
991 2772 1048 2821 ceri
1060 2771 1177 2834 iustaqu-

125 2853 227 2903 tionem
245 2854 415 2916 diriqmdis‚
436 2855 486 2904 noe
506 2855 612 2916 quidem
631 2855 678 2902 noc
696 2856 804 2903 nomine
822 2855 952 2904 obiectum
971 2855 1057 2915 ipsius
1075 2858 1176 2904 eonsti-

125 2942 209 2988 tuunt
220 2951 230 2994 ,·
243 2938 273 2985 id
285 2938 357 2986 euim
368 2938 498 2988 obiectum
510 2937 673 2999 disciptinae
685 2937 838 2997 cuiuspiam
849 2943 1033 2999 nuncupatur,
1044 2940 1115 2999 quod
1125 2939 1175 2988 iiia

124 3023 181 3071 sibi
196 3021 232 3069 ad
244 3021 467 3070 considerandum
488 3023 610 3070 assumit.
628 3019 716 3080 Quare
734 3025 831 3069 ueteres
849 3021 935 3071 dicere
950 3020 1093 3072 sciebant:
1110 3024 1178 3074 odie·

125 3111 201 3156 etum
213 3103 328 3166 Loqt'eae
346 3114 398 3152 esse
418 3115 465 3152 ens
477 3099 588 3153 rationis
600 3140 608 3166 ‚
622 3104 752 3154 nimirum
769 3107 891 3159 ordinem
909 3111 934 3156 et
951 3107 1174 3168 dispositionem,

125 3195 272 3257 quoactus
287 3189 404 3238 rationis
418 3189 551 3253 insiqniri
568 3189 661 3241 debent
674 3191 705 3240 in
716 3196 810 3249 motu,
824 3205 875 3256 quo
892 3193 929 3243 od
949 3179 1090 3244 veritatem
1106 3197 1176 3246 dete-

125 3277 242 3341 qcndam
261 3273 396 3338 suuntur.
413 3273 465 3336 Qui
479 3280 547 3325 certe
565 3277 630 3325 ordo
645 3289 701 3325 non
719 3289 765 3326 ens
784 3279 916 3342 quoddam
936 3277 1007 3327 reaia
1025 3283 1063 3328 est
1074 3317 1083 3335 ,
1096 3289 1176 3332 estsa

127 3367 243 3412 mentem
256 3361 375 3410 existens
386 3374 396 3418 ,·
409 3361 454 3410 sed
468 3361 500 3409 in
511 3360 616 3412 actibus
634 3366 742 3413 tantum
760 3364 877 3413 rationis
895 3365 986 3428 oiqet,
1000 3370 1024 3413 et
1039 3369 1175 3418 aratione

126 3447 190 3510 ipsa
200 3445 385 3526 proqiqnitur.
408 3444 536 3498 Veritatis
548 3453 638 3498 autem
656 3450 808 3513 assequutio
826 3455 864 3501 est
880 3449 963 3515 finis,
979 3463 1055 3515 quem
1073 3450 1174 3516 Loqica

128 3535 242 3594 spectat.

167 3613 311 3665 claritatis
325 3617 418 3684 qratia
435 3616 563 3681 Loqicam
581 3619 612 3668 in
631 3621 699 3670 duas
716 3625 806 3683 partes
826 3623 1007 3685 dispersimus.
1023 3621 1095 3672 Nam
1108 3625 1173 3674 ordo

128 3699 175 3750 iiie
187 3699 325 3756 rationis,
341 3714 392 3764 quo
410 3707 486 3754 actus
502 3705 599 3755 mentis
612 3709 720 3757 nostrae
733 3709 764 3757 in
777 3703 835 3758 veri
848 3742 856 3768 ,
869 3710 939 3772 quod
952 3709 1105 3759 immediate
1119 3722 1173 3758 nors

175 3871 186 3916 i
204 3875 294 3922 Critico
305 3877 413 3926 diationis
419 3891 504 3938 purae.
517 3879 587 3927 Prsei.
603 3885 684 3944 poetes.
702 3883 733 3930 Ex
747 3883 846 3934 sessione
861 3884 972 3935 Gonws
983 3885 1053 3933 Boou.
