2767 4492
531 323 536 334 ,
594 307 725 358 ararum
1145 299 1180 363 n

140 401 240 478 potest,
256 412 342 476 quam
355 393 400 458 nir
413 394 504 456 iustus
519 393 568 472 qui
583 395 669 454 nuttis
689 397 824 456 adversas
845 395 975 456 fortunae
998 395 1113 460 casibus
1136 417 1183 460 sn·

138 490 260 560 peretur.
277 483 354 552 Quod
368 487 443 541 certe
457 496 515 540 non
530 487 619 553 esset,
646 481 670 540 si
685 482 721 539 ad
736 482 881 541 bominem
900 483 931 542 in
944 483 998 542 bac
1012 485 1071 544 rita
1096 487 1181 561 perti-

139 570 271 629 cieudum
285 582 342 627 non
356 567 440 625 modo
455 566 587 624 honestas
602 581 635 623 oc
649 565 759 639 virtus,
775 566 925 625 sedetiam
943 573 1037 629 cetera
1045 585 1181 646 corporea

143 660 191 736 unt
206 657 325 712 externe
338 652 414 712 bona
431 651 652 726 postularoutur.

477 845 608 916 CAPUT
623 846 842 918 SECUNDUM

203 1057 483 1108 sustentabamus
503 1055 584 1114 QUAE
599 1056 639 1104 to
660 1057 755 1105 ACTUS
770 1057 914 1105 HORALES
931 1057 1111 1108 nttctmms

549 1158 764 1208 CONGURRUM'.

173 1323 394 1384 destinationem
413 1322 537 1382 bominis
553 1322 583 1382 in
599 1323 653 1382 bac
667 1325 726 1384 nito
745 1339 809 1383 eam
819 1339 882 1383 esse
895 1324 1032 1399 diximus,
1041 1333 1073 1384 ut
1087 1326 1124 1384 ad
1134 1341 1178 1386 or-

139 1405 236 1466 dinem
255 1406 391 1466 moralem
407 1407 637 1466 constitoeudum
652 1408 847 1482 tuendumque
857 1415 997 1480 operetur.
1013 1409 1122 1468 Exinde
1137 1425 1180 1467 rc·

139 1490 246 1550 ctitudo
261 1497 289 1550 et
303 1491 447 1550 moralitas
462 1491 493 1550 in
507 1491 569 1550 eius
579 1499 659 1550 actus
674 1491 779 1550 liberos
797 1492 950 1564 demuntur,
975 1493 1011 1550 ad
1026 1507 1096 1566 quos
1116 1507 1179 1566 pro

139 1575 204 1648 pius
224 1574 455 1649 contemplandos
470 1571 648 1649 accedimus,
663 1581 746 1649 prout
760 1576 796 1634 ab
815 1575 930 1634 bomine
958 1591 1010 1650 per
1033 1576 1179 1636 facultates

140 1658 258 1720 idoneas
272 1662 438 1718 exeruntur.
455 1661 515 1727 Oua
530 1660 560 1718 iu
576 1675 607 1718 re
623 1666 745 1732 quatuor
764 1659 941 1718 discutienda
960 1675 1023 1719 esse
1037 1659 1177 1732 videntum

139 1742 267 1816 iaeriltss,
284 1759 340 1815 qua
354 1743 423 1802 ordo
437 1743 553 1802 moralis
567 1743 717 1816 detegitur,
735 1759 808 1816 quae
824 1744 854 1802 in
869 1743 979 1803 ratione
994 1745 1049 1802 sita
1062 1749 1114 1815 est;
1139 1743 1180 1800 ia-

139 1827 239 1899 cuitas‚
258 1833 422 1900 quaeamus
436 1827 541 1886 rationi
554 1833 760 1886 consentaneos
775 1827 860 1898 elicit,
876 1827 1013 1886 nimirum
1027 1827 1117 1886 libera
1131 1842 1179 1885 vo·

136 1910 239 1983 luntas3
260 1927 415 1972 concursus
433 1911 607 1986 passionum,
624 1926 744 1984 quaeex
759 1909 945 1970 sensibilitate
961 1910 1087 1969 bominis
1109 1925 1175 1969 eua-

137 2001 255 2054 seuntur
269 2000 297 2053 et
314 1996 449 2054 humanis
473 1995 582 2055 actibus
602 2010 632 2054 se
647 1995 823 2068 immiscent;
841 1994 956 2053 habitus
979 1994 1111 2069 denique,
1129 1994 1180 2068 qui

135 2079 280 2137 actionum
304 2079 464 2152 frequentia
483 2080 689 2138 cornabantur
708 2084 737 2139 et
755 2079 792 2138 ad
816 2095 865 2137 eas
878 2079 981 2138 deinde
1004 2079 1178 2138 exercendas

134 2175 272 2233 magnum
295 2161 430 2220 irruomen
459 2162 591 2220 atterunt.
618 2163 666 2221 liis
697 2178 762 2222 nero
786 2162 921 2222 omnibus
944 2162 1178 2240 disceptationem
1266 2177 1270 2185 ·

132 2244 341 2318 praemittimus
351 2245 385 2303 de
401 2245 514 2303 iuterna
528 2245 675 2304 honestate
689 2246 734 2304 vet
749 2246 859 2306 matitia
873 2246 1018 2306 actionum
1038 2246 1176 2305 bumana·

133 2341 209 2399 rum,
235 2333 380 2402 nmquam
400 2329 619 2389 fundamentum
633 2333 803 2404 ceterorum,
820 2347 893 2405 quae
917 2332 1051 2404 deinceps
1072 2330 1176 2392 dicturi

134 2424 242 2470 somus.

548 2583 716 2645 tarrouuns
735 2582 756 2644 l.

200 2747 238 2809 Dc
252 2750 371 2810 interno
395 2752 521 2813 bonitate
534 2751 578 2812 ool
591 2753 713 2813 molitio
727 2751 878 2811 actionum
893 2750 1110 2808 bumanorum.

169 2913 214 2972 at.
231 2917 360 2976 notiones
375 2918 527 2991 humanae,
545 2924 685 2992 quatenus
699 2919 836 2976 honestae
849 2917 907 2975 sint
926 2916 970 2976 ret
989 2921 1094 2990 turpes,
1117 2931 1176 2976 mo·

132 2995 206 3074 rsies
223 2999 409 3071 appellantur.
426 3001 498 3068 Ouid
513 3008 607 3059 autern
617 3015 717 3060 earum
728 3001 904 3059 honestatem
913 3001 959 3059 vel
970 3001 1175 3074 turpitudinem

132 3080 292 3154 constituat,
309 3082 384 3140 uude
395 3083 534 3142 eiusmodi
549 3083 670 3157 quattus
685 3085 715 3142 iu
730 3085 807 3158 ipses
821 3085 963 3157 obveniat,
984 3099 1057 3158 quae
1078 3085 1177 3144 condi·

133 3162 222 3222 tiones
236 3165 272 3223 ad
285 3165 473 3225 moralitatem
488 3168 649 3227 babendum
663 3166 854 3241 aequitaniam
870 3167 901 3227 in
915 3168 970 3226 boc
988 3167 1107 3226 ardculo
1133 3168 1175 3226 di·
1266 3215 1271 3222 .

132 3247 296 3309 scutiemns.
314 3251 389 3318 Quae
404 3252 519 3325 quidem
538 3250 1090 3327 disceptatioeomagisestuecessarie3
1101 3251 1177 3324 quod

131 3345 189 3392 nou
204 3334 297 3393 desint
311 3335 442 3394 homiues
456 3337 527 3396 adeo
541 3353 559 3396 a
574 3337 691 3396 veritate
701 3337 864 3409 delirantes,
876 3335 1008 3395 utuuiias
1018 3350 1081 3394 esse
1091 3335 1176 3394 actio

130 3435 183 3481 uas
197 3425 301 3478 uatum
315 3435 367 3478 sua
380 3421 470 3480 bonas
484 3430 533 3481 aut
548 3422 639 3481 motas
648 3422 832 3481 arbitrentur.
851 3420 962 3480 iiobbes
978 3420 1057 3478 enlm
1075 3419 1107 3478 in
1120 3420 1177 3494 pri-

130 3506 196 3577 mis,
214 3517 281 3562 cum
293 3503 439 3563 bominem
455 3513 538 3565 extra
551 3506 666 3565 civitem
681 3505 845 3566 societatem
864 3505 990 3564 ferinum
1006 3503 1123 3562 omniuo
1139 3519 1174 3560 uc

131 3588 234 3648 betrus
248 3589 369 3647 similem
386 3589 510 3664 tinxerit,
527 3605 643 3649 omnem
658 3590 848 3648 moralitatem
863 3588 1007 3646 actionum
1026 3587 1118 3660 ipsius
1137 3603 1174 3646 ex

131 3671 258 3732 bumana
271 3671 448 3732 institutione
460 3678 489 3732 et
503 3673 615 3748 legibus
629 3673 761 3748 generari
778 3670 882 3734 eiiutiit
897 3673 922 3732 ⁴.
942 3671 1013 3733 Huic
1028 3671 1118 3732 errori
1132 3673 1175 3732 at·

176 3849 189 3896 t
207 3851 241 3901 lto
256 3852 311 3903 Cios
325 3867 345 3901 e.
362 3851 402 3918 tr,
417 3851 444 3917 ς.
460 3852 500 3904 tt.
