2767 4492
248 269 303 332 lid
517 321 521 324 .
580 275 799 323 urrnrnrsrcn
815 273 979 322 oeunnanrs

253 393 265 420 «
283 367 410 428 cundum
422 365 499 440 qnod
510 363 598 422 habet
616 361 762 437 propriam
776 361 918 430 formam,
935 360 1093 420 secundum
1108 375 1196 435 quam
1210 361 1305 424 inrita-

253 478 264 505 ι
282 458 329 512 tur
344 456 434 510 artem
448 450 586 508 divinam.
602 449 673 508 Nam
683 447 788 505 laisum
803 461 906 504 aumm
921 455 964 503 est
977 460 1079 504 verum
1092 445 1300 506 orichalchum.
1323 479 1327 488 ·

252 564 263 590 ι
281 539 315 598 Et
328 539 382 597 hoc
397 537 481 595 modo
495 551 547 594 ens
561 539 590 593 et
605 549 705 592 rerum
722 537 935 604 convertuntur,
953 531 1021 604 quia
1035 531 1179 604 quaelihet
1191 548 1237 592 res
1252 549 1303 592 na·

253 648 264 673 ι
283 622 381 682 turatis
396 637 447 695 per
460 634 542 678 suam
554 619 674 678 formam
691 617 746 675 arti
760 616 875 675 divinae
890 619 1073 688 comparatur
1089 618 1099 663 ι
1121 639 1145 674 ι.

286 709 329 768 12.
356 709 398 766 Er
419 706 502 765 dictis
520 705 613 763 elucet
633 704 720 760 etiam
736 701 888 759 falsitatem
902 700 932 759 in
949 695 1043 759 rehns'
1055 700 1164 760 nullam
1188 703 1302 778 proprie

249 793 378 868 reperiri.
397 792 529 863 Quaeque
540 788 618 846 enim
631 802 678 845 res
692 785 773 844 illam
785 785 933 843 entitatem
952 785 1077 858 sortitur,
1094 801 1167 859 quae
1185 802 1243 846 nou
1260 803 1303 847 so-

249 881 309 938 lum
324 893 375 952 per
389 892 429 948 se,
450 875 546 934 sedin
561 871 758 932 determinatis
772 871 859 929 etiam
874 869 1025 943 adiunctis,
1042 870 1147 945 quibus
1162 871 1300 946 aldoitur,

249 963 390 1036 cognitae
403 961 460 1018 ilco
475 964 518 1017 est
532 957 622 1016 luisse
637 955 786 1028 habitura3
803 970 836 1013 ac
851 955 970 1029 proinde
980 955 1095 1013 divinae
1109 956 1189 1015 ideae
1200 972 1300 1018 neees-

249 1047 325 1105 sario
335 1043 496 1118 respondet.
511 1043 601 1114 item,
618 1040 711 1114 quoad
731 1055 783 1097 nos
798 1055 849 1098 eus
864 1039 984 1114 quodvis
999 1039 1134 1098 idoneum
1149 1046 1192 1099 est
1203 1057 1301 1101 reram

248 1131 294 1190 sui
308 1129 439 1188 notitiam
452 1141 562 1202 parere.
580 1125 659 1193 Quod
674 1125 699 1183 si
714 1125 826 1198 quando
842 1125 994 1183 falsitatem
1011 1125 1176 1200 ingenerat3
1198 1126 1228 1184 id
1242 1142 1300 1186 non

250 1231 287 1273 ex
303 1214 365 1274 eius
379 1219 483 1272 natura
494 1212 545 1270 sed
559 1227 599 1270 ex
612 1210 806 1284 imprudentia
821 1209 974 1268 iudicantis
989 1211 1092 1284 oritur,
1109 1211 1157 1284 qui
1172 1210 1208 1270 de
1225 1210 1302 1270 oble

248 1307 293 1358 cto
315 1315 332 1358 a
356 1315 386 1358 se
405 1297 532 1357 nondum
550 1297 604 1354 rite
623 1301 771 1369 perspecto
793 1295 934 1353 iudicium
948 1296 1063 1369 profert.
1089 1295 1298 1369 Nihilominus,

213 1455 217 1459 ,
248 1384 385 1457 qnoniam
405 1382 549 1441 obiectum
564 1380 679 1454 aliquod
692 1381 724 1438 in
740 1379 843 1438 talibus
863 1381 1033 1454 quandoque
1057 1385 1186 1447 uersatur
1200 1381 1298 1439 adiun-

247 1468 310 1540 ctio,
322 1473 354 1525 ut
368 1467 439 1525 laiso
453 1465 561 1524 iudicio
577 1465 661 1523 facilc
679 1464 727 1522 det
747 1479 861 1538 nnsnm3
879 1480 934 1539 per
949 1465 1097 1537 occidens,
1114 1470 1145 1522 ut
1159 1463 1256 1536 aiunt,
1274 1469 1301 1523 ct

247 1552 330 1627 quasi
341 1551 419 1610 vocis
433 1551 526 1608 abusu
538 1549 642 1606 laisum
652 1549 767 1606 dicitur.
783 1548 828 1606 Sic
838 1547 1013 1606 orichalcum
1023 1565 1070 1607 ex.
1083 1565 1124 1622 gr.
1143 1548 1301 1622 appellatur

247 1636 401 1710 aliquando
415 1634 520 1692 laisum
533 1649 645 1705 aurum,
662 1633 730 1706 quia
743 1632 829 1691 huius
848 1633 941 1706 ideam
951 1649 991 1690 ox
1006 1649 1101 1691 errore
1117 1633 1200 1692 nubis
1218 1633 1301 1692 facile

248 1722 407 1794 ingenerat,
425 1735 498 1792 quae
512 1717 632 1786 obiecto,
649 1719 686 1775 ad
701 1717 776 1790 quod
790 1719 924 1792 retertur,
941 1733 999 1777 non
1013 1718 1174 1792 respondet.
1283 1733 1287 1742 ’

633 1888 842 1946 dnrrounns
867 1888 914 1946 IV.

679 2057 718 2114 llo
733 2057 868 2116 torritula.

288 2231 328 2288 13.
346 2229 465 2300 Bonum,
490 2232 586 2301 utpote
602 2241 679 2297 unus
699 2244 736 2284 ox
755 2228 940 2302 conceptibus
959 2228 1256 2288 transcendentalibus
1275 2232 1302 2286 et

249 2313 451 2388 simplicitur,
477 2313 591 2387 proprie
605 2312 720 2370 deliniri
740 2327 792 2370 neo
814 2313 923 2386 indiget
943 2329 997 2371 nec
1012 2319 1128 2388 potest3
1150 2319 1234 2387 atque
1259 2317 1302 2372 est

249 2398 409 2470 eiusmodi,
433 2402 465 2457 ut
479 2412 579 2455 omnes
591 2397 637 2454 ret
652 2396 776 2470 imperiti
798 2395 892 2471 ipsum
907 2396 1039 2456 distincte
1053 2398 1212 2458 norintlit
1232 2413 1301 2458 sane

249 2482 274 2540 si
288 2497 387 2541 omnes
408 2482 453 2541 vel
470 2480 618 2539 rudissimi
632 2481 663 2539 in
678 2480 787 2539 bonum
803 2483 933 2540 feruntur
958 2482 1119 2556 (siquidem
1140 2482 1237 2542 nullus
1259 2487 1302 2542 est

248 2567 298 2639 qui
316 2567 425 2625 bonum
443 2582 501 2639 qua
520 2566 630 2624 bouum
644 2572 687 2624 est
702 2581 760 2624 non
776 2567 881 2640 velit),
906 2568 1020 2640 signum
1039 2569 1163 2642 protecto
1186 2573 1229 2627 est
1251 2567 1300 2626 bo

250 2665 322 2708 ιιιιιιι
340 2650 376 2708 ab
395 2649 529 2708 omnibns
541 2650 675 2724 ‘dignosci
693 2669 700 2722 3
722 2650 810 2723 ignoti
829 2652 907 2709 enim
925 2651 1003 2711 nulla
1023 2653 1134 2726 cupido.
1156 2651 1300 2712 Nihilomi-

248 2750 328 2806 nus,
349 2733 483 2807 quoniam
502 2733 588 2792 etiam
608 2734 662 2791 irae
679 2735 829 2807 notiones,
851 2750 923 2808 quae
942 2735 1105 2794 immediate
1124 2735 1177 2793 sub
1195 2735 1300 2793 intelli·

199 2872 202 2876 ε
248 2819 374 2892 gentiam
393 2819 508 2891 cadunt,
529 2824 649 2893 possunt
666 2819 837 2892 quandoque
855 2819 901 2876 vel
919 2835 969 2893 per
983 2819 1054 2878 alios
1068 2825 1232 2894 conceptus,
1249 2835 1301 2893 per

249 2919 279 2962 se
298 2919 387 2978 acque
404 2909 485 2961 notos
500 2905 550 2962 sed
568 2902 696 2962 audienti
711 2903 854 2977 notiores,
874 2904 921 2963 vel
935 2919 986 2977 per
1000 2904 1118 2962 effectus
1133 2910 1161 2962 et
1175 2904 1300 2977 proprio·

250 2994 319 3048 tates
344 2988 506 3060 declarari;
532 2987 562 3046 id
585 3004 637 3046 nos
659 2988 690 3045 in
713 2989 858 3062 praesenti
881 2987 974 3062 quoad
995 2989 1150 3047 bonitatem
1173 2993 1300 3061 praesta-

249 3073 354 3132 bimus.

282 3159 380 3232 ltaque
393 3159 471 3217 notio
485 3156 621 3216 honitatis
637 3202 644 3230 ,
673 3159 837 3231 reponenda
853 3159 966 3218 ridetur
985 3158 1016 3217 in
1038 3156 1197 3230 aptitudine
1211 3171 1299 3230 quarn

216 3261 220 3273 ¹
246 3257 294 3300 res
308 3243 395 3301 habet
415 3244 451 3301 ad
473 3242 634 3301 subiectum
652 3241 767 3315 aliquod
781 3243 988 3316 perficiendum
1003 3243 1242 3316 augendumque,
1263 3255 1300 3299 ex

247 3343 304 3402 quo
322 3327 443 3400 emergit
462 3333 494 3386 ut
512 3326 685 3400 appetitione
707 3327 743 3384 sit
760 3327 856 3400 digna.
878 3327 969 3394 Quare
986 3327 1096 3386 bouum
1119 3325 1232 3400 proprie
1252 3339 1300 3382 ru

247 3413 386 3471 luntrtem
399 3411 534 3486 respicit,
550 3425 605 3470 nec
619 3409 675 3468 nisi
698 3410 890 3484 metaphorice
905 3412 941 3469 ad
955 3426 1001 3470 res
1015 3411 1086 3470 alias
1100 3408 1252 3486 appetendi
1271 3410 1299 3468 ri

246 3496 396 3554 destitutas
410 3496 541 3553 refertur.

284 3581 327 3638 li.
339 3581 379 3639 nd
394 3579 456 3637 eius
467 3585 563 3638 autern
578 3579 760 3652 partitionem
774 3578 850 3653 quod
865 3585 982 3654 spectat,
999 3581 1091 3655 primo
1105 3580 1193 3640 dividi
1207 3585 1302 3654 potest

248 3662 280 3720 in
301 3663 469 3722 obsoletum
483 3668 512 3722 et
530 3663 702 3722 rotaticum.
722 3663 793 3722 Illud
814 3669 857 3722 est
879 3665 952 3738 quod
968 3681 1019 3741 ρει
1034 3681 1064 3724 se
1079 3666 1244 3740 appetitur,
1267 3679 1301 3724 εο

290 3843 301 3888 ι
321 3841 347 3890 lo
365 3843 555 3893 radamantus
569 3843 609 3892 tit.
625 3844 647 3906 t,
659 3843 710 3892 loct.
723 3844 746 3892 d.
