2767 4492
510 285 584 333 arna
602 287 722 334 sernas
1100 268 1136 332 ot

99 367 134 428 sci
146 373 248 444 potest.
265 371 323 432 lies
346 369 425 431 enim
439 373 557 446 quaevis
581 373 688 432 idcirco
705 385 741 432 ea
761 370 905 447 possidet,
921 381 996 444 quae
1008 368 1139 428 eiusdem

95 456 201 528 propria
216 460 306 531 sunt3
324 458 394 532 quia
407 458 478 518 ideis
492 459 541 518 liei
558 460 720 535 archetypis
728 459 933 518 conformatur.
943 457 1001 516 lloc
1012 457 1074 532 ipso
1089 473 1139 517 an-

96 543 143 596 tem
157 543 234 614 quod
250 557 287 601 ea
303 541 460 616 possideat,
478 543 513 602 ad
529 542 660 602 idoneam
677 543 723 602 sui
738 545 929 618 cognitionem
948 543 979 601 in
996 542 1080 602 nobis
1095 543 1138 616 gi·

93 624 229 694 grandem
244 625 462 684 accommodata
477 632 528 685 est.
544 629 578 685 tt
596 627 631 686 de
646 627 701 686 hoc
716 628 785 687 alibi
798 626 927 687 uberius.

122 705 243 768 bonnm
254 709 374 769 moralis
384 710 490 769 veritas
500 711 531 768 in
547 710 699 770 concordia
709 711 848 770 sermonis
858 710 904 769 vel
913 709 1060 784 signorum
1070 725 1137 770 eum

88 795 232 854 sententiis
248 796 342 854 animi
357 795 519 854 collocatur.
531 795 614 855 lilum
629 796 706 854 enlm
716 796 873 855 sandicum
883 796 1073 870 appellamus,
1085 796 1144 870 qui·

85 873 112 932 r'd
129 882 243 937 tantum
258 879 358 939 verbis
373 879 516 954 exprimit,
529 881 605 954 quod
620 885 719 938 mente
733 881 866 954 concipit.
879 880 932 948 Qui
946 884 1046 940 couba
1059 880 1135 940 aliud

82 967 175 1019 mente
195 961 307 1036 agitat,
329 964 407 1023 aliud
426 965 520 1024 verbis
540 965 693 1039 exprimit,
711 965 737 1023 is
754 965 879 1022 mendax
897 965 1072 1024 nonunatur.
1089 963 1137 1022 list

80 1057 147 1114 ergo
161 1047 358 1106 mendacium
372 1049 492 1108 verbum
501 1051 546 1108 vcl
562 1051 676 1123 signum
690 1049 772 1107 ideae
786 1050 925 1122 loquentis
939 1048 1081 1108 absimile.

115 1127 158 1186 En
173 1131 285 1203 quibus
299 1132 390 1191 clucet
399 1135 549 1192 tentatam
563 1147 675 1206 semper
690 1135 721 1192 in
736 1133 832 1206 aliqua
845 1135 1042 1192 convenientia
1055 1148 1135 1208 repo-

76 1211 125 1284 ni,
148 1227 327 1288 semperque
346 1219 476 1275 ordinem
495 1218 649 1290 quemdem
668 1217 704 1274 ad
722 1221 848 1273 mentem
865 1217 1026 1290 inuoluere3
1048 1223 1134 1291 atque

76 1293 139 1354 ideo
155 1299 308 1370 sapienter
326 1316 344 1358 a
363 1301 391 1358 S.
405 1301 514 1357 llroma
532 1301 688 1372 generatim
707 1299 877 1371 descriptam
891 1315 970 1358 esse:
986 1301 1136 1375 adaequo·

76 1379 193 1438 tiomem
212 1382 264 1438 roi
282 1391 307 1439 ct
325 1382 496 1440 intellectus.
519 1404 530 1432 ι
547 1381 604 1438 Per
620 1381 856 1454 conformitatem
873 1382 1032 1442 intellectam
1049 1391 1076 1441 et
1093 1385 1138 1442 mi

72 1463 194 1520 ueritas
216 1463 363 1538 deficitur
378 1467 403 1522 t,
419 1487 429 1514 r
507 1523 510 1528 .

111 1545 230 1604 Eodem
249 1549 349 1606 recidit
366 1551 506 1624 generalis
524 1549 573 1610 illa
592 1549 719 1608 delinitio
737 1551 905 1623 Augustini,
922 1565 995 1624 quae
1015 1551 1083 1609 dicit
1095 1565 1138 1610 ue·

74 1645 151 1688 oum
166 1645 230 1689 esse
245 1632 279 1690 id
296 1633 376 1708 qood
390 1643 430 1693 est
446 1637 461 1682 2
476 1635 486 1708 (
490 1634 614 1708 intellige
628 1635 663 1693 io
677 1643 830 1709 quantum
846 1635 911 1707 esti.
923 1635 1008 1708 Quae,
1021 1635 1045 1692 si
1059 1635 1136 1694 deln-

77 1731 145 1790 ceps
161 1719 358 1793 conceptibus,
379 1721 518 1788 sermoni,
536 1721 623 1780 rodus
642 1721 808 1794 applicetur,
829 1735 896 1780 eum
913 1721 949 1778 iis
966 1720 1136 1780 delinitioni-

76 1799 152 1874 bus,
175 1815 253 1874 quas
275 1803 359 1877 paulo
382 1810 447 1863 ante
473 1805 594 1877 tradidi,
615 1805 699 1863 facile
721 1811 867 1878 congruet.
888 1805 958 1863 llam
979 1819 1082 1879 voces,
1102 1805 1135 1866 io

77 1894 235 1956 quantum
249 1903 346 1959 voces,
363 1889 500 1948 nimimm
520 1895 605 1964 prout
623 1895 709 1961 sunt,
726 1896 879 1964 conceptus
895 1890 1077 1964 exprimunt3
1097 1889 1133 1950 iis

75 1969 198 2040 proinde
214 1987 374 2030 consonare
388 1973 501 2032 debent.
518 1975 645 2048 itemque
658 1989 705 2032 res
719 1980 848 2047 naturae,
864 1975 898 2032 io
914 1981 1130 2048 quantu-mres,

78 2055 203 2127 propriis
221 2055 319 2130 vigent
333 2057 579 2131 constituentibus,
591 2073 700 2132 perque
718 2073 752 2116 ca
770 2059 954 2116 divinisideis
972 2065 1133 2132 congruunt

77 2143 103 2193 et
121 2147 351 2199 consentaneam
374 2141 418 2200 sui
442 2142 571 2201 notitiam
593 2143 675 2202 nobis
693 2145 871 2215 ingenerant.
892 2142 1018 2216 benique
1036 2141 1132 2215 cogni·

77 2219 131 2294 tio,
148 2223 183 2282 in
198 2233 356 2300 quantum
371 2227 514 2300 cognitio,
531 2227 675 2286 obiectum
694 2227 771 2286 circa
790 2229 865 2302 quod
878 2225 1007 2284 versatui
1026 2227 1129 2298 refert,

77 2305 111 2362 ab
126 2323 221 2382 eoque
239 2311 341 2384 nequit
354 2311 498 2386 dissidere,
514 2313 584 2385 quin
597 2313 651 2371 boc
666 2313 728 2386 ipso
744 2327 761 2370 a
775 2312 944 2386 cognitionis
960 2311 1069 2368 radouc
1084 2312 1131 2366 de·

75 2389 161 2452 liciat.
179 2395 282 2454 llerito
295 2395 381 2467 igitur
395 2410 486 2469 docco,
504 2413 559 2470 res,
576 2405 742 2472 conceptos,
760 2403 900 2470 quatenus
921 2401 1005 2465 sunt,
1021 2394 1094 2451 idest
1108 2394 1132 2450 si

77 2481 143 2534 sunt
157 2479 187 2537 id
202 2479 284 2555 quod
298 2495 360 2537 esse
376 2479 492 2554 debent,
503 2498 574 2542 voro
588 2489 672 2555 sunt,
689 2482 801 2559 dicique
815 2482 958 2557 sapienter
972 2483 1072 2552 potest,
1088 2493 1133 2536 oc·

77 2575 148 2620 rom
162 2581 223 2625 esse
240 2563 282 2638 td,
304 2563 384 2640 qood
400 2574 449 2640 est,
466 2576 556 2642 prout
575 2576 624 2627 est.

80 2718 85 2731 Ι
111 2647 184 2707 llinc
201 2649 311 2723 existit,
327 2656 360 2708 ut
375 2650 462 2709 verba
476 2653 594 2726 (quippe
608 2667 682 2726 quae
697 2651 734 2710 ab
750 2651 865 2710 arbitrio
879 2648 1049 2725 proterentis
1062 2664 1129 2724 pen-

78 2731 158 2806 dent)
174 2741 204 2792 et
218 2733 405 2806 cogitationes
420 2735 564 2793 humanae
579 2735 736 2794 nonnullae
750 2734 865 2808 (utpote
874 2735 963 2792 errori
973 2733 1129 2806 obnoxiae)

77 2813 200 2878 salsitate
215 2819 326 2892 turpari
341 2826 465 2893 queant;
481 2837 527 2878 res
547 2827 645 2878 contra
664 2835 732 2877 cunr
750 2819 911 2877 necessario
929 2819 1040 2874 divinas
1052 2818 1131 2874 ideas

76 2895 238 2974 inuitentur,
251 2917 400 2974 nunquam
409 2905 521 2976 proprie
536 2909 564 2960 et
579 2908 711 2976 respectu
720 2900 833 2956 divinae
842 2900 947 2956 mentis
963 2899 1050 2956 labne
1063 2899 1130 2954 sint.

76 2981 107 3039 lt
123 2986 226 3058 quoad
240 2999 293 3041 nos
308 2997 341 3041 eo
357 2999 442 3041 sensu
457 2987 607 3042 dumtaxat
621 2983 710 3039 talsac
723 2981 876 3050 aliquando
890 2980 1041 3051 (licuntur,
1057 2981 1132 3052 quod

77 3068 131 3122 etsi
147 3081 201 3139 per
217 3081 248 3122 se
263 3066 299 3121 ad
310 3079 406 3120 ueram
420 3067 464 3122 sui
478 3065 608 3122 notitiam
624 3059 797 3135 gignendam
811 3069 892 3137 aptae
907 3063 973 3134 sint,
987 3068 1080 3120 tamen
1095 3061 1132 3121 ob

77 3164 123 3221 ea,
141 3161 220 3222 quae
236 3147 438 3215 circumstant,
456 3163 488 3205 ac
502 3152 617 3220 propter
630 3145 851 3221 imprudentiam
866 3146 1028 3221 cogitantis,
1043 3146 1131 3206 nodo

78 3247 147 3292 nem
163 3249 181 3292 a
196 3247 228 3292 se
243 3231 451 3305 discrepantem
465 3231 642 3306 ingenerant.

115 3317 160 3376 30.
178 3316 304 3390 Reliquis
318 3315 429 3375 duabus
444 3317 658 3392 nraetemrissis,
670 3319 762 3393 logica
777 3323 887 3379 tantarm
901 3317 1004 3377 verims
1015 3333 1129 3386 accura-

81 3399 137 3458 tius
152 3401 293 3476 disputari
308 3401 439 3475 postulat.
456 3403 530 3461 llaec
544 3402 648 3478 itaque,
659 3409 692 3462 ut
705 3403 840 3477 diuinitas,
852 3417 1010 3462 consensus
1023 3409 1066 3463 cst
1080 3410 1129 3468 aut

83 3483 239 3544 similitudo
251 3491 443 3556 ‚conceptuum
461 3501 527 3546 cum
545 3487 678 3562 obiectis,
698 3503 732 3546 ac
750 3487 868 3561 proinde
881 3486 912 3546 in
926 3493 1128 3562 concretospo

83 3570 158 3626 cteta
173 3568 250 3628 aliud
264 3583 323 3628 non
338 3575 380 3628 est
395 3567 559 3648 quidquam,
571 3572 627 3632 nisi
642 3572 765 3649 cognitio
778 3573 950 3634 suoobiecto
961 3571 1125 3633 consimilis.

128 3750 139 3795 l
158 3756 256 3802 somma
273 3755 348 3802 Μ.
366 3770 389 3818 p.
407 3754 426 3820 1,
443 3771 464 3818 q.
482 3755 538 3822 itt,
555 3759 596 3806 art.
615 3755 645 3805 il.

130 3825 345 3892 isotitoqelorom
358 3829 398 3879 lib.
414 3829 439 3894 2,
454 3847 475 3879 a.
491 3831 514 3880 d.
