2767 4492
417 453 858 524 caussinum-esrunosoem
1107 459 1161 523 223

2 603 3 614 ,
117 559 237 636 aliquod,
254 556 330 636 quod
344 557 381 618 ad
394 555 519 639 systema
533 557 713 626 itrlciendum
727 557 925 635 introducilm,
941 559 992 620 sed
1006 561 1082 621 malo
1102 561 1160 624 into

117 641 337 726 abexperientia
351 639 506 718 repellitur.

149 727 182 788 tt
194 727 341 788 mittamus
355 723 425 788 baec
440 721 602 804 parumper,
620 725 777 802 demusque
792 726 900 788 auctori
914 743 975 802 suo,
989 723 1158 793 'ratiocinan-

2 833 3 896 t
115 809 142 870 di
157 813 257 888 gratia,
276 817 399 887 systema
413 811 566 888 integrum,
588 818 672 888 prout
686 808 722 871 ab
738 811 799 887 ipso
813 813 980 888 proponitur
993 820 1021 872 et
1035 816 1158 890 explica·

2 897 3 916 i
116 901 169 957 tur.
186 894 258 966 Ouid
272 897 355 957 tum‘i
373 889 571 958 Pantheismus
585 899 669 958 vitari
687 913 746 957 non
766 902 871 972 posset.
894 899 989 972 Neque
1003 897 1034 956 id
1047 915 1083 956 ex
1100 915 1159 960 ver-

114 981 177 1056 bis,
194 997 266 1056 quae
281 982 340 1040 lere
355 978 532 1042 continenter
546 983 684 1042 unitatem
700 997 785 1042 uerae
802 980 976 1040 substantiae
991 987 1111 1056 sonant,
1131 990 1159 1042 et

113 1067 197 1126 mo'do
213 1063 371 1140 Spinozam,
383 1065 466 1125 modo
481 1065 585 1139 Fichte,
598 1066 850 1140 modoscbeltiug,
865 1065 949 1124 modo
960 1060 1046 1140 Hegel
1056 1067 1158 1124 iterum

112 1151 273 1226 prddueunt
286 1150 317 1210 in
332 1165 458 1224 scenam;
475 1150 525 1208 sed
539 1166 576 1209 ex
590 1149 741 1225 principiis
755 1149 824 1223 ipsis
839 1149 1099 1209 fundamentalibus
1113 1165 1159 1225 sy·

113 1235 241 1294 stematis
250 1233 404 1294 derivatur.
420 1233 602 1308 ltprimum,
615 1235 679 1308 quis
689 1239 733 1292 est
743 1234 792 1307 qui
803 1232 974 1307 uouvideat,
985 1234 1158 1309 principium

111 1315 194 1396 illud,
213 1335 269 1391 quo
282 1318 410 1378 maxime
424 1315 565 1390 innititm,
577 1333 680 1391 nempe
694 1333 741 1376 res
755 1323 864 1376 creatas
878 1332 930 1391 per
944 1333 974 1376 se
984 1319 1063 1376 omni
1077 1318 1159 1377 iutel-

112 1399 273 1474 ligibilitate
288 1401 418 1476 destitui,
440 1401 477 1460 ad
491 1401 704 1476 pantheismum
725 1407 804 1478 recta
824 1402 950 1466 duceret
970 1401 1040 1461 Nam
1055 1402 1159 1462 obiecti

112 1477 329 1560 intelligibilitas
341 1485 454 1545 tandem
469 1485 621 1562 aliquando
636 1486 713 1544 idem
728 1479 771 1544 est
786 1491 870 1560 atque
879 1485 1003 1560 realitas;
1019 1486 1096 1544 unde
1110 1501 1159 1545 ne·

112 1569 176 1644 quit
190 1585 280 1630 unum
295 1571 403 1644 abesse,
416 1570 487 1646 quin
496 1571 617 1630 alterum
627 1571 715 1630 etiem
726 1570 899 1630 detrabatur.
916 1571 1008 1639 Quare
1023 1570 1160 1644 quidquid

111 1655 191 1715 nullo
205 1655 289 1716 modo
304 1657 416 1730 propria
429 1656 533 1729 gaudet
547 1655 786 1730 intelligibilitate,
798 1653 877 1713 nulla
886 1655 973 1714 etiam
983 1655 1094 1712 ratione
1104 1661 1156 1728 est3

111 1739 164 1798 sed
178 1740 228 1799 vix
241 1744 290 1800 aut
303 1756 340 1800 ne
354 1739 404 1800 vix
418 1741 534 1814 quidem
548 1739 623 1800 luter
632 1740 831 1813 phaenomena
845 1744 874 1798 et
889 1740 1068 1813 apparentiae
1083 1744 1159 1812 pote

109 1822 150 1883 rit
163 1827 287 1900 cooptari
304 1835 329 1882 t.
835 1879 839 1884 ,

147 1905 203 1969 Nec
217 1925 343 1985 opponas
356 1925 402 1969 res
417 1913 526 1968 creatas
541 1910 674 1984 existere,
692 1910 742 1969 sed
756 1909 869 1970 influxu
883 1906 1009 1983 supremi
1018 1907 1155 1982 Numinis

2 2013 3 2020 ¹
110 2009 143 2053 er
161 1996 292 2054 oeodem
305 1999 388 2070 pacto
402 1995 633 2070 intelligibilitate
648 1995 716 2054 lrui.
732 1995 857 2054 ideam
873 2009 972 2053 rerum
985 1999 1037 2066 est3
1054 2001 1084 2053 at
1098 2011 1157 2054 uon

109 2009 453 2160 debilitaturgumentum
467 2078 594 2137 allatum.
617 2080 688 2139 Nam
702 2079 736 2152 {si
754 2079 832 2137 entia
850 2083 946 2136 ereata
966 2077 1008 2136 sic
1027 2078 1156 2137 diriuunr

107 2161 254 2234 recipiunt
267 2161 430 2234 luiturum,
450 2167 484 2219 ut
497 2177 597 2236 reapse
613 2163 644 2220 iu
659 2177 689 2220 se
704 2167 733 2220 et
747 2177 797 2235 per
811 2177 843 2220 se
863 2161 1019 2220 subsistant
1033 2177 1066 2220 ao
1079 2163 1154 2236 siut3

108 2247 152 2306 ita
166 2245 253 2304 etiam
268 2247 308 2305 sic
322 2246 581 2318 intelligibilitatem
596 2245 684 2305 abeo
700 2247 891 2321 participent,
911 2251 944 2305 ut
959 2262 1024 2306 rere
1037 2247 1069 2307 in
1084 2263 1115 2307 se
1129 2254 1157 2306 et

108 2345 163 2406 per
178 2344 208 2388 se
221 2327 407 2402 intelligibilis
429 2329 494 2387 siut.
516 2331 554 2388 Ac
568 2329 695 2389 vicissim
709 2330 734 2389 si
749 2331 829 2389 nulls
846 2331 958 2390 ratione
973 2331 1005 2390 in
1020 2346 1050 2388 ss
1065 2337 1093 2391 et
1106 2347 1158 2405 per

108 2429 141 2472 se
157 2412 348 2485 intelligibiles
362 2413 515 2486 dicuntur,
536 2414 615 2473 nulla
634 2415 720 2472 etiem
740 2414 896 2474 rationein
910 2430 940 2473 se
955 2419 984 2472 et
997 2429 1048 2486 per
1064 2429 1095 2472 se
1108 2430 1158 2473 ex·

107 2505 187 2556 stare
202 2496 258 2556 diei
273 2497 385 2556 debent.
409 2497 505 2572 Quod,
523 2514 589 2558 cum
609 2505 778 2574 concepttnu
797 2499 972 2558 substantiae
993 2502 1155 2570 removeat,

105 2579 328 2657 pantbeistlcam
342 2581 452 2643 inducit
461 2577 614 2644 insariam.
631 2584 664 2643 iit
678 2599 748 2644 sane
757 2599 855 2644 nonne
865 2583 986 2656 Spiuoza
999 2579 1031 2638 iu
1045 2579 1099 2638 boc
1108 2593 1155 2653 po

106 2665 252 2726 tissimum
267 2665 441 2742 elaboravit,
466 2673 497 2728 ut
512 2669 672 2728 adstrueret
692 2664 790 2728 rerum
813 2671 974 2725 creatarum
989 2667 1158 2736 conceptum

105 2765 160 2824 per
170 2765 200 2810 se
210 2751 326 2811 formari
339 2753 417 2811 nullo
432 2754 516 2812 modo
531 2769 623 2827 posse,
639 2751 689 2810 sed
704 2753 822 2809 omniuo
837 2753 976 2820 conceptu
992 2746 1106 2804 alterim
1116 2747 1159 2804 in-

105 2835 228 2910 digeret
246 2835 429 2894 callidissime
444 2835 523 2893 enim
535 2833 745 2908 perspiciebat,
765 2830 838 2888 nibil
857 2831 985 2888 conterre
1000 2827 1102 2886 melius
1121 2830 1158 2888 ad

103 2919 248 2978 rationem
262 2917 437 2974 substantiae
452 2933 469 2974 a
484 2917 570 2974 rebus
587 2914 690 2972 creatis
706 2913 930 2985 subducendam,
946 2926 1034 2983 quam
1044 2910 1069 2970 si
1079 2911 1159 2970 iutel-

104 2998 256 3074 ligibilitas
276 2999 369 3056 omnis
387 2997 424 3054 ab
442 2997 545 3054 iisdem
565 3001 720 3054 arceretur.
740 2997 810 3055 Nam
829 3011 896 3054 cum
911 3011 1098 3071 unaquaeque
1111 3011 1158 3056 res

104 3087 139 3145 iu
155 3084 266 3141 tantum
281 3084 466 3152 cognoscatur
480 3079 511 3137 iu
526 3082 664 3151 quantum
680 3081 741 3150 est3
757 3079 882 3151 proiecto
896 3095 969 3154 quae
983 3081 1061 3141 nulla
1075 3081 1157 3139 ratio

105 3183 146 3228 ne
160 3165 191 3224 iu
205 3179 236 3222 se
251 3162 438 3237 cognoscitur,
451 3161 530 3220 nulla
543 3161 630 3223 etiam
643 3161 754 3220 rabone
768 3163 798 3221 iu
815 3179 847 3222 se
861 3170 913 3237 est,
926 3171 1011 3240 atque
1025 3165 1089 3224 ideo
1098 3179 1156 3222 non

104 3251 166 3313 nisi
179 3249 351 3309 modificatio
364 3252 393 3307 et
408 3245 605 3308 determinatio
618 3245 735 3307 alterius
749 3261 812 3308 esse
827 3253 919 3323 potest
933 3252 958 3309 2.

155 3475 165 3520 l
184 3475 277 3524 Adrasta
292 3473 327 3520 bic
343 3473 424 3536 lisam,
445 3483 523 3536 nempe
540 3473 619 3536 Deum,
637 3472 709 3536 ipsum
723 3471 925 3540 intelligibilitetsm
936 3485 1011 3518 reram
1026 3468 1157 3517 constituero

108 3551 170 3597 iuxta
186 3553 313 3598 Auctorem:
335 3570 344 3592 ι
363 3549 526 3596 Coueiossisebl
542 3547 609 3596 l'idss
625 3548 717 3596 mundo
737 3548 912 3610 l’iuteiiigibilitb
933 3552 1000 3594 stssss
1021 3544 1078 3593 dolls
1098 3561 1155 3610 sose,

111 3646 120 3669 ι
141 3626 233 3686 irrsgglr
247 3629 270 3672 sd
284 3623 402 3672 merissima
417 3641 430 3672 a
443 3625 566 3674 l’unirerso
582 3625 616 3672 col
630 3625 719 3689 proprio
736 3624 828 3686 fulgore.
848 3645 856 3666 ι
877 3624 967 3671 iurati.
984 3639 1003 3668 c.
1019 3619 1043 3685 ὅ,
1059 3638 1109 3686 pag.
1128 3624 1150 3668 8.

158 3701 173 3746 2
189 3701 235 3747 line
250 3703 315 3748 etism
330 3701 387 3747 reisr
401 3701 513 3765 studium,
530 3717 574 3764 quo
588 3705 662 3748 auctor
676 3700 806 3763 pessundare
823 3699 901 3746 nititur
914 3715 949 3745 res
966 3703 1048 3745 creatu
1062 3715 1087 3745 er
1101 3699 1155 3745 snb-

107 3777 203 3823 stsoliro
226 3775 292 3824 uerbo
307 3789 374 3840 sum,
390 3791 428 3833 es,
444 3783 490 3840 cst,
507 3778 616 3824 nominari
632 3792 676 3823 nou
690 3793 767 3839 posse,
787 3774 884 3838 ipsisque
904 3774 949 3820 sols
969 3774 1075 3822 adieetira
1090 3775 1156 3821 verba

107 3849 217 3898 coneedit.
237 3851 291 3897 Nsm
312 3852 330 3898 si
352 3852 456 3901 vacabulo
472 3857 588 3916 conseptus
611 3857 632 3899 sl
651 3867 685 3899 res
706 3850 830 3913 significare
847 3849 947 3914 debeut3
965 3848 1077 3913 remeunt
1096 3850 1155 3896 eutis

107 3929 182 3972 cruta
196 3924 330 3978 substantivo
340 3927 517 3980 denominatione
527 3928 622 3992 prirsri,
633 3927 687 3992 quin
702 3927 809 3990 impiatos
822 3925 959 3978 motin
972 3925 1086 3979 wantis
1102 3939 1151 3987 spo·

108 3999 201 4050 bertar.
