2767 4492
202 432 540 549 ELEMENTA
571 431 753 543 lURIS¹
773 422 1070 543 NATURAE

499 728 769 748 —Q

515 1205 670 1291 LIBER
698 1203 753 1295 ΙΙ.

468 1458 544 1515 rus
589 1420 846 1515 socrin'a·

575 1727 700 1756 -nb—

371 2315 375 2330 ·
462 2287 800 2360 instrunmento

91 2510 98 2519 ·
147 2474 190 2536 iix
204 2480 322 2550 angusto
336 2474 548 2535 individuorum
562 2476 687 2551 circulo,
706 2477 741 2537 ad
756 2477 883 2551 amplum
904 2476 1044 2537 societatis
1064 2474 1153 2537 ambi-

112 2566 175 2621 tum
189 2562 361 2636 gradiamur.
379 2561 430 2619 Hic
450 2562 532 2634 longe
550 2562 778 2636 magnilicontior
799 2568 882 2636 atoue
902 2561 1024 2621 nobilior
1038 2561 1073 2619 ad
1088 2576 1152 2619 con·

113 2646 306 2721 templaudum
321 2652 488 2719 conspectus
498 2646 639 2706 obiicitur.
657 2648 789 2721 inprimis
798 2647 874 2705 onim
884 2647 938 2705 hoc
947 2646 1007 2705 loco
1022 2661 1079 2705 non
1094 2661 1154 2705 mo·

111 2732 147 2790 do
162 2747 235 2790 nova
250 2730 313 2790 iuro
327 2738 356 2790 et
370 2731 465 2790 oliicia
478 2737 593 2809 propter
605 2747 694 2790 novus
708 2731 867 2803 relationes,
884 2746 954 2803 quas
969 2734 1053 2788 ltomo
1067 2730 1155 2789 suaci-

110 2816 161 2889 pit,
174 2815 406 2887 manifestantur3
423 2816 474 2873 sed
488 2814 537 2873 illo
551 2817 646 2887 etiam,
659 2830 733 2889 quoe
747 2830 785 2873 ex
799 2814 860 2873 eius
874 2820 976 2873 nutura
990 2814 1152 2873 immediate

110 2900 276 2971 dimanant,
293 2899 414 2957 vastiore
429 2901 536 2956 theatro
551 2915 581 2957 so
596 2900 627 2957 iu
643 2913 759 2957 scenam
775 2899 952 2973 producunt,
969 2905 997 2956 et
1010 2899 1153 2959 diversam

109 2981 169 3041 vim
184 2987 313 3054 exerunt,
326 2987 439 3060 propter
453 2996 541 3039 novus
555 2982 779 3040 modificationes
794 2983 898 3057 quibus
913 2982 943 3041 in
959 2982 1014 3041 alio
1029 2981 1081 3041 lroc
1096 2987 1152 3041 sta-

110 3073 141 3127 tu
155 3066 326 3125 efficiuntur.
349 3065 454 3124 Deinde
469 3064 551 3123 altior
565 3066 673 3125 iunium
691 3067 882 3125 honrononrm
902 3066 1024 3140 cognitio
1038 3066 1153 3126 exhibe·

110 3156 165 3210 tur.
182 3152 251 3210 Nam
266 3150 334 3224 quid
349 3149 508 3223 intelligens
522 3150 646 3208 hominis
657 3160 759 3209 rrotora
774 3152 846 3209 ierat
861 3152 942 3224 pleno
954 3151 1152 3225 cumulateque

109 3235 232 3310 perspici
246 3234 365 3293 minime
380 3241 488 3308 polest;
510 3234 566 3292 nisi
579 3249 614 3293 ea
629 3250 686 3293 non
703 3236 758 3294 ium
773 3241 856 3311 prout
870 3236 900 3295 in
915 3234 1034 3309 singulis
1049 3236 1152 3296 indivi-

109 3321 174 3380 duis
188 3319 340 3393 separatim
355 3320 437 3392 inest,
455 3320 504 3377 sed
520 3324 603 3393 prout
617 3320 646 3377 in
661 3320 825 3379 eorumdem
841 3320 1004 3379 collectione
1018 3336 1048 3379 se
1063 3320 1152 3395 erpti-

110 3410 173 3478 cat¹
189 3404 393 3463 consideretur.
410 3403 440 3461 ln
454 3403 509 3463 hoc
523 3405 602 3463 euim'
619 3406 768 3463 dumtaxat
787 3405 932 3463 rationalis
954 3410 1073 3463 naturae
1090 3406 1150 3479 vis,

109 3490 306 3563 pulchritudo,
322 3488 475 3561 perfectio,
493 3493 550 3547 tola
564 3496 670 3562 orreum
685 3495 742 3557 est,
758 3490 865 3549 relocet
880 3496 907 3547 et
921 3490 1061 3563 cernitur,
1078 3504 1153 3563 quoe

109 3575 223 3635 nonnisi
238 3574 391 3633 admodum
406 3574 524 3632 delinita
538 3590 571 3633 ao
592 3576 683 3649 magis
699 3574 829 3633 minusve
844 3574 929 3633 arctio
943 3574 1082 3633 limitibus
1096 3574 1153 3633 cir-

110 3660 282 3733 cumscripta
295 3659 326 3717 in
341 3657 441 3731 quovis
461 3673 589 3717 seorsum
605 3665 724 3733 apparet
736 3658 892 3718 individuo.
909 3658 986 3727 Quod
1001 3659 1025 3717 si
1040 3658 1080 3717 im
1094 3673 1153 3717 non

110 3748 201 3814 esset,
218 3744 362 3802 incassum
376 3750 405 3800 ct
418 3742 481 3800 siue
495 3758 579 3816 scopo
594 3742 720 3801 irumana
735 3749 838 3801 natura
853 3743 883 3801 in
901 3748 979 3801 lanta
994 3742 1152 3802 individuo·

109 3840 174 3885 rum
189 3834 218 3885 ct
232 3828 446 3900 generationum
460 3826 642 3885 multitudino
656 3844 687 3885 so
704 3828 785 3885 toties
798 3829 879 3901 qrrasi
895 3827 1028 3901 iteraret,
1045 3834 1075 3887 et
1089 3827 1152 3901 qui-

109 3910 231 3989 busdam
244 3911 332 3976 ueluti
345 3912 421 3975 uotis
434 3911 620 3976 multifariam
634 3912 830 3991 distingueret.
847 3914 922 3989 Quae
936 3928 1004 3977 cnm
1017 3915 1058 3977 ito
1072 3911 1152 3999 siut,

925 3998 956 4079 ,.
