2767 4492
548 315 604 360 anu
620 313 795 361 amoenum
1131 299 1188 362 itti

138 397 322 458 mundando
336 397 412 456 octb
426 406 453 456 ct
467 398 574 458 omorio
588 406 660 457 uuit
673 397 821 472 aequales,
832 410 870 456 cx
883 395 1049 456 inductione
1063 401 1092 458 et
1105 412 1191 474 expe·

139 481 245 545 rientia
254 497 317 542 esec
330 479 481 541 collectum
490 482 537 541 rel
551 482 651 542 leniter
661 483 765 541 eruditi
779 486 895 542 nomint.
910 481 1058 541 Decretum
1068 497 1136 543 vero
1151 485 1192 544 al-

141 574 251 627 terum:
269 567 404 626 commus
421 567 587 642 aliquando
603 567 775 642 primordio
792 568 880 642 cepit,
900 581 959 628 non
973 567 1003 626 in
1020 567 1188 644 principiis,

138 651 231 710 sedin
243 651 420 711 illationibus
432 652 583 712 rodocinio
597 651 727 711 deductis
737 652 908 712 continetur.
919 651 1045 711 lendum
1055 652 1188 728 denique:

137 735 173 794 io
186 735 448 795 amminiculatione
464 749 604 810 corporea
617 735 719 794 eodem
737 741 838 794 maaet
854 735 998 795 moerico
1015 737 1186 812 quantitas,

139 833 180 877 ex
193 820 258 894 ipen
276 819 445 878 mutationis
457 818 587 892 notione,
603 825 745 893 qualemn
760 819 797 877 ab
816 818 1023 880 annihilatione
1040 821 1190 896 maungui-

139 905 198 975 tur,
213 903 339 962 densari
351 916 438 962 nemo
451 918 511 962 non
527 903 614 962 videt.
631 902 754 962 sienim
768 902 799 961 in
813 903 1021 964 mutationibus
1035 905 1188 980 corporcis.

138 1002 215 1061 quae
228 989 340 1048 actione
354 988 429 1047 liunt
443 988 631 1048 efficientium
645 995 821 1061 creatorum,
838 988 880 1046 nil
895 989 1006 1064 uspiam
1020 989 1051 1048 in
1065 989 1189 1051 nibilum

138 1071 232 1150 redigi
246 1077 341 1146 potest
355 1072 405 1145 (ad
419 1072 475 1132 boc
487 1072 567 1130 enirn
585 1071 677 1130 1111111
690 1071 805 1130 infinita
822 1071 1008 1146 requiritur);
1027 1073 1187 1134 subiectum

136 1154 243 1215 barum
263 1157 470 1231 mutationum,
486 1172 592 1230 nempe
610 1157 747 1228 mauric,
768 1169 916 1229 nunquam
930 1158 959 1216 vi
977 1171 1077 1218 earum
1093 1159 1189 1234 perire

137 1244 231 1313 potest
243 1256 298 1300 nec
312 1241 410 1314 alium
422 1241 469 1300 sui
481 1244 565 1314 parte
579 1238 627 1298 rel
641 1240 799 1313 quantitate
812 1239 938 1299 destitui.

175 1324 249 1397 Ergo
264 1324 439 1385 Kantianum
452 1329 648 1382 commentum
656 1339 715 1382 non
730 1323 821 1383 solum
831 1329 952 1383 naturae
961 1326 1066 1386 menti
1074 1331 1188 1388 noemae

137 1407 322 1480 adversatum
339 1405 486 1466 sedetiam
496 1407 575 1466 omni
589 1407 731 1481 probabili
743 1407 904 1466 antealtem
917 1409 1064 1482 apparenti
1079 1410 1188 1471 ratione

137 1490 317 1550 destituitur.
344 1490 449 1564 Quare,
469 1496 503 1550 ut
524 1489 600 1550 mue
620 1490 803 1551 metensium
826 1491 1003 1566 aediticium,
1028 1491 1103 1552 mols
1126 1493 1188 1567 ipsa

138 1574 200 1634 ruit
214 1590 276 1634 aua.

549 1747 718 1806 laricanus
737 1746 768 1805 11.

196 1913 306 1973 11111111
318 1912 354 1990 dc
364 1912 524 1989 principiis
538 1913 816 1989 ecpcsimmlulibur
835 1913 970 1974 daritim
983 1913 1129 1974 sumtus.

174 2083 220 2142 83.
238 2083 267 2142 Si
281 2084 355 2146 Kent
368 2083 542 2152 excedendo,
559 2084 650 2143 Home
663 2083 839 2144 detrahendo
853 2083 937 2142 nobie
951 2089 1100 2158 repugnat.
1116 2085 1187 2146 Nam

139 2181 207 2226 acer
219 2167 268 2226 bic
281 2167 455 2242 scepticismi
467 2170 640 2228 instaurator
654 2167 785 2226 concedit
800 2182 867 2226 sanc
883 2167 1060 2226 axiomatum
1073 2169 1186 2243 esperi-

137 2251 318 2325 mentalium,
331 2257 472 2325 quatenus
483 2252 518 2310 ed
533 2251 641 2311 similes
655 2251 775 2310 eiiectue
786 2267 823 2309 ex
837 2250 981 2311 similibus
990 2252 1085 2311 causis
1099 2267 1187 2326 expe·

138 2335 257 2394 ctandos
272 2351 303 2396 so
320 2337 507 2410 protendunt,
528 2334 673 2395 internam
691 2337 724 2395 in
741 2341 838 2395 mente
860 2336 1011 2396 hominum
1029 2337 1188 2410 persuasio·

138 2433 223 2490 nem3
237 2424 266 2478 at
279 2420 500 2480 [undamentum
510 2435 548 2481 ex
563 2421 674 2480 obiecto
688 2421 882 2496 desumptum,
895 2435 946 2479 seu
960 2419 1132 2480 obiectivem
1141 2436 1188 2480 eo

138 2503 271 2563 rumdem
284 2506 495 2579 retitudinem,
507 2506 692 2566 vehementer
702 2511 798 2581 neget.
809 2505 853 2565 nit
862 2505 951 2578 enim,
965 2504 1184 2580 experientiam,

138 2603 196 2661 qua
206 2588 276 2648 baec
290 2589 397 2651 iudicia
410 2591 551 2665 nituntur,
563 2606 693 2666 maeque
707 2591 883 2652 innodonsm
898 2590 1060 2650 subiectum
1074 2590 1149 2652 inter
1158 2597 1188 2650 et

130 2672 309 2741 'attributum
322 2690 423 2735 eorum
438 2676 543 2750 aperit,
558 2677 619 2736 11111
633 2676 743 2735 nullam
762 2676 884 2748 babere,
900 2675 958 2735 nisi
972 2677 1066 2750 quoad
1079 2676 1129 2734 ille
1143 2675 1187 2735 in·

138 2755 256 2817 dividcm
274 2775 347 2832 quoe
364 2760 423 2818 iam
445 2760 593 2834 explorata
616 2764 693 2818 sunt.
714 2759 933 2830 sudlucere,
954 2775 1028 2832 quae
1055 2759 1185 2816 nondum

136 2841 248 2915 experti
263 2857 377 2915 sumus,
393 2843 500 2901 verine
519 2843 768 2917 pronuntiaturum
787 2839 1056 2913 experimentalium
1071 2839 1189 2914 produci

136 2939 195 2984 non
208 2928 310 2998 potest,
325 2925 383 2982 nisi
398 2925 483 2982 tacite
498 2924 686 2983 subandiatur
701 2923 918 2983 similitudinem
929 2927 1038 2982 certam
1048 2937 1081 2980 ac
1094 2926 1189 2980 ratam

135 3007 238 3065 haberi
261 3007 335 3064 inter
356 3012 495 3064 eventura
514 3007 713 3080 phaenomena
731 3009 760 3064 et
778 3020 812 3064 ea
831 3020 904 3078 quae
922 3006 981 3064 iam
1003 3003 1187 3082 praeteriere.
1222 3071 1231 3088 ‚

138 3093 232 3160 Quare
248 3089 364 3148 firmum
374 3094 440 3148 ante
451 3090 547 3150 animo
562 3089 692 3163 capiatur
706 3095 816 3165 oportet
826 3089 943 3150 effebum
953 3091 1023 3164 boc;
1041 3097 1190 3152 trausacto

136 3179 283 3249 futurum
298 3173 354 3234 erit
373 3175 531 3235 consimile.
548 3174 631 3249 Atqui
644 3175 675 3234 id
693 3175 810 3234 firmum
824 3190 882 3236 non
896 3191 959 3235 esee
974 3175 1056 3248 dioit;
1076 3180 1188 3250 propte-

136 3277 188 3320 rea
202 3259 278 3333 cuod
293 3274 387 3334 neque
404 3259 572 3319 immediata
584 3259 722 3322 relatione
744 3259 888 3333 idearum,
902 3274 997 3334 neque
1011 3259 1190 3334 experientia

137 3345 282 3404 fulciatur.
293 3345 354 3404 Non
369 3345 507 3405 relatione
520 3345 665 3418 idearum3
677 3343 834 3419 quianulla
848 3359 945 3420 pugna
959 3350 1149 3419 conceptuum
1157 3344 1188 3402 in

138 3446 173 3490 co
183 3435 237 3503 eet,
248 3429 326 3504 quod
340 3431 469 3489 futurum
484 3428 673 3489 banmctooit
687 3428 902 3490 mundedun
917 3429 1110 3504 experientia3
1121 3427 1189 3501 quia

138 3515 268 3574 futurum
282 3515 410 3586 nondum
424 3514 541 3588 accidit,
558 3529 592 3574 ae
606 3513 726 3589 proinde
742 3513 869 3574 nondum
887 3513 1082 3588 experientiae
1095 3513 1188 3586 potuit

140 3612 207 3657 esse.
221 3598 392 3658 subiectum.
407 3597 493 3672 ilinc,
513 3598 639 3672 sceptica
657 3597 797 3658 solutione
812 3603 911 3670 utens,
928 3611 965 3656 ex
983 3611 1065 3654 moro
1079 3601 1106 3654 ct
1122 3609 1187 3656 cors-

139 3683 292 3741 suetudinc
306 3687 417 3741 tantum
430 3683 533 3757 repetit
550 3683 693 3742 internam
710 3683 799 3742 enimi
815 3680 1047 3757 parmenionem,
1064 3695 1121 3755 qua
1139 3697 1186 3742 ve·

140 3763 269 3824 nitatibus
283 3764 341 3826 illis
355 3767 542 3826 adhaeremus
558 3769 583 3825 ⁴.
600 3767 674 3826 Haec
689 3768 725 3826 ad
741 3781 884 3826 summam
897 3764 993 3826 Humii
1007 3765 1186 3832 ratiocinatio

71 4003 75 4011 Ι
183 3949 195 3994 i
215 3952 294 3999 ausis
309 3953 443 4010 Pbilooopb.
461 3965 505 3999 rur
521 3952 698 4002 t¹enlendearent
714 3951 814 4000 bomaio
828 3955 845 3997 t.
864 3950 887 4013 l,
906 3949 967 4004 Επεὶ
983 3946 1012 3998 IV
1028 3953 1051 3996 ot
1065 3949 1094 4004 V.
