2767 4492
248 308 283 368 56
707 319 835 365 nosrcarr

280 403 338 463 lloc
352 401 572 476 argumentandi
586 415 700 476 genere,
716 403 793 476 quod
801 402 918 476 Trrllius,
933 401 977 462 rei
987 402 1154 464 mdeedcae
1168 406 1301 480 apprime

244 488 365 564 peritus,
382 485 622 560 captiosissimum
637 486 760 560 appellat
775 488 808 560 l,
827 491 908 546 ratus
920 491 965 546 est
977 487 1102 562 l'racyus
1120 488 1301 562 simplicissi-

246 587 326 631 mam
347 569 479 630 omnium
500 584 723 643 germanamque
743 570 887 629 ratiocinii
909 571 1125 645 expressionem
1144 573 1299 634 contineri.

246 656 350 715 Verum
365 668 491 714 errorem
506 653 596 727 ipsius
610 654 693 712 tacile
708 655 882 728 perspicies,
901 655 926 714 si
941 655 1111 728 cogitaveris
1125 655 1243 726 soritern
1256 658 1301 716 nil

246 755 309 799 esse
323 739 410 811 aliud,
430 737 487 797 nisi
503 752 636 796 acervum
651 737 889 812 syllogismorum
906 740 947 798 ita
961 744 1066 812 umen,
1083 745 1116 798 ut
1128 740 1232 800 henim
1247 742 1299 801 ali-
1380 794 1381 797 ,

247 839 319 897 quae
333 822 508 895 praemissae
522 828 552 881 et
564 822 752 880 intermediae
767 838 866 882 omnes
880 823 1021 882 illationes
1036 823 1214 884 omittantur.

283 909 314 964 Ut
330 913 425 966 autem
438 906 541 965 vitium
562 921 646 966 omne
661 907 692 964 in
706 922 760 966 usu
781 907 875 966 soritis
889 907 1065 980 declinetur,
1086 923 1190 968 caveas
1204 910 1300 983 primo

245 1007 282 1050 ne
297 990 494 1064 praedicatum
507 990 710 1063 propositionis
724 992 867 1064 praeviae,
887 991 957 1049 dum
971 991 1133 1050 subiectum
1146 991 1300 1066 insequen-

247 1075 283 1132 tis
298 1074 411 1146 evadit,
434 1074 643 1146 aliquantulum
665 1074 841 1133 immutetur.
868 1074 974 1133 Deinde
994 1089 1031 1133 ne
1056 1073 1154 1147 aliqua
1171 1078 1299 1150 proposi-

248 1158 286 1215 tio
304 1158 376 1216 lalsa
389 1157 434 1216 vel
453 1156 589 1230 ambigua
607 1157 847 1216 intermisceatur.
868 1157 996 1231 Denique
1013 1158 1138 1217 nesolis
1153 1161 1295 1232 negativis

247 1241 496 1300 enunciationihus
512 1245 640 1313 constet3
663 1250 732 1299 tunc
752 1241 830 1300 enim
852 1241 953 1300 sorites
972 1241 1156 1301 resolvendus
1173 1245 1247 1304 toret
1265 1246 1297 1303 in

247 1325 424 1400 syllogismos
438 1341 476 1384 ex
491 1325 579 1383 meris
594 1325 736 1398 negativis
750 1326 951 1398 coalescentes,
968 1341 1006 1384 ex
1021 1326 1135 1400 quibus,
1147 1328 1297 1387 utdictum

246 1415 289 1468 est
303 1424 405 1482 supra,
427 1409 499 1467 nilril
515 1409 654 1482 sequitur.
677 1409 756 1476 Quod
776 1408 801 1466 si
822 1409 967 1467 diffieilior
986 1409 1023 1467 ad
1043 1409 1229 1470 iudicandum
1247 1411 1295 1469 all·

247 1493 360 1566 quaudo
375 1492 475 1552 sorites
485 1492 650 1563 occurrerit,
667 1492 764 1564 ipsum
778 1490 892 1550 resolve
906 1492 938 1550 in
948 1491 1135 1566 syllogismos,
1153 1509 1225 1567 quos
1237 1509 1298 1552 mu·

248 1575 309 1634 tilst
322 1581 351 1634 et
365 1576 595 1648 comprehendit,
619 1579 704 1646 atque
719 1574 760 1633 ita
775 1574 896 1634 indubie
907 1579 936 1634 et
949 1575 1033 1634 facile
1047 1575 1204 1637 inmeberis
1216 1578 1298 1638 vitio

249 1675 336 1718 susne
353 1659 391 1717 sit
409 1675 447 1718 an
466 1675 559 1734 secus

282 1743 468 1816 Epicherema
482 1748 526 1801 est
540 1742 730 1816 syllogismus,
747 1745 830 1802 cuius
838 1744 885 1802 vel
898 1744 1026 1802 altemtri
1035 1743 1083 1802 vel
1091 1743 1205 1818 utrique
1218 1759 1297 1818 prae

247 1826 352 1890 missae
370 1826 500 1899 probatio
520 1824 693 1900 adiungitur.
714 1827 884 1900 Exemplum
904 1827 959 1886 boc
972 1827 1066 1886 habe:
1086 1827 1231 1901 quodlibet
1246 1842 1298 1887 ens

249 1908 396 1981 spirituale
416 1914 458 1968 est
478 1909 693 1983 incorruptibile
716 1926 852 1984 prorsus,
874 1925 944 1969 nam
963 1911 1093 1984 partibus
1117 1916 1212 1987 caret,
1234 1916 1298 1970 eta

248 1989 368 2051 materie
383 2006 440 2050 non
455 1993 568 2065 pendet.
589 1993 672 2066 ttoni
685 1994 800 2052 animus
814 1994 957 2052 humanus
967 1999 1010 2053 est
1019 1995 1195 2068 spiritualis3
1211 1995 1297 2069 siqui·

250 2075 315 2136 dem
326 2074 548 2148 estintelligens.
569 2076 641 2149 Ergo
656 2077 1297 2153 animushumanusestinoorruptibilispror·

250 2174 308 2216 sus.
322 2191 354 2200 -
365 2159 399 2220 Ut
413 2157 502 2231 vides,
518 2159 621 2220 iisdem
635 2160 756 2233 legibus,
773 2161 878 2234 quibus
893 2161 1017 2235 simplex
1030 2155 1220 2237 syllogismus,
1236 2165 1297 2238 regi

250 2239 342 2299 debet.
785 2243 789 2248 “

284 2323 528 2398 Polysyllogismus
537 2332 581 2384 est
589 2327 806 2400 argumentatio,
818 2327 848 2384 in
859 2342 915 2401 qua
926 2329 977 2386 uni
988 2328 1127 2402 completo
1134 2329 1297 2403 syllogismo

249 2406 319 2464 alter
338 2407 377 2466 ita
394 2408 581 2484 subnectitur,
603 2415 636 2466 ut
652 2409 795 2469 conclusio
810 2411 1005 2482 praecedentis
1020 2412 1071 2468 liat
1083 2413 1241 2486 praemissa
1253 2429 1296 2472 se
1380 2420 1381 2425 ’

248 2490 370 2562 quentis.
390 2491 526 2564 Exemplo
547 2491 602 2549 sit:
624 2491 702 2558 Quod
722 2499 765 2551 est
781 2493 960 2552 immutabile
976 2510 1102 2567 prorsus,
1125 2501 1203 2554 caret
1219 2496 1297 2570 prin-

249 2572 322 2646 cipio
342 2575 371 2629 et
390 2573 466 2644 tine;
489 2573 538 2632 sed
558 2574 632 2632 Deus
649 2579 692 2633 est
712 2576 899 2653 immutabilis
917 2592 1054 2651 prorsus;
1077 2593 1144 2651 ergo
1163 2579 1238 2638 Deus
1251 2595 1298 2639 ca·

245 2649 292 2711 'ret
306 2654 444 2728 principio
463 2671 496 2714 ac
516 2657 592 2730 tine,
613 2659 662 2716 sed
681 2660 758 2732 qood
772 2660 812 2717 ita
825 2675 856 2718 se
870 2660 965 2732 habet,
988 2666 1032 2719 est
1045 2667 1210 2735 aetemum;
1230 2679 1298 2738 ergo
1380 2670 1381 2747 j

239 2731 322 2794 ’Deus
337 2731 379 2796 e‘st
397 2744 537 2797 aeternus.
557 2771 584 2780 -
595 2740 629 2800 Ut
644 2747 730 2814 patet,
751 2742 827 2800 aliud
843 2759 943 2802 revera
956 2749 1084 2817 nonest,
1104 2760 1192 2817 quam
1204 2746 1300 2805 multi·
1380 2768 1381 2797 1

248 2820 315 2892 plex
334 2821 521 2896 syllogismus,
540 2829 568 2882 et
584 2825 647 2883 ideo
662 2824 765 2883 iisdem
785 2831 869 2899 atque
889 2826 937 2886 ille
954 2828 1059 2900 gaudet
1072 2827 1193 2901 legibus.
1380 2880 1381 2891 ,

282 2903 430 2978 llilemma,
449 2907 524 2979 quod
540 2923 640 2966 revera
657 2909 692 2965 ad
711 2909 905 2981 syllogismum
921 2910 1124 2970 disiunctivum
1137 2913 1236 2972 reduci
1250 2929 1301 2988 po
1380 2946 1381 2971 t

248 2993 310 3060 test,
327 2995 370 3047 est
381 2993 588 3063 argumentatio
603 2993 642 3050 ita
651 2992 785 3051 bifariam
795 2995 956 3061 distributa,
975 3000 1008 3052 ut
1020 3002 1141 3070 utraque
1156 2999 1217 3056 eius
1231 3014 1301 3072 pars

248 3077 410 3132 assumatur
426 3079 510 3148 atque
527 3076 565 3133 ad
583 3075 812 3135 concludendum
830 3079 1009 3137 adhibeatur.
1028 3079 1190 3140 Cuiusmodi
1209 3087 1252 3140 est
1264 3082 1302 3139 il-

248 3155 298 3213 lud
307 3156 470 3214 Tertulliani
488 3159 518 3214 in
535 3159 726 3231 Apologetico:
737 3161 793 3218 llel
806 3169 943 3221 nocentes
953 3167 1020 3221 sunt
1029 3164 1187 3237 christiani,
1199 3165 1245 3222 vel
1254 3164 1302 3222 in-

249 3244 392 3296 nocentes.
406 3239 434 3296 Si
447 3245 592 3312 nocentes,
605 3256 656 3298 cur
669 3243 775 3316 inquiri
785 3245 940 3317 prohibes?
955 3245 984 3303 Si
994 3247 1172 3319 innocentes,
1190 3246 1302 3306 curde·

246 3317 313 3376 latis
330 3334 452 3392 poenam
467 3322 599 3396 irrogas?
611 3357 644 3366 -
655 3325 697 3382 ld
713 3326 773 3383 eius
791 3328 992 3386 rectitudinem
1005 3329 1061 3389 duo
1076 3330 1204 3389 cavenda
1219 3338 1300 3388 sunt.

249 3402 384 3476 Primum,
404 3420 441 3462 ne
458 3407 531 3465 inter
546 3407 752 3466 distributionis
766 3415 860 3481 partes
871 3410 953 3468 detur
964 3413 1086 3485 tertium,
1105 3419 1193 3472 utex.
1206 3428 1249 3486 gr.
1265 3413 1302 3471 in

250 3483 413 3543 dilemmate
423 3486 543 3546 Socratis
554 3489 693 3560 morituri,
710 3489 751 3546 sic
761 3490 872 3548 mentis:
884 3493 977 3550 tutin
988 3501 1191 3554 mortesensus
1201 3494 1301 3552 omnis
1380 3544 1381 3565 ,

249 3568 393 3642 adimitur,
409 3575 441 3628 ut
455 3573 486 3628 in
501 3589 609 3644 somn03
631 3579 682 3632 aut
696 3574 809 3633 animus
819 3577 854 3633 ad
865 3575 990 3636 feliciora
999 3578 1062 3637 loca
1071 3580 1184 3653 migrat.
1197 3579 1225 3637 Si
1239 3580 1302 3652 pri·
1380 3578 1381 3637 l

244 3665 346 3725 mum,
362 3655 485 3714 suaviter
494 3657 652 3730 quiescam:
664 3657 713 3715 Sin
724 3656 852 3732 alterurn,
865 3661 976 3720 felicius
986 3663 1081 3720 vivam
1092 3678 1158 3722 cum
1173 3662 1298 3737 Orpheo,

248 3733 355 3808 Ulysse,
368 3738 524 3812 ceterisque
534 3740 688 3812 praeclaris
698 3740 776 3800 viria.
788 3742 859 3815 Ergo
869 3745 942 3803 mori
951 3746 1075 3818 exyredit.
1088 3779 1121 3788 -
1131 3747 1174 3804 llil
1184 3744 1302 3825 conclu-

293 3915 303 3964 l
321 3916 390 3965 dead.
407 3918 424 3964 l.
441 3919 464 3980 2,
480 3933 518 3967 seu
534 3921 631 3976 Lsuult.
648 3938 667 3967 a.
685 3923 723 3967 ll».
