2767 4492
448 239 852 290 sumemus-cosmon
1135 227 1171 292 71

124 333 190 391 sent
199 341 214 406 3·
224 329 255 390 id
268 330 300 390 in
314 328 433 404 physice
453 345 513 389 non
527 334 570 388 est
584 329 677 388 adium
698 327 888 404 exploratum.
904 320 951 387 Vis
970 327 1094 402 donique
1106 327 1174 402 {qne

123 415 213 476 ammi
225 415 417 490 homogenaee
431 414 555 474 invicem
570 414 757 488 copulantur,
774 413 900 474 minime
914 409 1116 485 moleculeris3
1135 425 1171 472 ee

123 517 212 575 vcro,
232 515 289 576 qne
309 499 396 560 ammi
414 500 622 575 hetemgeneae
641 500 801 573 uniuntur,
821 499 946 558 siduitas
964 497 1097 572 ehpmlce
1116 511 1168 558 no·

123 587 261 646 minatur.

159 673 351 746 Argumenta,
367 671 471 746 quibus
490 675 615 748 systema
628 671 683 730 hoc
696 668 902 744 persuadetur,
918 669 974 728 trie
986 668 1170 743 potissimum

122 769 185 815 esse
194 757 336 817 sidentur.
348 756 484 828 Primum,
497 755 565 830 quia
573 756 605 814 in
614 754 702 816 rebus
712 753 899 814 sensibilibus
914 753 1050 812 standum
1063 759 1108 812 est
1120 769 1171 812 ex·

120 841 294 914 parientiam
309 831 487 915 experientis
501 846 596 900 autem
610 855 669 899 non
685 838 763 899 eliud
777 839 878 910 docet,
893 837 952 896 nisi
965 838 1168 898 resolutionem

93 998 96 1004 Ι
119 925 280 984 mixtorum
295 924 326 983 in
339 925 481 1000 simplicia
494 929 522 986 et
536 925 713 1000 simplicium
727 924 760 983 in
772 928 868 997 partes
881 923 1016 982 minores.
1030 922 1168 996 Secundo,

119 1009 191 1084 qma
204 1025 257 1084 per
271 1025 302 1068 se
316 1009 422 1068 suflicit
434 1009 471 1068 ud
484 1010 683 1085 phaenomena
698 1007 843 1082 quaelibet
856 1006 1037 1081 explicanda.
1054 1005 1167 1078 Tertio,

120 1095 193 1168 quia
206 1109 275 1154 cum
288 1095 346 1154 duo
360 1109 479 1169 corpora
492 1093 635 1168 simplicia
645 1093 682 1152 ad
691 1092 817 1152 mixtum
833 1091 1042 1152 efformandum
1057 1090 1132 1149 inter
1141 1104 1173 1150 se

119 1177 281 1253 unionem,
302 1180 414 1253 pondus
433 1180 559 1254 corporis
580 1178 665 1236 mixti
683 1191 808 1251 sequere
830 1176 1002 1251 conspicitis
1024 1189 1169 1235 summam
1193 1233 1195 1236 ,

118 1264 282 1338 ponderum
295 1264 410 1324 illorum
425 1263 609 1336 simplicium.
626 1263 669 1321 Ex
687 1277 744 1335 quo
761 1261 883 1321 interdu
902 1261 1023 1320 eandem
1041 1262 1173 1320 substan

119 1348 194 1416 tiam
208 1363 276 1406 cum
290 1349 392 1407 eedem
406 1345 565 1420 quantitate
578 1361 699 1406 munere
708 1347 740 1406 in
753 1345 865 1419 mixto,
881 1360 955 1419 quae
969 1346 1050 1419 prins
1063 1350 1125 1404 eret
1137 1345 1171 1404 in

119 1432 313 1506 simplicibus.

365 1601 929 1678 Propositoepstcosctoeapmdootor.

158 1772 202 1832 32.
220 1772 253 1832 dt
267 1773 304 1832 ab
317 1771 418 1832 ultimo
438 1773 629 1846 incipiamus,
645 1776 771 1847 systema
785 1772 1001 1846 chymicorum,
1018 1775 1171 1848 peraperte

119 1858 328 1933 experientiam
342 1857 473 1932 respicit,
491 1861 581 1917 barm
596 1857 778 1930 conceditur;
795 1861 825 1916 et
837 1872 896 1916 non
909 1861 1059 1932 propterea
1074 1859 1169 1932 prima

120 1957 273 2016 corporum
289 1943 431 2016 principia
452 1957 553 2004 revere
570 1942 704 2017 explicet.
720 1942 796 2001 Haec
815 1942 894 2001 enim
914 1957 973 2001 non
991 1942 1169 2016 experientia

120 2030 332 2100 comparentem,
342 2027 392 2086 sed
401 2026 626 2086 ratiocmetione.
637 2027 728 2086 immo
737 2026 916 2101 experientia
929 2027 1090 2100 comparari
1100 2041 1170 2084 neu·

120 2111 232 2184 timiam
246 2111 360 2170 debent.
376 2111 448 2170 Nam
461 2109 640 2184 experientis
654 2111 765 2184 anelysi
782 2126 835 2170 sua
853 2125 912 2172 non
930 2111 1008 2170 eliud
1031 2111 1169 2170 exhibere

119 2193 206 2252 nobis
224 2199 317 2266 potest
330 2195 387 2252 nisi
402 2209 536 2268 corpora3
552 2209 587 2253 ea
606 2195 744 2253 nimimm
758 2195 792 2253 de
806 2195 912 2270 quibus
930 2196 1096 2270 quaerimus
1115 2196 1171 2255 ele·

118 2281 229 2335 menta.
239 2277 298 2338 Nisi
312 2278 400 2350 igitir
413 2278 596 2339 ratiocinium
610 2279 785 2339 demonstret
797 2295 832 2339 ee
845 2295 964 2355 corpora
977 2296 1036 2341 non
1049 2296 1113 2340 esse
1126 2279 1168 2340 ul·

120 2361 212 2419 terius
226 2362 382 2436 composita
396 2364 489 2437 quoad
505 2367 646 2436 naturam,
659 2365 709 2422 sed
718 2380 777 2424 uns
790 2371 902 2425 tantm
916 2366 1045 2426 realitate
1060 2371 1170 2425 consta-

120 2459 173 2518 re3
191 2446 297 2506 iactata
317 2448 494 2522 experientia
508 2448 580 2507 nihil
595 2449 753 2509 concludet.
769 2451 800 2509 ld
813 2465 882 2510 vero
897 2456 1041 2525 systema,
1057 2449 1093 2508 dc
1113 2463 1170 2523 qno
1259 2458 1263 2464 ’

120 2529 252 2602 minus,
269 2531 389 2591 minime
410 2533 488 2592 lacit.
512 2534 600 2607 Nam,
618 2541 650 2593 ut
664 2540 759 2594 cetera
780 2537 929 2608 omittam,
946 2549 1012 2593 cum
1026 2534 1119 2592 mixte
1136 2533 1169 2592 in

119 2613 262 2688 simplicia
275 2615 463 2691 resolvuntsn,
476 2621 504 2676 et
516 2618 657 2694 simplicia
670 2619 701 2677 in
715 2620 885 2692 moleculas3
898 2619 974 2678 unde
987 2618 1094 2677 scimus
1108 2633 1169 2677 mo

120 2697 226 2758 leculas
244 2699 322 2774 ipsas
335 2715 393 2760 non
408 2717 470 2762 esse
485 2703 678 2776 compositast
700 2703 771 2769 Quia
788 2703 910 2774 dicitnr,
932 2701 1052 2762 ulterius
1075 2702 1169 2762 scindi

119 2790 314 2858 nonpossunt.
327 2787 361 2844 lt
371 2787 403 2846 in
412 2787 513 2861 primis
527 2802 562 2845 ex
579 2802 613 2844 eo
629 2787 705 2858 quod
719 2801 772 2844 nos
786 2786 984 2845 instrumentis
998 2787 1104 2842 nostris
1120 2785 1171 2842 ali·

118 2866 188 2940 qaid
201 2870 302 2942 partiri
317 2885 507 2942 nequeamus,
523 2869 644 2929 minime
658 2867 788 2940 sequitur
799 2867 871 2926 illud
884 2867 917 2926 in
931 2882 962 2925 se
976 2881 1034 2925 non
1048 2881 1111 2924 esse
1127 2866 1170 2924 di·

118 2951 242 3010 visibile.
257 2952 365 3009 Deinde
380 2952 494 3009 etiamsi
507 2950 665 3009 moleculae
679 2948 756 3021 illae,
768 2965 825 3023 qua
838 2951 1006 3010 extensione
1022 2951 1167 3024 fruuntur,

117 3035 231 3092 nullam
245 3033 329 3092 molis
343 3034 508 3092 ulteriorem
522 3031 695 3090 divisionem
711 3032 911 3108 admitterent3
928 3035 1000 3096 nihil
1016 3041 1111 3096 temen
1126 3035 1170 3094 in·

117 3119 155 3177 de
170 3117 272 3176 inlemi
286 3122 397 3190 posset;
410 3131 476 3176 cum
490 3117 539 3176 bic
553 3131 612 3174 non
627 3131 746 3190 mamus
759 3118 795 3177 de
809 3121 1012 3193 compositione
1026 3121 1170 3194 quantita·

117 3203 164 3278 tis,
177 3201 227 3262 sed
242 3203 278 3261 de
291 3201 494 3276 compositione
508 3205 629 3261 naturae
643 3201 772 3275 ipsorum
786 3218 947 3277 corporum.
960 3205 1109 3273 Quantitas
1118 3219 1170 3264 au·

119 3293 177 3348 um
192 3288 278 3348 etsie
293 3287 416 3348 Gmtesio
430 3303 497 3348 cum
510 3287 632 3349 materia
645 3288 856 3363 contundatur,
873 3289 1046 3360 alleibnitio
1072 3294 1168 3348 tumen

119 3372 182 3432 iure
196 3373 381 3448 distinguitur
396 3375 421 3432 l.

154 3458 244 3518 Immo
259 3474 324 3519 vero
338 3459 492 3520 melcomae
507 3458 571 3520 illas
586 3458 790 3536 compositione
805 3461 901 3536 siqua
915 3461 1039 3520 nebnali
1057 3463 1169 3520 consta·

118 3555 160 3617 re,
175 3557 213 3602 cx
227 3544 336 3605 unitate
350 3548 378 3604 et
391 3544 544 3620 convicte,
561 3561 618 3620 qua
627 3547 792 3621 parteseius
802 3547 1006 3622 quantitativae
1022 3546 1166 3620 trauntur,

165 3711 177 3761 l
196 3733 207 3760 a
224 3715 324 3781 Quoiqus
335 3719 358 3782 je
372 3717 396 3766 n’
406 3719 502 3768 admetto
512 3703 577 3785 point
585 3718 613 3768 de
623 3720 683 3786 side,
693 3721 717 3786 js
727 3719 838 3783 diutim
847 3720 870 3767 la
879 3719 971 3770 madere
980 3717 1011 3770 cle
1019 3718 1036 3770 P
1043 3719 1145 3770 tiniae
1156 3735 1168 3767 s
1220 3714 1227 3730 '

116 3791 889 3863 nmmumumsmmmmotslaexm.
