<?xml version="1.0" encoding="UTF-8"?>
<!DOCTYPE html PUBLIC "-//W3C//DTD XHTML 1.0 Transitional//EN"
    "http://www.w3.org/TR/xhtml1/DTD/xhtml1-transitional.dtd">
<html xmlns="http://www.w3.org/1999/xhtml" xml:lang="en" lang="en">
 <head>
  <title>
</title>
<meta http-equiv="Content-Type" content="text/html;charset=utf-8" />
  <meta name='ocr-system' content='tesseract 3.04.00' />
  <meta name='ocr-capabilities' content='ocr_page ocr_carea ocr_par ocr_line ocrx_word'/>
</head>
<body>
  <div class='ocr_page' id='page_1' title='image "./institutionesph00libegoog_0417.png"; bbox 0 0 2767 4492; ppageno 0'>
   <div class='ocr_carea' id='block_1_1' title="bbox 389 357 1197 420">
    <p class='ocr_par' dir='ltr' id='par_1_1' title="bbox 389 357 1197 420">
     <span class='ocr_line' id='line_1_1' title="bbox 389 357 1197 420; baseline -0.004 0"><span class='ocrx_word' id='word_1_1' title='bbox 389 371 498 420; x_wconf 78' lang='lat' dir='ltr'>¹runs</span> <span class='ocrx_word' id='word_1_2' title='bbox 510 369 861 419; x_wconf 75' lang='lat' dir='ltr'>munna-esranonoarc</span> <span class='ocrx_word' id='word_1_3' title='bbox 1111 357 1162 417; x_wconf 81' lang='lat'>173</span> <span class='ocrx_word' id='word_1_4' title='bbox 1193 360 1197 366; x_wconf 81' lang='grc'>’</span> 
     </span>
    </p>
   </div>
   <div class='ocr_carea' id='block_1_2' title="bbox 116 453 1164 951">
    <p class='ocr_par' dir='ltr' id='par_1_2' title="bbox 116 453 1164 951">
     <span class='ocr_line' id='line_1_2' title="bbox 117 453 1163 532; baseline -0.001 -17"><span class='ocrx_word' id='word_1_5' title='bbox 117 455 321 532; x_wconf 75' lang='lat' dir='ltr'>perfectionem</span> <span class='ocrx_word' id='word_1_6' title='bbox 340 453 466 529; x_wconf 82' lang='lat' dir='ltr'><strong>aliquam</strong></span> <span class='ocrx_word' id='word_1_7' title='bbox 490 455 594 514; x_wconf 81' lang='lat' dir='ltr'>exinde</span> <span class='ocrx_word' id='word_1_8' title='bbox 613 454 726 528; x_wconf 75' lang='lat' dir='ltr'>accipit,</span> <span class='ocrx_word' id='word_1_9' title='bbox 749 455 825 528; x_wconf 91' lang='lat' dir='ltr'>quod</span> <span class='ocrx_word' id='word_1_10' title='bbox 847 465 978 514; x_wconf 86' lang='lat' dir='ltr'>seorsum</span> <span class='ocrx_word' id='word_1_11' title='bbox 993 453 1163 530; x_wconf 80' lang='lat' dir='ltr'>completam</span> 
     </span>
     <span class='ocr_line' id='line_1_3' title="bbox 116 538 1163 614; baseline 0 -14"><span class='ocrx_word' id='word_1_12' title='bbox 116 540 305 600; x_wconf 73' lang='lat' dir='ltr'>substantiam</span> <span class='ocrx_word' id='word_1_13' title='bbox 319 539 350 598; x_wconf 93' lang='lat' dir='ltr'>in</span> <span class='ocrx_word' id='word_1_14' title='bbox 364 539 474 600; x_wconf 90' lang='lat' dir='ltr'>ratione</span> <span class='ocrx_word' id='word_1_15' title='bbox 489 538 626 613; x_wconf 80' lang='lat' dir='ltr'>suppositi</span> <span class='ocrx_word' id='word_1_16' title='bbox 635 553 695 597; x_wconf 95' lang='lat' dir='ltr'>non</span> <span class='ocrx_word' id='word_1_17' title='bbox 708 539 847 598; x_wconf 80' lang='lat' dir='ltr'>efformet</span> <span class='ocrx_word' id='word_1_18' title='bbox 859 539 976 614; x_wconf 83' lang='lat' dir='ltr'>Deinde,</span> <span class='ocrx_word' id='word_1_19' title='bbox 991 538 1089 600; x_wconf 85' lang='lat' dir='ltr'>anima</span> <span class='ocrx_word' id='word_1_20' title='bbox 1101 554 1163 600; x_wconf 90' lang='lat' dir='ltr'>cor·</span> 
     </span>
     <span class='ocr_line' id='line_1_4' title="bbox 116 621 1162 700; baseline 0 -15"><span class='ocrx_word' id='word_1_21' title='bbox 116 625 179 700; x_wconf 89' lang='lat' dir='ltr'>pori</span> <span class='ocrx_word' id='word_1_22' title='bbox 202 625 333 699; x_wconf 87' lang='lat' dir='ltr'>copulata</span> <span class='ocrx_word' id='word_1_23' title='bbox 348 623 526 699; x_wconf 83' lang='lat' dir='ltr'>operationes</span> <span class='ocrx_word' id='word_1_24' title='bbox 549 628 674 695; x_wconf 81' lang='lat' dir='ltr'>exercet,</span> <span class='ocrx_word' id='word_1_25' title='bbox 701 636 773 696; x_wconf 85' lang='lat' dir='ltr'>quas</span> <span class='ocrx_word' id='word_1_26' title='bbox 796 621 860 682; x_wconf 90' lang='lat' dir='ltr'>sine</span> <span class='ocrx_word' id='word_1_27' title='bbox 878 637 996 699; x_wconf 84' lang='lat' dir='ltr'>corpore</span> <span class='ocrx_word' id='word_1_28' title='bbox 1013 639 1162 700; x_wconf 87' lang='lat' dir='ltr'>nunquam</span> 
     </span>
     <span class='ocr_line' id='line_1_5' title="bbox 116 705 1163 784; baseline -0.002 -14"><span class='ocrx_word' id='word_1_29' title='bbox 116 709 299 783; x_wconf 81' lang='lat' dir='ltr'>exercuisset,</span> <span class='ocrx_word' id='word_1_30' title='bbox 316 724 365 768; x_wconf 88' lang='lat' dir='ltr'>aas</span> <span class='ocrx_word' id='word_1_31' title='bbox 374 708 512 768; x_wconf 89' lang='lat' dir='ltr'>nimirum</span> <span class='ocrx_word' id='word_1_32' title='bbox 526 723 600 782; x_wconf 91' lang='lat' dir='ltr'>quae</span> <span class='ocrx_word' id='word_1_33' title='bbox 610 707 646 766; x_wconf 91' lang='lat' dir='ltr'>ad</span> <span class='ocrx_word' id='word_1_34' title='bbox 657 707 748 765; x_wconf 85' lang='lat' dir='ltr'>vitam</span> <span class='ocrx_word' id='word_1_35' title='bbox 757 705 893 766; x_wconf 87' lang='lat' dir='ltr'>sensilem</span> <span class='ocrx_word' id='word_1_36' title='bbox 907 709 1060 782; x_wconf 77' lang='lat' dir='ltr'>pertinent,</span> <span class='ocrx_word' id='word_1_37' title='bbox 1076 724 1163 784; x_wconf 89' lang='lat' dir='ltr'>quaa-</span> 
     </span>
     <span class='ocr_line' id='line_1_6' title="bbox 116 789 1164 867; baseline 0 -15"><span class='ocrx_word' id='word_1_38' title='bbox 116 809 189 867; x_wconf 91' lang='lat' dir='ltr'>quae</span> <span class='ocrx_word' id='word_1_39' title='bbox 202 807 373 866; x_wconf 84' lang='lat' dir='ltr'>organorum</span> <span class='ocrx_word' id='word_1_40' title='bbox 383 796 468 866; x_wconf 88' lang='lat' dir='ltr'>egent</span> <span class='ocrx_word' id='word_1_41' title='bbox 482 790 665 851; x_wconf 90' lang='lat' dir='ltr'>adminiculo.</span> <span class='ocrx_word' id='word_1_42' title='bbox 677 790 780 863; x_wconf 82' lang='lat' dir='ltr'>Tertio,</span> <span class='ocrx_word' id='word_1_43' title='bbox 793 789 887 862; x_wconf 91' lang='lat' dir='ltr'>quoad</span> <span class='ocrx_word' id='word_1_44' title='bbox 900 790 978 864; x_wconf 88' lang='lat' dir='ltr'>ipsas</span> <span class='ocrx_word' id='word_1_45' title='bbox 990 791 1164 852; x_wconf 86' lang='lat' dir='ltr'>intellectua-</span> 
     </span>
     <span class='ocr_line' id='line_1_7' title="bbox 116 872 1163 951; baseline 0.001 -17"><span class='ocrx_word' id='word_1_46' title='bbox 116 875 157 936; x_wconf 92' lang='lat' dir='ltr'>los</span> <span class='ocrx_word' id='word_1_47' title='bbox 171 877 348 951; x_wconf 83' lang='lat' dir='ltr'>operationes</span> <span class='ocrx_word' id='word_1_48' title='bbox 362 875 477 950; x_wconf 82' lang='lat' dir='ltr'>aliquod</span> <span class='ocrx_word' id='word_1_49' title='bbox 491 891 528 934; x_wconf 89' lang='lat' dir='ltr'>ex</span> <span class='ocrx_word' id='word_1_50' title='bbox 538 889 655 949; x_wconf 87' lang='lat' dir='ltr'>corpore</span> <span class='ocrx_word' id='word_1_51' title='bbox 669 874 894 933; x_wconf 88' lang='lat' dir='ltr'>emolumentum</span> <span class='ocrx_word' id='word_1_52' title='bbox 907 872 994 933; x_wconf 88' lang='lat' dir='ltr'>elicit.</span> <span class='ocrx_word' id='word_1_53' title='bbox 1005 875 1072 934; x_wconf 88' lang='lat' dir='ltr'>Eius</span> <span class='ocrx_word' id='word_1_54' title='bbox 1085 875 1163 935; x_wconf 91' lang='lat' dir='ltr'>enim</span> 
     </span>
    </p>
   </div>
   <div class='ocr_carea' id='block_1_3' title="bbox 114 957 1202 3805">
    <p class='ocr_par' dir='ltr' id='par_1_3' title="bbox 114 957 1166 1620">
     <span class='ocr_line' id='line_1_8' title="bbox 115 957 1165 1034; baseline -0.002 -14"><span class='ocrx_word' id='word_1_55' title='bbox 115 977 168 1034; x_wconf 91' lang='lat' dir='ltr'>ope</span> <span class='ocrx_word' id='word_1_56' title='bbox 177 961 288 1020; x_wconf 90' lang='lat' dir='ltr'>obiecta</span> <span class='ocrx_word' id='word_1_57' title='bbox 302 959 449 1020; x_wconf 89' lang='lat' dir='ltr'>sensibilia</span> <span class='ocrx_word' id='word_1_58' title='bbox 464 959 680 1034; x_wconf 85' lang='lat' dir='ltr'>suppeditantur</span> <span class='ocrx_word' id='word_1_59' title='bbox 690 1003 698 1031; x_wconf 93' lang='lat'>‚</span> <span class='ocrx_word' id='word_1_60' title='bbox 707 958 814 1031; x_wconf 92' lang='lat' dir='ltr'>quibus</span> <span class='ocrx_word' id='word_1_61' title='bbox 827 957 935 1031; x_wconf 85' lang='lat' dir='ltr'>positis,</span> <span class='ocrx_word' id='word_1_62' title='bbox 945 958 1165 1018; x_wconf 87' lang='lat' dir='ltr'>animusinnata</span> 
     </span>
     <span class='ocr_line' id='line_1_9' title="bbox 115 1041 1164 1118; baseline 0 -16"><span class='ocrx_word' id='word_1_63' title='bbox 115 1045 144 1102; x_wconf 84' lang='lat' dir='ltr'>vi</span> <span class='ocrx_word' id='word_1_64' title='bbox 163 1044 242 1104; x_wconf 86' lang='lat' dir='ltr'>ideas</span> <span class='ocrx_word' id='word_1_65' title='bbox 263 1043 318 1104; x_wconf 91' lang='lat' dir='ltr'>sibi</span> <span class='ocrx_word' id='word_1_66' title='bbox 337 1043 477 1115; x_wconf 76' lang='lat' dir='ltr'>efformet,</span> <span class='ocrx_word' id='word_1_67' title='bbox 493 1043 598 1118; x_wconf 92' lang='lat' dir='ltr'>quibus</span> <span class='ocrx_word' id='word_1_68' title='bbox 620 1043 757 1116; x_wconf 84' lang='lat' dir='ltr'>deinceps</span> <span class='ocrx_word' id='word_1_69' title='bbox 777 1045 868 1100; x_wconf 90' lang='lat' dir='ltr'>totum</span> <span class='ocrx_word' id='word_1_70' title='bbox 886 1041 1081 1115; x_wconf 79' lang='lat' dir='ltr'>cognitionum</span> <span class='ocrx_word' id='word_1_71' title='bbox 1100 1059 1164 1102; x_wconf 91' lang='lat' dir='ltr'>sua-</span> 
     </span>
     <span class='ocr_line' id='line_1_10' title="bbox 114 1124 1165 1204; baseline -0.002 -16"><span class='ocrx_word' id='word_1_72' title='bbox 114 1143 180 1188; x_wconf 90' lang='lat' dir='ltr'>rum</span> <span class='ocrx_word' id='word_1_73' title='bbox 195 1135 320 1204; x_wconf 78' lang='lat' dir='ltr'>systema</span> <span class='ocrx_word' id='word_1_74' title='bbox 334 1127 513 1202; x_wconf 89' lang='lat' dir='ltr'>superstruit.</span> <span class='ocrx_word' id='word_1_75' title='bbox 530 1127 610 1195; x_wconf 84' lang='lat' dir='ltr'>Quod</span> <span class='ocrx_word' id='word_1_76' title='bbox 628 1127 653 1186; x_wconf 91' lang='lat' dir='ltr'>si</span> <span class='ocrx_word' id='word_1_77' title='bbox 671 1124 881 1200; x_wconf 89' lang='lat' dir='ltr'>quodammodo</span> <span class='ocrx_word' id='word_1_78' title='bbox 897 1139 1014 1199; x_wconf 90' lang='lat' dir='ltr'>corpore</span> <span class='ocrx_word' id='word_1_79' title='bbox 1032 1132 1165 1200; x_wconf 76' lang='lat' dir='ltr'>gratatur</span> 
     </span>
     <span class='ocr_line' id='line_1_11' title="bbox 116 1208 1166 1282; baseline 0 -12"><span class='ocrx_word' id='word_1_80' title='bbox 116 1217 144 1270; x_wconf 89' lang='lat' dir='ltr'>et</span> <span class='ocrx_word' id='word_1_81' title='bbox 164 1212 302 1272; x_wconf 83' lang='lat' dir='ltr'>amatori</span> <span class='ocrx_word' id='word_1_82' title='bbox 326 1211 482 1272; x_wconf 86' lang='lat' dir='ltr'>attentione</span> <span class='ocrx_word' id='word_1_83' title='bbox 506 1210 627 1270; x_wconf 87' lang='lat' dir='ltr'>obiectis</span> <span class='ocrx_word' id='word_1_84' title='bbox 651 1225 731 1268; x_wconf 89' lang='lat' dir='ltr'>mere</span> <span class='ocrx_word' id='word_1_85' title='bbox 754 1208 982 1282; x_wconf 80' lang='lat' dir='ltr'>intelligibilibus</span> <span class='ocrx_word' id='word_1_86' title='bbox 1004 1211 1166 1272; x_wconf 88' lang='lat' dir='ltr'>adhibenda</span> 
     </span>
     <span class='ocr_line' id='line_1_12' title="bbox 114 1291 1166 1370; baseline 0.001 -16"><span class='ocrx_word' id='word_1_87' title='bbox 114 1297 312 1370; x_wconf 65' lang='lat' dir='ltr'>praepeditum</span> <span class='ocrx_word' id='word_1_88' title='bbox 329 1296 358 1355; x_wconf 93' lang='lat' dir='ltr'>id</span> <span class='ocrx_word' id='word_1_89' title='bbox 373 1311 411 1354; x_wconf 83' lang='lat' dir='ltr'>ex</span> <span class='ocrx_word' id='word_1_90' title='bbox 425 1293 549 1352; x_wconf 86' lang='lat' dir='ltr'>naturali</span> <span class='ocrx_word' id='word_1_91' title='bbox 563 1293 627 1352; x_wconf 90' lang='lat' dir='ltr'>eius</span> <span class='ocrx_word' id='word_1_92' title='bbox 642 1292 804 1351; x_wconf 91' lang='lat' dir='ltr'>conditione</span> <span class='ocrx_word' id='word_1_93' title='bbox 817 1291 944 1365; x_wconf 86' lang='lat' dir='ltr'>resultat,</span> <span class='ocrx_word' id='word_1_94' title='bbox 962 1299 1102 1368; x_wconf 87' lang='lat' dir='ltr'>quatenns</span> <span class='ocrx_word' id='word_1_95' title='bbox 1115 1311 1166 1354; x_wconf 89' lang='lat' dir='ltr'>na·</span> 
     </span>
     <span class='ocr_line' id='line_1_13' title="bbox 117 1375 1163 1453; baseline 0.001 -15"><span class='ocrx_word' id='word_1_96' title='bbox 117 1385 182 1438; x_wconf 90' lang='lat' dir='ltr'>tura</span> <span class='ocrx_word' id='word_1_97' title='bbox 195 1395 247 1438; x_wconf 90' lang='lat' dir='ltr'>sua</span> <span class='ocrx_word' id='word_1_98' title='bbox 262 1379 298 1438; x_wconf 90' lang='lat' dir='ltr'>ad</span> <span class='ocrx_word' id='word_1_99' title='bbox 311 1393 414 1452; x_wconf 88' lang='lat' dir='ltr'>corpus</span> <span class='ocrx_word' id='word_1_100' title='bbox 430 1378 489 1436; x_wconf 86' lang='lat' dir='ltr'>rita</span> <span class='ocrx_word' id='word_1_101' title='bbox 500 1377 595 1452; x_wconf 88' lang='lat' dir='ltr'>aliquo</span> <span class='ocrx_word' id='word_1_102' title='bbox 605 1381 733 1450; x_wconf 90' lang='lat' dir='ltr'>ternpore</span> <span class='ocrx_word' id='word_1_103' title='bbox 746 1375 909 1436; x_wconf 86' lang='lat' dir='ltr'>donandum</span> <span class='ocrx_word' id='word_1_104' title='bbox 923 1377 1053 1438; x_wconf 89' lang='lat' dir='ltr'>ordinem</span> <span class='ocrx_word' id='word_1_105' title='bbox 1066 1379 1163 1453; x_wconf 85' lang='lat' dir='ltr'>babet,</span> 
     </span>
     <span class='ocr_line' id='line_1_14' title="bbox 118 1459 1165 1536; baseline 0 -15"><span class='ocrx_word' id='word_1_106' title='bbox 118 1467 148 1522; x_wconf 87' lang='lat' dir='ltr'>et</span> <span class='ocrx_word' id='word_1_107' title='bbox 165 1477 183 1521; x_wconf 90' lang='lat' dir='ltr'>a</span> <span class='ocrx_word' id='word_1_108' title='bbox 202 1461 376 1536; x_wconf 73' lang='lat' dir='ltr'>perfectione</span> <span class='ocrx_word' id='word_1_109' title='bbox 392 1460 489 1520; x_wconf 85' lang='lat' dir='ltr'>delicit</span> <span class='ocrx_word' id='word_1_110' title='bbox 510 1459 767 1534; x_wconf 86' lang='lat' dir='ltr'>intelligentiarum</span> <span class='ocrx_word' id='word_1_111' title='bbox 784 1465 989 1534; x_wconf 83' lang='lat' dir='ltr'>separatarum,</span> <span class='ocrx_word' id='word_1_112' title='bbox 1011 1477 1084 1536; x_wconf 88' lang='lat' dir='ltr'>quae</span> <span class='ocrx_word' id='word_1_113' title='bbox 1104 1477 1165 1522; x_wconf 89' lang='lat' dir='ltr'>cor·</span> 
     </span>
     <span class='ocr_line' id='line_1_15' title="bbox 117 1545 541 1620; baseline -0.002 -15"><span class='ocrx_word' id='word_1_114' title='bbox 117 1561 187 1620; x_wconf 90' lang='lat' dir='ltr'>porc</span> <span class='ocrx_word' id='word_1_115' title='bbox 201 1545 305 1618; x_wconf 89' lang='lat' dir='ltr'>iugiter</span> <span class='ocrx_word' id='word_1_116' title='bbox 319 1550 386 1604; x_wconf 88' lang='lat' dir='ltr'>sont</span> <span class='ocrx_word' id='word_1_117' title='bbox 399 1551 541 1618; x_wconf 78' lang='lat' dir='ltr'>expertes.</span> 
     </span>
    </p>

    <p class='ocr_par' dir='ltr' id='par_1_4' title="bbox 117 1628 1169 2882">
     <span class='ocr_line' id='line_1_16' title="bbox 154 1628 1168 1706; baseline 0.001 -16"><span class='ocrx_word' id='word_1_118' title='bbox 154 1630 356 1690; x_wconf 77' lang='lat' dir='ltr'>alterumvero</span> <span class='ocrx_word' id='word_1_119' title='bbox 373 1634 583 1703; x_wconf 77' lang='lat' dir='ltr'>argumentum,</span> <span class='ocrx_word' id='word_1_120' title='bbox 600 1629 675 1702; x_wconf 90' lang='lat' dir='ltr'>quod</span> <span class='ocrx_word' id='word_1_121' title='bbox 690 1628 808 1701; x_wconf 89' lang='lat' dir='ltr'>addunt,</span> <span class='ocrx_word' id='word_1_122' title='bbox 824 1628 972 1703; x_wconf 89' lang='lat' dir='ltr'>inprimis</span> <span class='ocrx_word' id='word_1_123' title='bbox 982 1635 1081 1690; x_wconf 81' lang='lat' dir='ltr'>contm</span> <span class='ocrx_word' id='word_1_124' title='bbox 1090 1632 1168 1706; x_wconf 88' lang='lat' dir='ltr'>ipsos</span> 
     </span>
     <span class='ocr_line' id='line_1_17' title="bbox 119 1712 1168 1787; baseline 0.002 -13"><span class='ocrx_word' id='word_1_125' title='bbox 119 1713 297 1774; x_wconf 87' lang='lat' dir='ltr'>adversarios</span> <span class='ocrx_word' id='word_1_126' title='bbox 308 1714 434 1787; x_wconf 89' lang='lat' dir='ltr'>torqueri</span> <span class='ocrx_word' id='word_1_127' title='bbox 447 1719 553 1787; x_wconf 88' lang='lat' dir='ltr'>posset.</span> <span class='ocrx_word' id='word_1_128' title='bbox 566 1713 637 1772; x_wconf 87' lang='lat' dir='ltr'>Nam</span> <span class='ocrx_word' id='word_1_129' title='bbox 651 1712 768 1786; x_wconf 83' lang='lat' dir='ltr'>praevia</span> <span class='ocrx_word' id='word_1_130' title='bbox 782 1712 934 1772; x_wconf 82' lang='lat' dir='ltr'>existentia</span> <span class='ocrx_word' id='word_1_131' title='bbox 943 1715 1104 1774; x_wconf 90' lang='lat' dir='ltr'>animorum</span> <span class='ocrx_word' id='word_1_132' title='bbox 1118 1717 1168 1776; x_wconf 90' lang='lat' dir='ltr'>ad·</span> 
     </span>
     <span class='ocr_line' id='line_1_18' title="bbox 121 1797 1168 1874; baseline 0 -14"><span class='ocrx_word' id='word_1_133' title='bbox 121 1806 291 1874; x_wconf 65' lang='lat' dir='ltr'>atrocique</span> <span class='ocrx_word' id='word_1_134' title='bbox 310 1799 366 1873; x_wconf 89' lang='lat' dir='ltr'>ipsi</span> <span class='ocrx_word' id='word_1_135' title='bbox 380 1799 496 1872; x_wconf 91' lang='lat' dir='ltr'>quidem</span> <span class='ocrx_word' id='word_1_136' title='bbox 519 1797 742 1869; x_wconf 79' lang='lat' dir='ltr'>incommodum,</span> <span class='ocrx_word' id='word_1_137' title='bbox 762 1797 838 1870; x_wconf 90' lang='lat' dir='ltr'>quod</span> <span class='ocrx_word' id='word_1_138' title='bbox 854 1798 992 1858; x_wconf 89' lang='lat' dir='ltr'>obiiciunt</span> <span class='ocrx_word' id='word_1_139' title='bbox 1012 1800 1047 1873; x_wconf 81' lang='lat' dir='ltr'>(si</span> <span class='ocrx_word' id='word_1_140' title='bbox 1059 1801 1168 1860; x_wconf 83' lang='lat' dir='ltr'>incom-</span> 
     </span>
     <span class='ocr_line' id='line_1_19' title="bbox 118 1881 1168 1958; baseline 0.003 -16"><span class='ocrx_word' id='word_1_141' title='bbox 118 1885 238 1944; x_wconf 87' lang='lat' dir='ltr'>modum</span> <span class='ocrx_word' id='word_1_142' title='bbox 253 1883 337 1958; x_wconf 86' lang='lat' dir='ltr'>esset)</span> <span class='ocrx_word' id='word_1_143' title='bbox 353 1883 507 1942; x_wconf 89' lang='lat' dir='ltr'>declinant.</span> <span class='ocrx_word' id='word_1_144' title='bbox 529 1882 640 1942; x_wconf 86' lang='lat' dir='ltr'>Etenim</span> <span class='ocrx_word' id='word_1_145' title='bbox 654 1881 816 1940; x_wconf 83' lang='lat' dir='ltr'>tumeliam</span> <span class='ocrx_word' id='word_1_146' title='bbox 830 1881 905 1940; x_wconf 86' lang='lat' dir='ltr'>Deus</span> <span class='ocrx_word' id='word_1_147' title='bbox 918 1881 1039 1956; x_wconf 91' lang='lat' dir='ltr'>singolis</span> <span class='ocrx_word' id='word_1_148' title='bbox 1051 1899 1168 1958; x_wconf 88' lang='lat' dir='ltr'>genera·</span> 
     </span>
     <span class='ocr_line' id='line_1_20' title="bbox 119 1965 1166 2040; baseline 0.002 -12"><span class='ocrx_word' id='word_1_149' title='bbox 119 1969 243 2028; x_wconf 89' lang='lat' dir='ltr'>tionibus</span> <span class='ocrx_word' id='word_1_150' title='bbox 261 1969 373 2028; x_wconf 90' lang='lat' dir='ltr'>adstare</span> <span class='ocrx_word' id='word_1_151' title='bbox 398 1967 522 2040; x_wconf 88' lang='lat' dir='ltr'>deberet,</span> <span class='ocrx_word' id='word_1_152' title='bbox 545 1982 604 2025; x_wconf 94' lang='lat' dir='ltr'>non</span> <span class='ocrx_word' id='word_1_153' title='bbox 626 1971 658 2024; x_wconf 91' lang='lat' dir='ltr'>ut</span> <span class='ocrx_word' id='word_1_154' title='bbox 675 1965 787 2024; x_wconf 85' lang='lat' dir='ltr'>animas</span> <span class='ocrx_word' id='word_1_155' title='bbox 801 1966 944 2039; x_wconf 86' lang='lat' dir='ltr'>conderet,</span> <span class='ocrx_word' id='word_1_156' title='bbox 964 1967 1015 2026; x_wconf 90' lang='lat' dir='ltr'>sed</span> <span class='ocrx_word' id='word_1_157' title='bbox 1036 1973 1068 2028; x_wconf 90' lang='lat' dir='ltr'>ut</span> <span class='ocrx_word' id='word_1_158' title='bbox 1084 1970 1166 2030; x_wconf 80' lang='lat' dir='ltr'>novis</span> 
     </span>
     <span class='ocr_line' id='line_1_21' title="bbox 119 2049 1167 2127; baseline 0.002 -15"><span class='ocrx_word' id='word_1_159' title='bbox 119 2053 284 2127; x_wconf 90' lang='lat' dir='ltr'>corporibus</span> <span class='ocrx_word' id='word_1_160' title='bbox 304 2052 460 2126; x_wconf 89' lang='lat' dir='ltr'>copularet.</span> <span class='ocrx_word' id='word_1_161' title='bbox 477 2051 594 2122; x_wconf 75' lang='lat' dir='ltr'>Deinde,</span> <span class='ocrx_word' id='word_1_162' title='bbox 612 2050 722 2109; x_wconf 89' lang='lat' dir='ltr'>nullum</span> <span class='ocrx_word' id='word_1_163' title='bbox 737 2049 894 2109; x_wconf 90' lang='lat' dir='ltr'>absurdum</span> <span class='ocrx_word' id='word_1_164' title='bbox 907 2051 939 2109; x_wconf 91' lang='lat' dir='ltr'>in</span> <span class='ocrx_word' id='word_1_165' title='bbox 956 2067 991 2110; x_wconf 89' lang='lat' dir='ltr'>eo</span> <span class='ocrx_word' id='word_1_166' title='bbox 1004 2057 1113 2113; x_wconf 90' lang='lat' dir='ltr'>estnec</span> <span class='ocrx_word' id='word_1_167' title='bbox 1125 2055 1167 2114; x_wconf 91' lang='lat' dir='ltr'>ul·</span> 
     </span>
     <span class='ocr_line' id='line_1_22' title="bbox 117 2134 1167 2210; baseline 0.004 -16"><span class='ocrx_word' id='word_1_168' title='bbox 117 2136 178 2196; x_wconf 88' lang='lat' dir='ltr'>lum</span> <span class='ocrx_word' id='word_1_169' title='bbox 193 2136 362 2194; x_wconf 76' lang='lat' dir='ltr'>famulatum</span> <span class='ocrx_word' id='word_1_170' title='bbox 378 2135 469 2210; x_wconf 79' lang='lat' dir='ltr'>affert,</span> <span class='ocrx_word' id='word_1_171' title='bbox 486 2135 562 2209; x_wconf 92' lang='lat' dir='ltr'>quod</span> <span class='ocrx_word' id='word_1_172' title='bbox 576 2135 661 2206; x_wconf 80' lang='lat' dir='ltr'>licus,</span> <span class='ocrx_word' id='word_1_173' title='bbox 677 2134 728 2207; x_wconf 92' lang='lat' dir='ltr'>qui</span> <span class='ocrx_word' id='word_1_174' title='bbox 741 2134 875 2194; x_wconf 83' lang='lat' dir='ltr'>omnibus</span> <span class='ocrx_word' id='word_1_175' title='bbox 888 2135 1018 2208; x_wconf 82' lang='lat' dir='ltr'>providet</span> <span class='ocrx_word' id='word_1_176' title='bbox 1029 2136 1116 2196; x_wconf 89' lang='lat' dir='ltr'>rebus</span> <span class='ocrx_word' id='word_1_177' title='bbox 1130 2139 1167 2198; x_wconf 88' lang='lat' dir='ltr'>ad</span> 
     </span>
     <span class='ocr_line' id='line_1_23' title="bbox 121 2219 1168 2294; baseline 0.005 -16"><span class='ocrx_word' id='word_1_178' title='bbox 121 2219 306 2293; x_wconf 89' lang='lat' dir='ltr'>singulasque</span> <span class='ocrx_word' id='word_1_179' title='bbox 322 2221 467 2279; x_wconf 84' lang='lat' dir='ltr'>concurrit</span> <span class='ocrx_word' id='word_1_180' title='bbox 479 2219 666 2293; x_wconf 80' lang='lat' dir='ltr'>operationes,</span> <span class='ocrx_word' id='word_1_181' title='bbox 687 2219 729 2277; x_wconf 89' lang='lat' dir='ltr'>sic</span> <span class='ocrx_word' id='word_1_182' title='bbox 749 2219 890 2278; x_wconf 85' lang='lat' dir='ltr'>humanas</span> <span class='ocrx_word' id='word_1_183' title='bbox 908 2221 1103 2294; x_wconf 86' lang='lat' dir='ltr'>generationes</span> <span class='ocrx_word' id='word_1_184' title='bbox 1118 2223 1168 2283; x_wconf 90' lang='lat' dir='ltr'>ad·</span> 
     </span>
     <span class='ocr_line' id='line_1_24' title="bbox 120 2302 1169 2378; baseline 0.007 -16"><span class='ocrx_word' id='word_1_185' title='bbox 120 2303 275 2376; x_wconf 81' lang='lat' dir='ltr'>ministret3</span> <span class='ocrx_word' id='word_1_186' title='bbox 297 2309 328 2362; x_wconf 93' lang='lat' dir='ltr'>ut</span> <span class='ocrx_word' id='word_1_187' title='bbox 347 2303 516 2363; x_wconf 87' lang='lat' dir='ltr'>constructis</span> <span class='ocrx_word' id='word_1_188' title='bbox 531 2302 697 2377; x_wconf 89' lang='lat' dir='ltr'>corporibus</span> <span class='ocrx_word' id='word_1_189' title='bbox 715 2304 836 2378; x_wconf 89' lang='lat' dir='ltr'>animas,</span> <span class='ocrx_word' id='word_1_190' title='bbox 853 2320 926 2378; x_wconf 89' lang='lat' dir='ltr'>quae</span> <span class='ocrx_word' id='word_1_191' title='bbox 947 2305 996 2364; x_wconf 92' lang='lat' dir='ltr'>illa</span> <span class='ocrx_word' id='word_1_192' title='bbox 1013 2307 1169 2370; x_wconf 77' lang='lat' dir='ltr'>informent</span> 
     </span>
     <span class='ocr_line' id='line_1_25' title="bbox 120 2386 1167 2460; baseline 0.004 -14"><span class='ocrx_word' id='word_1_193' title='bbox 120 2393 149 2446; x_wconf 88' lang='lat' dir='ltr'>ct</span> <span class='ocrx_word' id='word_1_194' title='bbox 163 2393 274 2460; x_wconf 82' lang='lat' dir='ltr'>regant,</span> <span class='ocrx_word' id='word_1_195' title='bbox 286 2388 405 2448; x_wconf 89' lang='lat' dir='ltr'>enibilo</span> <span class='ocrx_word' id='word_1_196' title='bbox 419 2386 531 2446; x_wconf 87' lang='lat' dir='ltr'>condat.</span> <span class='ocrx_word' id='word_1_197' title='bbox 547 2387 715 2446; x_wconf 85' lang='lat' dir='ltr'>Praesertim</span> <span class='ocrx_word' id='word_1_198' title='bbox 725 2403 802 2460; x_wconf 79' lang='lat' dir='ltr'>vem,</span> <span class='ocrx_word' id='word_1_199' title='bbox 817 2389 925 2448; x_wconf 84' lang='lat' dir='ltr'>numid</span> <span class='ocrx_word' id='word_1_200' title='bbox 938 2394 1167 2450; x_wconf 87' lang='lat' dir='ltr'>etnatmaecnr·</span> 
     </span>
     <span class='ocr_line' id='line_1_26' title="bbox 121 2471 1168 2547; baseline 0.005 -17"><span class='ocrx_word' id='word_1_201' title='bbox 121 2487 170 2530; x_wconf 84' lang='lat' dir='ltr'>sus</span> <span class='ocrx_word' id='word_1_202' title='bbox 186 2471 300 2545; x_wconf 87' lang='lat' dir='ltr'>abipso</span> <span class='ocrx_word' id='word_1_203' title='bbox 319 2472 375 2532; x_wconf 87' lang='lat' dir='ltr'>beo</span> <span class='ocrx_word' id='word_1_204' title='bbox 390 2473 586 2532; x_wconf 86' lang='lat' dir='ltr'>constabilitus</span> <span class='ocrx_word' id='word_1_205' title='bbox 605 2473 711 2546; x_wconf 78' lang='lat' dir='ltr'>exigat,</span> <span class='ocrx_word' id='word_1_206' title='bbox 730 2478 759 2532; x_wconf 90' lang='lat' dir='ltr'>et</span> <span class='ocrx_word' id='word_1_207' title='bbox 776 2474 893 2547; x_wconf 89' lang='lat' dir='ltr'>spiritus</span> <span class='ocrx_word' id='word_1_208' title='bbox 911 2473 1030 2536; x_wconf 85' lang='lat' dir='ltr'>humani</span> <span class='ocrx_word' id='word_1_209' title='bbox 1044 2475 1168 2536; x_wconf 89' lang='lat' dir='ltr'>conditio</span> 
     </span>
     <span class='ocr_line' id='line_1_27' title="bbox 120 2553 1168 2633; baseline 0.005 -20"><span class='ocrx_word' id='word_1_210' title='bbox 120 2553 203 2613; x_wconf 84' lang='lat' dir='ltr'>iuxta</span> <span class='ocrx_word' id='word_1_211' title='bbox 218 2557 347 2615; x_wconf 89' lang='lat' dir='ltr'>ordinem</span> <span class='ocrx_word' id='word_1_212' title='bbox 358 2573 375 2616; x_wconf 85' lang='lat' dir='ltr'>a</span> <span class='ocrx_word' id='word_1_213' title='bbox 386 2557 485 2616; x_wconf 88' lang='lat' dir='ltr'>divina</span> <span class='ocrx_word' id='word_1_214' title='bbox 499 2557 638 2633; x_wconf 90' lang='lat' dir='ltr'>sapientia</span> <span class='ocrx_word' id='word_1_215' title='bbox 652 2558 788 2616; x_wconf 84' lang='lat' dir='ltr'>diomtum</span> <span class='ocrx_word' id='word_1_216' title='bbox 803 2557 938 2630; x_wconf 85' lang='lat' dir='ltr'>requirat.</span> <span class='ocrx_word' id='word_1_217' title='bbox 951 2557 1095 2616; x_wconf 70' lang='lat' dir='ltr'>concana</span> <span class='ocrx_word' id='word_1_218' title='bbox 1108 2559 1168 2632; x_wconf 90' lang='lat' dir='ltr'>opi·</span> 
     </span>
     <span class='ocr_line' id='line_1_28' title="bbox 120 2640 1167 2718; baseline 0.004 -20"><span class='ocrx_word' id='word_1_219' title='bbox 120 2640 169 2698; x_wconf 93' lang='lat' dir='ltr'>nio</span> <span class='ocrx_word' id='word_1_220' title='bbox 185 2641 316 2701; x_wconf 89' lang='lat' dir='ltr'>surculus</span> <span class='ocrx_word' id='word_1_221' title='bbox 336 2643 454 2716; x_wconf 91' lang='lat' dir='ltr'>quidam</span> <span class='ocrx_word' id='word_1_222' title='bbox 469 2649 512 2702; x_wconf 92' lang='lat' dir='ltr'>est</span> <span class='ocrx_word' id='word_1_223' title='bbox 526 2643 676 2718; x_wconf 83' lang='lat' dir='ltr'>pestilerae</span> <span class='ocrx_word' id='word_1_224' title='bbox 690 2642 769 2701; x_wconf 92' lang='lat' dir='ltr'>illius</span> <span class='ocrx_word' id='word_1_225' title='bbox 790 2642 912 2716; x_wconf 85' lang='lat' dir='ltr'>plantae,</span> <span class='ocrx_word' id='word_1_226' title='bbox 931 2641 1070 2700; x_wconf 91' lang='lat' dir='ltr'>nimirum</span> <span class='ocrx_word' id='word_1_227' title='bbox 1082 2643 1167 2702; x_wconf 85' lang='lat' dir='ltr'>ratio</span> 
     </span>
     <span class='ocr_line' id='line_1_29' title="bbox 120 2725 1164 2802; baseline 0.004 -20"><span class='ocrx_word' id='word_1_228' title='bbox 120 2725 246 2797; x_wconf 75' lang='lat' dir='ltr'>nalismi,</span> <span class='ocrx_word' id='word_1_229' title='bbox 264 2725 313 2799; x_wconf 89' lang='lat' dir='ltr'>qui</span> <span class='ocrx_word' id='word_1_230' title='bbox 328 2736 467 2800; x_wconf 84' lang='lat' dir='ltr'>quantum</span> <span class='ocrx_word' id='word_1_231' title='bbox 482 2734 573 2802; x_wconf 88' lang='lat' dir='ltr'>potest</span> <span class='ocrx_word' id='word_1_232' title='bbox 586 2726 662 2786; x_wconf 81' lang='lat' dir='ltr'>vires</span> <span class='ocrx_word' id='word_1_233' title='bbox 676 2726 752 2785; x_wconf 92' lang='lat' dir='ltr'>inid</span> <span class='ocrx_word' id='word_1_234' title='bbox 766 2727 867 2799; x_wconf 80' lang='lat' dir='ltr'>exerit,</span> <span class='ocrx_word' id='word_1_235' title='bbox 878 2725 1008 2784; x_wconf 85' lang='lat' dir='ltr'>utbenm</span> <span class='ocrx_word' id='word_1_236' title='bbox 1022 2742 1040 2785; x_wconf 93' lang='lat' dir='ltr'>a</span> <span class='ocrx_word' id='word_1_237' title='bbox 1053 2731 1164 2801; x_wconf 81' lang='lat' dir='ltr'>nauus,</span> 
     </span>
     <span class='ocr_line' id='line_1_30' title="bbox 121 2809 621 2882; baseline 0.004 -16"><span class='ocrx_word' id='word_1_238' title='bbox 121 2809 272 2882; x_wconf 88' lang='lat' dir='ltr'>aratione,</span> <span class='ocrx_word' id='word_1_239' title='bbox 289 2811 452 2870; x_wconf 89' lang='lat' dir='ltr'>esocietate</span> <span class='ocrx_word' id='word_1_240' title='bbox 467 2817 621 2870; x_wconf 73' lang='lat' dir='ltr'>removeat,</span> 
     </span>
    </p>

    <p class='ocr_par' dir='ltr' id='par_1_5' title="bbox 121 2889 1202 3805">
     <span class='ocr_line' id='line_1_31' title="bbox 160 2889 1167 2967; baseline 0.003 -18"><span class='ocrx_word' id='word_1_241' title='bbox 160 2892 221 2950; x_wconf 89' lang='lat'>100.</span> <span class='ocrx_word' id='word_1_242' title='bbox 237 2891 280 2949; x_wconf 82' lang='lat' dir='ltr'>Ex</span> <span class='ocrx_word' id='word_1_243' title='bbox 295 2893 349 2964; x_wconf 80' lang='lat' dir='ltr'>bis,</span> <span class='ocrx_word' id='word_1_244' title='bbox 373 2909 425 2952; x_wconf 88' lang='lat' dir='ltr'>ceu</span> <span class='ocrx_word' id='word_1_245' title='bbox 449 2893 534 2951; x_wconf 89' lang='lat' dir='ltr'>totius</span> <span class='ocrx_word' id='word_1_246' title='bbox 548 2891 723 2967; x_wconf 87' lang='lat' dir='ltr'>quaestionis</span> <span class='ocrx_word' id='word_1_247' title='bbox 737 2889 839 2950; x_wconf 88' lang='lat' dir='ltr'>solutio</span> <span class='ocrx_word' id='word_1_248' title='bbox 856 2895 885 2949; x_wconf 91' lang='lat' dir='ltr'>et</span> <span class='ocrx_word' id='word_1_249' title='bbox 902 2892 984 2964; x_wconf 92' lang='lat' dir='ltr'>quasi</span> <span class='ocrx_word' id='word_1_250' title='bbox 997 2907 1112 2950; x_wconf 91' lang='lat' dir='ltr'>summa</span> <span class='ocrx_word' id='word_1_251' title='bbox 1124 2893 1167 2952; x_wconf 90' lang='lat' dir='ltr'>di-</span> 
     </span>
     <span class='ocr_line' id='line_1_32' title="bbox 121 2974 1166 3051; baseline 0.007 -21"><span class='ocrx_word' id='word_1_252' title='bbox 121 2978 229 3044; x_wconf 87' lang='lat' dir='ltr'>manat,</span> <span class='ocrx_word' id='word_1_253' title='bbox 245 2974 373 3046; x_wconf 87' lang='lat' dir='ltr'>animum</span> <span class='ocrx_word' id='word_1_254' title='bbox 386 2991 424 3033; x_wconf 80' lang='lat' dir='ltr'>ex</span> <span class='ocrx_word' id='word_1_255' title='bbox 437 2976 553 3033; x_wconf 90' lang='lat' dir='ltr'>nibiloa</span> <span class='ocrx_word' id='word_1_256' title='bbox 567 2975 625 3033; x_wconf 88' lang='lat' dir='ltr'>Deo</span> <span class='ocrx_word' id='word_1_257' title='bbox 641 2981 701 3030; x_wconf 92' lang='lat' dir='ltr'>tum</span> <span class='ocrx_word' id='word_1_258' title='bbox 716 2974 809 3045; x_wconf 87' lang='lat' dir='ltr'>condi,</span> <span class='ocrx_word' id='word_1_259' title='bbox 825 2989 893 3032; x_wconf 89' lang='lat' dir='ltr'>cnm</span> <span class='ocrx_word' id='word_1_260' title='bbox 910 2980 976 3034; x_wconf 89' lang='lat' dir='ltr'>actu</span> <span class='ocrx_word' id='word_1_261' title='bbox 990 2977 1101 3051; x_wconf 89' lang='lat' dir='ltr'>corpori</span> <span class='ocrx_word' id='word_1_262' title='bbox 1114 2979 1166 3037; x_wconf 90' lang='lat' dir='ltr'>bu·</span> 
     </span>
     <span class='ocr_line' id='line_1_33' title="bbox 121 3053 1167 3136; baseline 0.005 -21"><span class='ocrx_word' id='word_1_263' title='bbox 121 3070 208 3115; x_wconf 88' lang='lat' dir='ltr'>mano</span> <span class='ocrx_word' id='word_1_264' title='bbox 228 3055 392 3128; x_wconf 85' lang='lat' dir='ltr'>iungendos</span> <span class='ocrx_word' id='word_1_265' title='bbox 411 3063 463 3114; x_wconf 89' lang='lat' dir='ltr'>cst.</span> <span class='ocrx_word' id='word_1_266' title='bbox 489 3056 565 3121; x_wconf 85' lang='lat' dir='ltr'>Quod</span> <span class='ocrx_word' id='word_1_267' title='bbox 585 3055 610 3114; x_wconf 91' lang='lat' dir='ltr'>si</span> <span class='ocrx_word' id='word_1_268' title='bbox 633 3053 854 3126; x_wconf 83' lang='lat' dir='ltr'>determinatum</span> <span class='ocrx_word' id='word_1_269' title='bbox 876 3060 1011 3132; x_wconf 90' lang='lat' dir='ltr'>temporis</span> <span class='ocrx_word' id='word_1_270' title='bbox 1028 3066 1167 3136; x_wconf 89' lang='lat' dir='ltr'>punctum</span> 
     </span>
     <span class='ocr_line' id='line_1_34' title="bbox 122 3139 1167 3218; baseline 0.005 -20"><span class='ocrx_word' id='word_1_271' title='bbox 122 3139 275 3198; x_wconf 88' lang='lat' dir='ltr'>creationis</span> <span class='ocrx_word' id='word_1_272' title='bbox 290 3147 375 3213; x_wconf 90' lang='lat' dir='ltr'>atque</span> <span class='ocrx_word' id='word_1_273' title='bbox 389 3140 542 3198; x_wconf 90' lang='lat' dir='ltr'>iunctionis</span> <span class='ocrx_word' id='word_1_274' title='bbox 556 3139 642 3198; x_wconf 87' lang='lat' dir='ltr'>huius</span> <span class='ocrx_word' id='word_1_275' title='bbox 660 3139 832 3212; x_wconf 83' lang='lat' dir='ltr'>exposcitur,</span> <span class='ocrx_word' id='word_1_276' title='bbox 848 3144 1052 3216; x_wconf 89' lang='lat' dir='ltr'>respondemus</span> <span class='ocrx_word' id='word_1_277' title='bbox 1065 3145 1095 3202; x_wconf 93' lang='lat' dir='ltr'>id</span> <span class='ocrx_word' id='word_1_278' title='bbox 1108 3145 1167 3218; x_wconf 91' lang='lat' dir='ltr'>pla·</span> 
     </span>
     <span class='ocr_line' id='line_1_35' title="bbox 122 3222 1167 3287; baseline 0.005 -5"><span class='ocrx_word' id='word_1_279' title='bbox 122 3239 158 3282; x_wconf 91' lang='lat' dir='ltr'>ne</span> <span class='ocrx_word' id='word_1_280' title='bbox 173 3224 314 3281; x_wconf 90' lang='lat' dir='ltr'>incertum</span> <span class='ocrx_word' id='word_1_281' title='bbox 329 3238 390 3282; x_wconf 85' lang='lat' dir='ltr'>asse</span> <span class='ocrx_word' id='word_1_282' title='bbox 406 3238 439 3282; x_wconf 88' lang='lat' dir='ltr'>ac</span> <span class='ocrx_word' id='word_1_283' title='bbox 454 3223 536 3282; x_wconf 92' lang='lat' dir='ltr'>nobis</span> <span class='ocrx_word' id='word_1_284' title='bbox 550 3222 669 3282; x_wconf 88' lang='lat' dir='ltr'>minime</span> <span class='ocrx_word' id='word_1_285' title='bbox 690 3228 797 3283; x_wconf 90' lang='lat' dir='ltr'>notum.</span> <span class='ocrx_word' id='word_1_286' title='bbox 815 3223 975 3285; x_wconf 88' lang='lat' dir='ltr'>Generatim</span> <span class='ocrx_word' id='word_1_287' title='bbox 989 3243 1057 3287; x_wconf 87' lang='lat' dir='ltr'>rero</span> <span class='ocrx_word' id='word_1_288' title='bbox 1072 3229 1167 3287; x_wconf 88' lang='lat' dir='ltr'>dicere</span> 
     </span>
     <span class='ocr_line' id='line_1_36' title="bbox 122 3305 1167 3384; baseline 0.004 -18"><span class='ocrx_word' id='word_1_289' title='bbox 122 3322 272 3381; x_wconf 89' lang='lat' dir='ltr'>possumus</span> <span class='ocrx_word' id='word_1_290' title='bbox 286 3305 396 3366; x_wconf 91' lang='lat' dir='ltr'>animos</span> <span class='ocrx_word' id='word_1_291' title='bbox 411 3314 471 3366; x_wconf 90' lang='lat' dir='ltr'>tum</span> <span class='ocrx_word' id='word_1_292' title='bbox 492 3307 583 3366; x_wconf 87' lang='lat' dir='ltr'>creari</span> <span class='ocrx_word' id='word_1_293' title='bbox 605 3306 829 3380; x_wconf 86' lang='lat' dir='ltr'>corporibusque</span> <span class='ocrx_word' id='word_1_294' title='bbox 850 3310 995 3384; x_wconf 80' lang='lat' dir='ltr'>coniungi,</span> <span class='ocrx_word' id='word_1_295' title='bbox 1018 3325 1086 3368; x_wconf 88' lang='lat' dir='ltr'>cnm</span> <span class='ocrx_word' id='word_1_296' title='bbox 1106 3326 1167 3370; x_wconf 88' lang='lat' dir='ltr'>cor-</span> 
     </span>
     <span class='ocr_line' id='line_1_37' title="bbox 121 3389 1168 3466; baseline 0.003 -16"><span class='ocrx_word' id='word_1_297' title='bbox 121 3408 189 3465; x_wconf 87' lang='lat' dir='ltr'>pora</span> <span class='ocrx_word' id='word_1_298' title='bbox 203 3392 256 3450; x_wconf 85' lang='lat' dir='ltr'>rite</span> <span class='ocrx_word' id='word_1_299' title='bbox 274 3399 422 3466; x_wconf 89' lang='lat' dir='ltr'>compacta</span> <span class='ocrx_word' id='word_1_300' title='bbox 438 3391 544 3450; x_wconf 86' lang='lat' dir='ltr'>luerint</span> <span class='ocrx_word' id='word_1_301' title='bbox 558 3389 748 3466; x_wconf 85' lang='lat' dir='ltr'>congruisque</span> <span class='ocrx_word' id='word_1_302' title='bbox 762 3391 878 3465; x_wconf 88' lang='lat' dir='ltr'>organis</span> <span class='ocrx_word' id='word_1_303' title='bbox 898 3393 1037 3452; x_wconf 89' lang='lat' dir='ltr'>instructa</span> <span class='ocrx_word' id='word_1_304' title='bbox 1054 3395 1091 3452; x_wconf 91' lang='lat' dir='ltr'>ad</span> <span class='ocrx_word' id='word_1_305' title='bbox 1105 3395 1168 3453; x_wconf 86' lang='lat' dir='ltr'>iun·</span> 
     </span>
     <span class='ocr_line' id='line_1_38' title="bbox 122 3476 1202 3555; baseline 0.003 -20"><span class='ocrx_word' id='word_1_306' title='bbox 122 3479 229 3536; x_wconf 75' lang='lat' dir='ltr'>ction‘es</span> <span class='ocrx_word' id='word_1_307' title='bbox 252 3477 326 3535; x_wconf 82' lang='lat' dir='ltr'>vitae</span> <span class='ocrx_word' id='word_1_308' title='bbox 341 3476 532 3536; x_wconf 88' lang='lat' dir='ltr'>exercendas.</span> <span class='ocrx_word' id='word_1_309' title='bbox 550 3477 627 3545; x_wconf 80' lang='lat' dir='ltr'>Quae</span> <span class='ocrx_word' id='word_1_310' title='bbox 649 3476 789 3536; x_wconf 85' lang='lat' dir='ltr'>sententia</span> <span class='ocrx_word' id='word_1_311' title='bbox 809 3477 913 3536; x_wconf 83' lang='lat' dir='ltr'>exinde</span> <span class='ocrx_word' id='word_1_312' title='bbox 933 3479 1003 3536; x_wconf 92' lang='lat' dir='ltr'>satis</span> <span class='ocrx_word' id='word_1_313' title='bbox 1021 3478 1165 3554; x_wconf 84' lang='lat' dir='ltr'>suadetur,</span> <span class='ocrx_word' id='word_1_314' title='bbox 1199 3551 1202 3555; x_wconf 9' lang='grc' dir='ltr'><strong><em>ἵ</em></strong></span> 
     </span>
     <span class='ocr_line' id='line_1_39' title="bbox 122 3561 1167 3636; baseline 0.003 -16"><span class='ocrx_word' id='word_1_315' title='bbox 122 3563 195 3636; x_wconf 90' lang='lat' dir='ltr'>quod</span> <span class='ocrx_word' id='word_1_316' title='bbox 211 3578 277 3620; x_wconf 89' lang='lat' dir='ltr'>cnm</span> <span class='ocrx_word' id='word_1_317' title='bbox 291 3561 405 3620; x_wconf 91' lang='lat' dir='ltr'>animus</span> <span class='ocrx_word' id='word_1_318' title='bbox 419 3561 530 3634; x_wconf 89' lang='lat' dir='ltr'>corpori</span> <span class='ocrx_word' id='word_1_319' title='bbox 552 3561 699 3635; x_wconf 88' lang='lat' dir='ltr'>copuletur</span> <span class='ocrx_word' id='word_1_320' title='bbox 717 3566 796 3620; x_wconf 90' lang='lat' dir='ltr'>uteo</span> <span class='ocrx_word' id='word_1_321' title='bbox 819 3569 964 3635; x_wconf 78' lang='lat' dir='ltr'>umquam</span> <span class='ocrx_word' id='word_1_322' title='bbox 979 3561 1167 3629; x_wconf 85' lang='lat' dir='ltr'>instrumento</span> 
     </span>
     <span class='ocr_line' id='line_1_40' title="bbox 122 3644 1168 3722; baseline 0.006 -20"><span class='ocrx_word' id='word_1_323' title='bbox 122 3644 251 3704; x_wconf 81' lang='lat' dir='ltr'>vitalium</span> <span class='ocrx_word' id='word_1_324' title='bbox 266 3646 463 3719; x_wconf 88' lang='lat' dir='ltr'>operationum</span> <span class='ocrx_word' id='word_1_325' title='bbox 477 3650 590 3720; x_wconf 89' lang='lat' dir='ltr'>utatur;</span> <span class='ocrx_word' id='word_1_326' title='bbox 607 3645 718 3704; x_wconf 90' lang='lat' dir='ltr'>inutilis</span> <span class='ocrx_word' id='word_1_327' title='bbox 738 3651 813 3704; x_wconf 89' lang='lat' dir='ltr'>esset</span> <span class='ocrx_word' id='word_1_328' title='bbox 833 3645 994 3705; x_wconf 89' lang='lat' dir='ltr'>coniunctio</span> <span class='ocrx_word' id='word_1_329' title='bbox 1015 3651 1168 3722; x_wconf 87' lang='lat' dir='ltr'>antequam</span> 
     </span>
     <span class='ocr_line' id='line_1_41' title="bbox 123 3727 1169 3805; baseline 0.003 -18"><span class='ocrx_word' id='word_1_330' title='bbox 123 3727 188 3787; x_wconf 89' lang='lat' dir='ltr'>linis</span> <span class='ocrx_word' id='word_1_331' title='bbox 202 3729 248 3787; x_wconf 92' lang='lat' dir='ltr'>bic</span> <span class='ocrx_word' id='word_1_332' title='bbox 263 3730 359 3804; x_wconf 90' lang='lat' dir='ltr'>aliqua</span> <span class='ocrx_word' id='word_1_333' title='bbox 381 3730 480 3789; x_wconf 88' lang='lat' dir='ltr'>saltem</span> <span class='ocrx_word' id='word_1_334' title='bbox 496 3745 534 3790; x_wconf 83' lang='lat' dir='ltr'>ex</span> <span class='ocrx_word' id='word_1_335' title='bbox 552 3736 632 3804; x_wconf 91' lang='lat' dir='ltr'>parte</span> <span class='ocrx_word' id='word_1_336' title='bbox 649 3728 773 3788; x_wconf 88' lang='lat' dir='ltr'>obtineri</span> <span class='ocrx_word' id='word_1_337' title='bbox 792 3729 888 3803; x_wconf 86' lang='lat' dir='ltr'>possit.</span> <span class='ocrx_word' id='word_1_338' title='bbox 905 3729 1023 3805; x_wconf 89' lang='lat' dir='ltr'>Insuper</span> <span class='ocrx_word' id='word_1_339' title='bbox 1038 3730 1169 3792; x_wconf 91' lang='lat' dir='ltr'>eiusdem</span> 
     </span>
    </p>
   </div>
   <div class='ocr_carea' id='block_1_4' title="bbox 7 3811 1168 3890">
    <p class='ocr_par' dir='ltr' id='par_1_6' title="bbox 7 3811 1168 3890">
     <span class='ocr_line' id='line_1_42' title="bbox 7 3811 1168 3890; baseline 0.009 -25"><span class='ocrx_word' id='word_1_340' title='bbox 7 3823 12 3830; x_wconf 92' lang='lat'>·</span> <span class='ocrx_word' id='word_1_341' title='bbox 124 3811 249 3870; x_wconf 88' lang='lat' dir='ltr'>veritatis</span> <span class='ocrx_word' id='word_1_342' title='bbox 262 3813 446 3872; x_wconf 73' lang='lat' dir='ltr'>manifestum</span> <span class='ocrx_word' id='word_1_343' title='bbox 469 3813 609 3874; x_wconf 90' lang='lat' dir='ltr'>indicium</span> <span class='ocrx_word' id='word_1_344' title='bbox 630 3827 667 3872; x_wconf 83' lang='lat' dir='ltr'>ex</span> <span class='ocrx_word' id='word_1_345' title='bbox 688 3814 865 3887; x_wconf 88' lang='lat' dir='ltr'>separatione</span> <span class='ocrx_word' id='word_1_346' title='bbox 886 3813 1000 3874; x_wconf 82' lang='lat' dir='ltr'>animae</span> <span class='ocrx_word' id='word_1_347' title='bbox 1019 3830 1168 3890; x_wconf 83' lang='lat' dir='ltr'>acorpore</span> 
     </span>
    </p>
   </div>
   <div class='ocr_carea' id='block_1_5' title="bbox 121 3893 1168 3989">
    <p class='ocr_par' dir='ltr' id='par_1_7' title="bbox 121 3893 1168 3994">
     <span class='ocr_line' id='line_1_43' title="bbox 121 3893 1168 3989; baseline 0.004 -29"><span class='ocrx_word' id='word_1_348' title='bbox 121 3893 327 3974; x_wconf 83' lang='lat' dir='ltr'>suppeditatur.</span> <span class='ocrx_word' id='word_1_349' title='bbox 344 3895 414 3964; x_wconf 84' lang='lat' dir='ltr'>llam</span> <span class='ocrx_word' id='word_1_350' title='bbox 428 3897 454 3960; x_wconf 90' lang='lat' dir='ltr'>si</span> <span class='ocrx_word' id='word_1_351' title='bbox 468 3897 584 3960; x_wconf 87' lang='lat' dir='ltr'>animus</span> <span class='ocrx_word' id='word_1_352' title='bbox 593 3897 669 3978; x_wconf 75' lang='lat' dir='ltr'>⁴ideo</span> <span class='ocrx_word' id='word_1_353' title='bbox 683 3896 794 3961; x_wconf 83' lang='lat' dir='ltr'>decedit</span> <span class='ocrx_word' id='word_1_354' title='bbox 807 3913 825 3958; x_wconf 89' lang='lat' dir='ltr'>a</span> <span class='ocrx_word' id='word_1_355' title='bbox 838 3912 964 3974; x_wconf 86' lang='lat' dir='ltr'>corporo,</span> <span class='ocrx_word' id='word_1_356' title='bbox 979 3899 1113 3974; x_wconf 83' lang='lat' dir='ltr'>quiahoc</span> <span class='ocrx_word' id='word_1_357' title='bbox 1130 3899 1168 3989; x_wconf 75' lang='lat' dir='ltr'>ad</span> 
     </span>
    </p>
   </div>
   <div class='ocr_carea' id='block_1_6' title="bbox 0 0 1393 4492">
    <p class='ocr_par' dir='ltr' id='par_1_8' title="bbox 0 0 1393 4492">
     <span class='ocr_line' id='line_1_44' title="bbox 0 0 1393 4492; baseline 0 0"><span class='ocrx_word' id='word_1_358' title='bbox 0 0 1393 4492; x_wconf 95' lang='lat' dir='ltr'> </span> 
     </span>
    </p>
   </div>
  </div>
 </body>
</html>
