2767 4492
237 327 255 384 l
656 330 860 377 inruonuorio

237 422 344 493 turbas,
361 420 392 478 in
401 417 551 479 Germania
565 415 756 490 potissimum,
772 411 917 472 excitavit.
933 411 959 470 ls
973 411 1052 470 enim
1066 425 1134 468 com
1147 411 1282 472 obserua-

236 511 280 566 ret
294 507 349 564 duo
364 505 395 562 in
410 503 525 562 bomine
540 500 684 560 sedunum
699 513 805 572 genera
819 495 954 570 repertri:
971 493 1041 554 alias
1056 495 1193 568 internas,
1210 495 1282 555 alias

237 594 385 660 externae,
402 587 518 660 primas,
535 599 608 658 quae
623 581 813 642 conscientiae
830 585 940 638 tantum
955 578 1065 638 ambitu
1080 579 1279 652 eontinentur,

238 672 350 745 legibus
364 669 518 729 moralibus
532 668 617 740 dirigi
633 672 662 726 et
675 666 819 724 obiectum
833 679 896 722 esse
910 662 1057 721 coustituit
1071 663 1207 722 scientiae
1221 679 1279 721 mo

239 755 310 816 ralis
322 775 329 827 3
346 754 530 828 posteriores,
550 766 622 825 quae
638 751 668 808 in
682 749 790 815 mutuis
803 747 953 806 bominum
967 746 1152 805 relationibus
1166 762 1282 806 versan-

240 844 294 904 tur,
311 837 422 909 legibus
435 835 561 894 exterius
576 849 626 894 seu
641 833 772 892 civilibus
786 831 939 905 gubernari
953 834 1038 903 atque
1053 830 1197 888 obiectum
1210 830 1283 890 ioris

238 921 351 980 allicere
365 919 501 980 decernit.
518 919 550 976 tt
563 933 629 976 cnm
643 916 813 990 posteriores
832 915 886 972 bae
900 915 979 986 leges
992 913 1154 972 libertatem
1167 914 1284 972 restrin-

238 1008 315 1076 gant,
330 1018 402 1076 quac
416 1002 481 1075 plus
497 1017 587 1074 aequo
601 999 736 1071 restringi
749 1013 808 1057 non
821 997 914 1070 debet,
931 996 1143 1070 investigandas
1158 1011 1219 1056 esse
1234 997 1283 1055 ad·

238 1085 280 1144 dit
294 1085 469 1144 conditiones
483 1085 546 1143 illas
561 1084 736 1157 generalesa
749 1087 851 1140 natura
861 1081 1082 1155 pmliciscentes,
1093 1096 1217 1153 quarum
1226 1081 1285 1139 rir-

240 1175 299 1228 tute
313 1169 429 1227 libertas
444 1168 583 1240 cuiusque
598 1166 723 1226 bominis
737 1166 890 1223 consistere
904 1165 994 1238 possit
1011 1179 1078 1222 cum
1095 1164 1226 1222 libertato
1240 1179 1286 1223 ce

240 1259 375 1311 tenorum.
392 1251 422 1310 ld
436 1265 541 1310 munus
554 1250 689 1308 'attribuit
704 1248 899 1323 philosophiae
913 1248 994 1320 luris,
1006 1253 1090 1321 atquo
1105 1247 1169 1305 ideo
1183 1247 1285 1306 iusde·

241 1335 323 1394 linit:
340 1336 522 1410 comptmmn
537 1335 741 1394 conditionum
755 1333 863 1407 quibus
878 1331 996 1390 tibertus
1011 1332 1154 1405 cutesque
1167 1347 1236 1388 cum
1250 1331 1284 1389 ti·

240 1414 348 1473 bcrtote
360 1416 496 1474 monium
510 1415 662 1474 ootcictcre
671 1415 772 1488 possit.
791 1412 881 1479 Quam
894 1410 1103 1484 separationem
1117 1409 1189 1467 iuris
1203 1415 1284 1468 natu-

243 1498 312 1558 ralis
327 1514 344 1555 a
358 1498 459 1556 morali
474 1499 537 1571 plus
552 1498 648 1556 miuus
662 1500 821 1569 sequnntur
835 1500 863 1552 et
876 1498 1042 1568 promovent
1052 1494 1175 1551 fautores
1184 1507 1284 1552 omnes

244 1582 367 1640 recentis
382 1581 579 1639 rationalismi.
631 1580 634 1584 ’

276 1663 310 1722 Ut
324 1664 393 1737 qnid
406 1663 478 1722 mibi
494 1666 525 1722 in
540 1665 593 1721 bac
609 1663 730 1722 materia
754 1677 854 1721 verum
869 1662 997 1720 videatur
1011 1661 1123 1732 dicam,
1139 1661 1286 1730 inprimis

242 1763 336 1805 assero
351 1747 396 1804 ios
416 1752 534 1804 naturae
555 1747 591 1804 ab
612 1747 709 1804 ethica
728 1761 788 1804 non
808 1745 967 1804 necessario
986 1745 1121 1818 distingui
1141 1751 1284 1818 oportere3

243 1829 389 1888 commodo
404 1830 482 1888 enim
496 1835 590 1903 posset
605 1829 754 1902 utrimque
768 1835 967 1901 argumentum
982 1829 1018 1885 ad
1034 1843 1121 1886 unam
1136 1827 1286 1886 scientiam

241 1913 377 1985 revocari,
395 1927 468 1986 quae
482 1913 607 1970 morulis
626 1918 674 1971 aut
689 1913 737 1970 ius
753 1920 891 1983 acturae,
908 1921 1000 1984 prout,
1016 1911 1108 1984 magis
1123 1911 1224 1984 cuique
1243 1912 1287 1969 lu-

241 1999 299 2070 bct,
317 1997 488 2071 appelletur,
505 2003 657 2070 utrumque
672 1996 751 2054 euim
765 2010 870 2054 nomen
884 1996 936 2067 rei,
952 1996 987 2052 de
1001 2011 1058 2068 qua
1073 1995 1199 2068 agimus,
1216 1996 1286 2068 opti·

241 2096 287 2138 mo
302 2081 441 2154 congruit.
463 2080 573 2139 bloralis
595 2081 687 2152 enim,
704 2086 735 2138 ut
749 2080 844 2152 ipsum
863 2079 963 2136 suadet
986 2077 1170 2150 vocabulum,
1191 2094 1287 2138 moros
1357 2097 1364 2108 ’

242 2165 367 2222 bominis
382 2165 615 2238 contemplandos
630 2178 663 2222 sc
679 2162 843 2235 dirigendos
869 2162 997 2220 assumit.
1016 2161 1067 2228 Qui
1083 2169 1158 2220 certe
1172 2177 1229 2220 nou
1244 2163 1288 2220 in·

242 2248 377 2305 dividuali
394 2253 505 2304 tantum
528 2248 637 2306 ambitu
653 2247 852 2317 continentur,
870 2246 921 2303 sed
937 2245 972 2303 ad
987 2245 1121 2304 socialem
1136 2247 1221 2305 etiam
1242 2261 1288 2304 or·

243 2330 340 2388 dinem
354 2331 530 2402 reloruntur3
543 2345 597 2388 nec
607 2330 728 2388 internis
740 2334 850 2386 tantum
860 2328 1021 2386 actionibus
1035 2344 1066 2386 se
1077 2329 1222 2396 cobibeut,
1237 2329 1288 2387 sed

243 2411 309 2471 cum
323 2413 450 2471 camonis
465 2419 542 2471 arcto
559 2414 672 2472 vinculo
687 2412 867 2484 colligantur.
882 2412 973 2480 Quare
988 2427 1110 2484 pronum
1124 2419 1169 2471 est
1182 2419 1214 2471 ut
1227 2428 1288 2472 mo

246 2497 327 2568 ralis,
343 2497 373 2555 in
391 2501 448 2555 tota
462 2511 514 2554 sua
533 2498 721 2570 amplItudiue
735 2496 929 2568 considerata,
946 2501 1221 2570 utramquepartem
1239 2497 1289 2556 bo

243 2580 330 2638 minis
346 2579 562 2654 complectatur,
580 2585 664 2654 atque
679 2580 744 2637 ideo
760 2579 905 2637 obiectum
926 2578 1025 2650 etiam,
1043 2579 1119 2652 quod
1140 2580 1172 2638 in
1186 2580 1289 2653 quavis

244 2663 378 2736 opinione
392 2664 449 2723 iuri
463 2669 581 2723 nabuae
593 2665 663 2722 solet
674 2663 771 2735 tribui,
782 2664 859 2736 adse
868 2679 926 2722 non
936 2663 1155 2735 incongruenter
1162 2671 1286 2723 revocet.

243 2747 319 2805 ldem
335 2747 393 2804 iore
407 2747 601 2820 contingeret,
619 2747 643 2805 si
658 2746 729 2804 baec
742 2747 861 2805 scientia
875 2762 933 2805 non
946 2747 1061 2805 moralis
1075 2747 1124 2804 sed
1137 2747 1184 2803 ius
1204 2751 1290 2806 natu·

246 2845 295 2888 rae
311 2829 368 2888 dici
382 2831 474 2888 vellet.
495 2831 573 2888 lunc
594 2830 671 2888 enim
686 2830 865 2903 quaestiones
884 2845 957 2904 qnae
977 2828 1162 2894 communiter
1183 2830 1303 2905 morali⁴¹

245 2913 433 2986 applicantur,
444 2913 535 2970 adius
550 2919 668 2971 naturae
680 2913 764 2971 lacile
773 2914 989 2971 reducerentur.
1000 2914 1069 2971 llam
1080 2911 1125 2969 ius
1134 2927 1152 2968 a
1161 2911 1289 2970 iubendo

245 2996 341 3067 legem
365 2995 496 3066 primitus
511 2996 673 3068 siguificare
684 2997 778 3054 visum
789 3003 845 3068 est,
857 3012 913 3068 quo
923 3011 1009 3054 sensu
1024 2996 1109 3053 etiam
1124 3010 1202 3052 nnnc
1213 2995 1290 3052 dice-

246 3093 277 3136 re
293 3079 426 3150 solemus,
439 3081 487 3137 tus
497 3080 589 3152 civile,
602 3079 645 3138 vel
656 3081 704 3138 tus
719 3082 895 3138 canonicum
909 3081 945 3138 ad
959 3081 1136 3138 innuendam
1150 3079 1291 3138 collectio

188 3177 191 3184 ’
247 3176 314 3219 nom
328 3162 424 3232 logum
439 3163 567 3220 civilium
582 3170 630 3221 aut
644 3164 912 3221 ecclesiasticarum.
936 3163 1041 3221 Deinde
1060 3164 1156 3236 alege
1179 3163 1215 3220 ad
1233 3162 1292 3220 alia

245 3245 440 3318 significanda,
451 3261 523 3318 quae
534 3262 599 3304 cum
609 3245 671 3320 lege
681 3247 850 3304 allinitatem
859 3248 1012 3320 quamdam
1022 3247 1139 3318 babent,
1150 3247 1292 3304 detortum

246 3335 289 3387 est
304 3331 329 3386 l.
347 3328 392 3386 Sic
407 3329 497 3402 accipi
513 3330 583 3388 solet
597 3331 632 3387 ad
647 3331 763 3388 iustum
777 3329 873 3390 stricte
887 3336 1036 3404 acceptum
1049 3328 1289 3404 exprimendum,

291 3525 301 3568 l
321 3525 378 3570 llaec
398 3523 527 3586 etymologia
542 3527 610 3586 magis
625 3527 730 3588 probatur
749 3529 823 3573 (trotio
839 3531 874 3584 (de
888 3531 943 3574 iure
958 3531 1013 3574 tetta·
1027 3534 1049 3574 et
1061 3530 1136 3587 pacis)
1150 3563 1157 3581 ‚
1173 3541 1238 3588 mam
1255 3526 1295 3573 illa

245 3614 300 3658 quoe
315 3614 327 3644 a
342 3599 462 3660 Chrysippo
477 3605 499 3644 et
513 3601 589 3646 Stoicis
604 3617 628 3646 er
647 3605 701 3648 Ioue
719 3603 865 3648 derivabatur.
884 3605 939 3648 Nam
958 3606 998 3649 itta
1012 3602 1179 3648 obtruncatione
1198 3601 1296 3662 qnadm

247 3687 271 3716 ex
287 3687 339 3719 voco
353 3676 444 3721 iussam
458 3675 573 3720 lor-mutum
588 3676 692 3738 videtur,
708 3677 765 3722 sieut
777 3693 802 3723 ar
817 3692 893 3725 aarum
914 3679 996 3724 facturn
1010 3683 1043 3726 est
1057 3691 1089 3724 oa.
1111 3677 1197 3722 luasuru
1220 3682 1296 3721 autem

247 3744 270 3788 in
288 3747 388 3792 societate
407 3754 440 3793 est
458 3749 508 3810 le15
525 3765 591 3811 quare
606 3753 645 3798 itta
659 3751 761 3812 primitus
781 3755 850 3812 legem
870 3752 1004 3813 significasse
1025 3752 1119 3800 ridetur.
1138 3753 1232 3797 Porrus
1248 3751 1299 3796 iure

240 3819 353 3883 ‘lautum
369 3827 433 3885 atque
447 3839 472 3872 ex
488 3825 545 3872 iusto
559 3827 653 3875 tortitia
669 3827 781 3876 nominata
795 3833 843 3890 eat3
860 3843 916 3890 quae
930 3827 1019 3891 quidem
1035 3827 1119 3890 duplici
1132 3825 1299 3888 signification·
