2767 4492
550 319 607 366 sou
621 317 803 368 onrohocru
1114 343 1118 354 ‹
1145 307 1196 388 iii

149 409 238 470 nono
247 408 317 483 effici
332 408 443 483 absque
458 419 560 467 causa.
576 406 636 464 iam
649 421 719 464 vero
733 421 791 465 esse
804 419 863 465 non
878 411 921 466 εει
935 408 1011 467 idern
1026 408 1102 484 quod
1117 411 1198 486 effici.

150 483 228 555 Deus
241 495 318 554 enim
333 499 384 566 est,
405 493 456 552 sed
470 492 590 551 minime
605 492 746 564 etiicitrrr3
761 492 902 566 siquidem
915 495 987 568 affici
1004 495 1139 569 importat
1152 512 1200 555 nn·

153 582 269 641 vitatam
285 579 437 651 exhteudi,
455 593 507 637 seu
522 578 674 635 transitum
688 591 707 634 a
721 591 779 635 nou
793 578 945 637 existentia
954 580 990 636 ad
1005 579 1197 642 existentiam.

150 667 277 739 Itemque
292 665 371 722 ratio
381 663 525 736 miliciam
539 677 598 720 nou
608 666 651 720 est
665 661 743 720 idem
753 663 830 735 quod
844 679 948 734 conseq
963 663 1013 722 iila
1022 666 1100 724 enim
1115 667 1199 726 latius

150 755 236 825 patet,
249 765 284 808 ac
294 748 451 822 generatim
461 746 602 820 siguificat
611 746 641 804 id
650 746 726 804 unde
742 751 793 819 est,
805 751 836 805 ut
846 747 953 821 aliquid
962 749 1000 807 sit
1008 750 1101 824 potius
1111 768 1199 827 quam

150 835 268 906 nonsit,
280 847 367 892 causa
385 837 481 891 autem
494 831 592 890 miuus
605 836 744 904 ragatm,
761 834 789 888 et
804 831 944 904 signifieat
959 849 1046 906 agens
1066 836 1196 911 aliquod,

150 919 226 993 quod
239 919 283 977 rei
298 931 359 984 ase
375 916 524 976 distinctae
538 915 720 975 existentiam
734 916 872 990 producit.
889 917 979 984 Quare
990 919 1043 978 etsi
1061 920 1199 995 quidquid

149 1017 256 1062 causae
270 1002 416 1060 uodonem
429 1002 533 1074 habet,
549 1001 626 1060 idern
641 1000 775 1059 continno
794 1005 837 1058 est
850 999 936 1060 etiam
952 1003 1023 1062 ratio
1038 1005 1197 1077 sufficiens3

148 1104 210 1148 non
225 1091 320 1146 tamen
334 1092 440 1154 eontra,
462 1086 601 1160 quidquid
615 1091 659 1144 est
672 1086 745 1143 ratio
759 1085 905 1145 subiciens
915 1087 990 1146 idem
1000 1089 1134 1150 continuo
1149 1089 1198 1148 ha·

148 1173 199 1231 bet
212 1173 357 1232 notionem
372 1187 485 1231 causae.
509 1171 554 1230 Sic
572 1171 678 1244 optime
692 1170 797 1229 dieitur
811 1171 885 1229 Deus
904 1173 959 1230 sibi
980 1176 1128 1234 asseratis
1143 1177 1199 1234 sui-

150 1257 251 1315 fieiens
269 1271 320 1314 cur
333 1255 452 1327 existat,
470 1260 499 1313 at
512 1255 632 1312 minime
647 1254 717 1312 dicit
729 1259 824 1328 posset
839 1255 911 1313 Deus
926 1271 987 1314 esse
1006 1259 1200 1334 suimetipsius

149 1355 246 1400 causa.
267 1341 355 1412 Atque
369 1339 442 1396 haec
456 1339 492 1394 ad
507 1338 670 1395 distinctam
687 1337 773 1396 huius
792 1338 869 1397 effati
890 1341 1034 1399 notionem
1053 1345 1198 1417 explieau·

149 1425 219 1483 dam
233 1424 310 1482 dieta
324 1423 394 1481 sint:
410 1422 495 1480 modo
509 1422 572 1480 eius
586 1423 645 1480 vim
659 1421 696 1479 ab
712 1421 922 1482 adversantium
936 1425 1083 1486 conatibus
1103 1429 1198 1486 deien-

150 1509 263 1568 damus.
660 1539 664 1546 ·

186 1593 232 1650 77.
250 1593 328 1661 Quod
348 1593 396 1650 rix
410 1593 486 1650 credi
501 1596 604 1666 posset,
626 1606 682 1651 uon
697 1592 849 1652 defuemnt
863 1594 1002 1668 homiues,
1019 1599 1068 1671 qui
1082 1599 1199 1659 effatum
1242 1633 1247 1640 ·

151 1678 221 1737 adeo
236 1677 419 1752 perspicuum
433 1675 583 1734 debititare
590 1691 624 1734 ac
633 1677 770 1737 demedio
777 1691 893 1752 prorsus
902 1679 1007 1753 pellere
1017 1685 1111 1742 conati
1122 1692 1197 1744 suot.

150 1763 242 1822 liume
257 1764 285 1820 io
302 1761 403 1835 primis
422 1760 596 1844 causalitatis
611 1761 784 1835 principium
799 1763 866 1821 inde
876 1764 996 1838 impetit,
1006 1767 1079 1839 quod
1091 1783 1199 1841 germa-

153 1859 220 1905 nam
239 1846 384 1904 rohonem
399 1859 502 1904 causae
516 1844 553 1903 ab
573 1849 668 1903 animo
687 1844 812 1904 obtineri
827 1862 885 1905 non
900 1863 982 1921 posse
997 1850 1081 1910 dieat.
1099 1852 1201 1912 Vemm

149 1931 227 1989 hunc
239 1930 422 2004 praecedenti
436 1930 528 2003 eapite
543 1929 741 2002 refutavimus,
759 1929 810 1988 ubi
819 1931 854 1989 de
864 1947 967 1990 causae
977 1934 1126 1995 efficientis
1134 1953 1198 1997 eon·

150 2021 232 2090 eeptu
249 2015 445 2073 disseruimus.
457 2015 489 2072 in
504 2029 649 2088 praesens,
666 2013 803 2087 quidquid
819 2015 856 2074 sit
870 2016 905 2074 de
920 2017 1006 2090 toute,
1023 2021 1098 2079 uude
1120 2023 1197 2080 notio

151 2099 223 2158 haec
246 2099 383 2172 dimanat,
400 2113 463 2157 eam
473 2097 558 2156 nobis
573 2099 721 2156 evidenter
735 2097 834 2157 inesse
844 2099 976 2174 sufisiae
994 2105 1068 2177 quod
1083 2106 1198 2178 quidem

133 2211 137 2216 -
153 2183 312 2244 cummunis
327 2185 500 2243 couscientia
515 2187 642 2242 testatur.
660 2185 783 2256 Quisque
799 2184 877 2243 enim
891 2187 995 2259 optime
1006 2191 1090 2248 sentit
1099 2207 1129 2249 se
1144 2191 1197 2250 hoo

148 2269 286 2328 iudicium
300 2277 397 2328 mente
411 2270 538 2343 proferre
553 2273 637 2340 atque
651 2268 687 2326 ad
702 2283 769 2326 suas
784 2269 907 2328 actiones
928 2274 1125 2346 temperandas
1150 2275 1197 2333 ad-

150 2351 260 2413 hibere.

188 2438 280 2497 Potius
295 2455 360 2498 cum
372 2439 427 2498 alio
442 2439 522 2498 hoste
538 2438 779 2512 congrediendum
794 2445 846 2513 est,
863 2441 911 2514 qui
922 2441 1052 2500 intimam
1063 2443 1197 2518 principii

152 2523 323 2582 causalitatis
338 2524 396 2582 rim
411 2528 440 2582 et
454 2523 652 2582 certitudinem
659 2529 785 2582 evertere
796 2525 923 2583 tentavit.
937 2525 987 2583 Hie
998 2531 1040 2583 est
1050 2525 1193 2602 Beguelin,

151 2606 200 2679 qui
214 2607 244 2666 in
258 2609 328 2666 actis
342 2609 509 2668 Academiae
525 2609 713 2667 Bemlineusis
730 2609 903 2683 principium
920 2609 1102 2686 causalitatis,
1120 2616 1195 2687 qued

149 2703 215 2749 cum
229 2692 368 2766 principio
389 2693 506 2751 rationis
521 2693 839 2765 sufficientis'perpetuo
854 2693 1009 2767 confundit,
1036 2700 1132 2770 utpote
1147 2697 1194 2756 ob·

149 2789 265 2834 scurum
289 2783 373 2850 atque
391 2776 640 2835 demonstrationis
653 2777 787 2848 incapax,
804 2776 944 2834 incertum
960 2793 1022 2836 esse
1037 2781 1190 2838 contendit.

148 2859 237 2934 htque
252 2861 320 2919 hinc
333 2861 514 2920 constabilire
527 2861 640 2932 nititur,
653 2859 755 2917 saitem
767 2865 800 2916 ut
814 2859 988 2932 possibilem,
1014 2861 1194 2935 hypothesim

145 2945 285 3016 fortunae
310 2943 353 3000 rei
376 2959 461 3001 eorus
477 2945 533 3016 (du
554 2943 698 3014 hazardi3
717 2957 772 3014 que
792 2943 907 3000 nomine
922 2944 1055 3016 iutelligit
1069 2947 1194 3006 existen-

148 3028 220 3086 tiam
234 3028 279 3084 rel
294 3032 427 3084 eventum
441 3027 579 3098 aliquem,
594 3027 643 3098 qui
658 3029 793 3096 exsurgat
807 3025 868 3083 sine
883 3027 941 3084 ulla
956 3041 1041 3086 causa
1057 3039 1081 3087 t.
1104 3031 1136 3090 L't
1150 3047 1193 3090 cr-

147 3111 246 3169 ὤεειε
260 3109 455 3185 precedamus,
467 3111 592 3184 primum
606 3108 755 3166 veritatem
769 3110 902 3185 principii
917 3113 1090 3174 causalitatis
1102 3115 1191 3176 tuebi-

149 3211 231 3265 mur,
249 3194 352 3253 deinde
367 3193 523 3252 adversarii
540 3193 665 3267 argutias
680 3192 876 3254 dissolvemus.

184 3281 230 3341 78.
247 3279 280 3338 Et
293 3279 330 3338 ad
344 3278 470 3354 primum
488 3277 563 3353 quod
582 3276 696 3351 attinet,
712 3293 758 3337 res
776 3279 846 3339 adeo
864 3281 1041 3358 inpromptu
1056 3287 1193 3361 etexpto·

147 3372 210 3427 rata
224 3371 276 3439 est,
288 3372 321 3423 ut
335 3365 448 3424 nonnisi
463 3363 588 3423 hominis
603 3362 826 3438 pervicacissimi
841 3367 984 3426 temeritas
998 3368 1032 3426 od
1048 3369 1193 3443 disputan-

148 3453 217 3511 dum
231 3467 284 3510 nos
302 3450 406 3524 adigat.
430 3449 580 3510 Enimvero
599 3450 663 3526 quis
679 3455 736 3509 tam
755 3466 824 3510 suae
842 3451 960 3511 rationis
974 3457 1017 3511 est
1031 3454 1143 3529 impos,
1160 3462 1191 3515 ut

148 3536 305 3612 explicatisx
315 3535 511 3609 perceptisque
532 3533 679 3609 terminis,
702 3535 805 3610 quihus
825 3537 999 3610 principium
1020 3539 1192 3602 causalitatis

149 3625 310 3695 consutos
325 3619 361 3688 de
374 3618 436 3679 eius
450 3620 568 3680 veritate
582 3619 712 3680 dubitare
722 3619 796 3681 serio
810 3621 946 3682 affirmet?
960 3621 1126 3698 opinabitur
1139 3625 1191 3700 igi·

194 3818 204 3863 r
224 3796 353 3868 marium
368 3820 454 3883 epigr·
467 3819 559 3867 casus
574 3819 714 3868 umus:
733 3822 867 3882 repexam
881 3834 925 3868 aar
939 3835 974 3868 aa
988 3826 1097 3874 semare
1112 3824 1141 3872 a
1156 3823 1189 3870 rr.

146 3893 260 3954 Enteiis
275 3911 362 3946 macer.
381 3897 403 3945 te
415 3897 527 3957 principe
542 3895 569 3945 de
586 3897 610 3945 to
625 3898 707 3946 reiron
721 3897 846 3959 mpetum
864 3895 889 3945 Τ.
908 3895 922 3946 i
938 3913 1038 3961 operiam,
